{"gold_per_floor":[113,113,132,132,207,207,225,225,252,252,19,36,52,82,82,178,178,190,190,41,56,56,56,70,97,171,196,46,62,62,81,81,176,176,188,205,205,223,61,61,81,135,135,135,170,187,197,197,197,197],"floor_reached":50,"playtime":2934,"items_purged":["Strike_R","Defend_R","Defend_R"],"score":492,"play_id":"25c8b3f2-6676-408a-9e68-2f4b0ecde32e","local_time":"20190914150442","is_ascension_mode":false,"campfire_choices":[{"data":"Rampage","floor":6.0,"key":"SMITH"},{"data":"Bash","floor":8.0,"key":"SMITH"},{"data":"Headbutt","floor":10.0,"key":"SMITH"},{"data":"True Grit","floor":15.0,"key":"SMITH"},{"data":"Immolate","floor":23.0,"key":"SMITH"},{"data":"Demon Form","floor":30.0,"key":"SMITH"},{"data":"True Grit","floor":32.0,"key":"SMITH"},{"data":"Flash of Steel","floor":40.0,"key":"SMITH"},{"data":"Headbutt","floor":44.0,"key":"SMITH"},{"data":"Iron Wave","floor":49,"key":"SMITH"}],"neow_cost":"NONE","seed_source_timestamp":0,"circlet_count":0,"master_deck":["Strike_R+1","Strike_R+1","Defend_R","Bash+1","Flex","Rampage+1","Headbutt+1","Demon Form+1","True Grit+1","Pommel Strike+1","Immolate+1","Battle Trance","Headbutt+1","True Grit+1","Iron Wave+1","Shrug It Off+1","Armaments+1","Ghostly Armor+1","Shrug It Off+1","Flash of Steel+1","Spot Weakness+1","Doubt"],"special_seed":0,"relics":["Burning Blood","Whetstone","Pantograph","Velvet Choker","Red Mask","Toxic Egg 2","Kunai","Mark of Pain","StoneCalendar","Question Card","Singing Bowl"],"potions_floor_usage":[46,50],"damage_taken":[{"damage":10.0,"enemies":"Small Slimes","floor":1.0,"turns":4.0},{"damage":1.0,"enemies":"Jaw Worm","floor":3.0,"turns":4.0},{"damage":2.0,"enemies":"2 Louse","floor":7.0,"turns":3.0},{"damage":8.0,"enemies":"Exordium Wildlife","floor":12.0,"turns":5.0},{"damage":8.0,"enemies":"Gremlin Gang","floor":13.0,"turns":4.0},{"damage":24.0,"enemies":"Lagavulin","floor":14.0,"turns":5.0},{"damage":21.0,"enemies":"Hexaghost","floor":16.0,"turns":7.0},{"damage":2.0,"enemies":"Chosen","floor":18.0,"turns":4.0},{"damage":10.0,"enemies":"3 Byrds","floor":21.0,"turns":3.0},{"damage":11.0,"enemies":"Snecko","floor":24.0,"turns":4.0},{"damage":10.0,"enemies":"Masked Bandits","floor":25.0,"turns":2.0},{"damage":22.0,"enemies":"Slavers","floor":27.0,"turns":3.0},{"damage":7.0,"enemies":"Centurion and Healer","floor":29.0,"turns":3.0},{"damage":10.0,"enemies":"Snake Plant","floor":31.0,"turns":4.0},{"damage":43.0,"enemies":"Automaton","floor":33.0,"turns":8.0},{"damage":1.0,"enemies":"3 Shapes","floor":35.0,"turns":3.0},{"damage":0.0,"enemies":"Orb Walker","floor":36.0,"turns":3.0},{"damage":4.0,"enemies":"Transient","floor":38.0,"turns":5.0},{"damage":10.0,"enemies":"Writhing Mass","floor":41.0,"turns":5.0},{"damage":17.0,"enemies":"2 Orb Walkers","floor":42.0,"turns":5.0},{"damage":36.0,"enemies":"Nemesis","floor":45.0,"turns":7.0},{"damage":31,"enemies":"Maw","floor":46,"turns":6},{"damage":0,"enemies":"4 Shapes","floor":47,"turns":4},{"damage":92,"enemies":"Time Eater","floor":50,"turns":9}],"seed_played":"8913521411553639157","potions_obtained":[{"floor":3.0,"key":"Block Potion"},{"floor":13.0,"key":"Regen Potion"},{"floor":14.0,"key":"Explosive Potion"},{"floor":18.0,"key":"Energy Potion"},{"floor":27.0,"key":"Poison Potion"},{"floor":29.0,"key":"Fire Potion"},{"floor":33.0,"key":"Block Potion"},{"floor":36.0,"key":"Explosive Potion"},{"floor":42.0,"key":"Swift Potion"}],"is_trial":false,"path_per_floor":["M","?","M","?","?","R","M","R","T","R","$","M","M","E","R","B",null,"M","?","$","M","$","R","M","?","T","E","$","M","R","M","R","B",null,"M","M","?","M","$","R","M","?","T","R","E","M","M","?","R","B"],"character_chosen":"IRONCLAD","items_purchased":["Demon Form","True Grit","True Grit","Armaments+1","Flash of Steel","Spot Weakness+1"],"campfire_rested":0,"item_purchase_floors":[11,11,20,28,39,39],"current_hp_per_floor":[76,69,74,74,63,63,67,67,67,67,67,65,63,45,45,55,80,80,80,80,76,76,76,71,67,67,56,56,55,55,51,51,39,80,80,80,80,80,80,80,76,65,65,65,37,14,22,86,86,0],"gold":197,"neow_bonus":"TRANSFORM_CARD","is_prod":false,"is_daily":false,"chose_seed":false,"campfire_upgraded":10,"win_rate":0,"timestamp":1568487882,"path_taken":["M","?","M","?","?","R","M","R","T","R","$","M","M","E","R","BOSS","M","?","$","M","$","R","?","?","T","E","$","M","R","M","R","BOSS","M","M","?","M","$","R","?","?","T","R","E","M","M","?","R","BOSS"],"build_version":"2019-07-17","purchased_purges":3,"victory":false,"max_hp_per_floor":[80,80,80,80,80,80,80,80,80,80,80,80,80,80,80,80,80,80,80,80,80,80,80,80,80,80,80,80,80,80,80,80,80,80,80,80,80,80,80,80,80,80,80,80,82,84,86,86,86,86],"card_choices":[{"not_picked":["Body Slam","Anger","Dual Wield"],"picked":"SKIP","floor":1.0},{"not_picked":["Intimidate","Fire Breathing"],"picked":"Rampage","floor":3.0},{"not_picked":["Clash","Thunderclap"],"picked":"Headbutt","floor":7.0},{"not_picked":["Sever Soul","Wild Strike","True Grit"],"picked":"SKIP","floor":12.0},{"not_picked":["Burning Pact","Heavy Blade"],"picked":"Pommel Strike","floor":13.0},{"not_picked":["Twin Strike","Wild Strike","Havoc"],"picked":"SKIP","floor":14.0},{"not_picked":["Feed","Juggernaut"],"picked":"Immolate","floor":16.0},{"not_picked":["Disarm","Armaments"],"picked":"Battle Trance","floor":18.0},{"not_picked":["Second Wind+1","Pommel Strike"],"picked":"Iron Wave","floor":21.0},{"not_picked":["Wild Strike","Sentinel","Armaments"],"picked":"SKIP","floor":24.0},{"not_picked":["Reckless Charge","Rage+1"],"picked":"Shrug It Off+1","floor":27.0},{"not_picked":["Wild Strike","Corruption"],"picked":"Ghostly Armor+1","floor":29.0},{"not_picked":["Pommel Strike","Clothesline","Flame Barrier+1"],"picked":"SKIP","floor":31.0},{"not_picked":["Sword Boomerang","Second Wind+1"],"picked":"Shrug It Off+1","floor":35.0},{"not_picked":["Dual Wield+1","Perfected Strike","Armaments+1"],"picked":"SKIP","floor":36.0},{"not_picked":["Perfected Strike","Combust","Corruption+1"],"picked":"SKIP","floor":38.0},{"not_picked":["True Grit+1","Clothesline+1","Perfected Strike"],"picked":"SKIP","floor":41.0},{"not_picked":["Perfected Strike","Carnage+1","Pommel Strike","Uppercut"],"picked":"Singing Bowl","floor":45},{"not_picked":["Feel No Pain","Shockwave+1","Dropkick+1","Rage+1"],"picked":"Singing Bowl","floor":46},{"not_picked":["Thunderclap+1","True Grit+1","Clothesline+1","Armaments+1"],"picked":"Singing Bowl","floor":47}],"player_experience":162848,"relics_obtained":[{"floor":9.0,"key":"Whetstone"},{"floor":14.0,"key":"Pantograph"},{"floor":25.0,"key":"Red Mask"},{"floor":26.0,"key":"Toxic Egg 2"},{"floor":27.0,"key":"Kunai"},{"floor":42.0,"key":"StoneCalendar"},{"floor":43.0,"key":"Question Card"},{"floor":45,"key":"Singing Bowl"}],"event_choices":[{"cards_removed":["Defend_R"],"damage_healed":0.0,"max_hp_gain":0.0,"max_hp_loss":0.0,"gold_gain":0.0,"event_name":"Golden Wing","player_choice":"Card Removal","floor":2.0,"gold_loss":0.0,"damage_taken":7.0},{"damage_healed":0.0,"max_hp_gain":0.0,"max_hp_loss":0.0,"gold_gain":0.0,"event_name":"Liars Game","player_choice":"Ignored","floor":4.0,"gold_loss":0.0,"damage_taken":0.0},{"damage_healed":0.0,"max_hp_gain":0.0,"max_hp_loss":0.0,"gold_gain":75.0,"event_name":"World of Goop","player_choice":"Gather Gold","floor":5.0,"gold_loss":0.0,"damage_taken":11.0},{"damage_healed":0.0,"max_hp_gain":0.0,"max_hp_loss":0.0,"gold_gain":0.0,"cards_transformed":["Strike_R"],"event_name":"Transmorgrifier","player_choice":"Transformed","floor":19.0,"gold_loss":0.0,"damage_taken":0.0,"cards_obtained":["Headbutt"]},{"damage_healed":0.0,"max_hp_gain":0.0,"max_hp_loss":0.0,"gold_gain":0.0,"event_name":"Masked Bandits","player_choice":"Fought Bandits","floor":25.0,"gold_loss":0.0,"damage_taken":0.0},{"damage_healed":0.0,"max_hp_gain":0.0,"max_hp_loss":0.0,"gold_gain":0.0,"event_name":"Upgrade Shrine","player_choice":"Upgraded","floor":37.0,"gold_loss":0.0,"damage_taken":0.0,"cards_upgraded":["Pommel Strike"]},{"damage_healed":0.0,"max_hp_gain":0.0,"max_hp_loss":0.0,"gold_gain":0.0,"event_name":"Mysterious Sphere","player_choice":"Fight","floor":42.0,"gold_loss":0.0,"damage_taken":0.0},{"damage_healed":64,"gold_gain":0,"player_choice":"Heal","damage_taken":0,"max_hp_gain":0,"max_hp_loss":0,"event_name":"MindBloom","floor":48,"gold_loss":0,"cards_obtained":["Doubt"]}],"is_beta":false,"boss_relics":[{"not_picked":["Fusion Hammer","Pandora\u0027s Box"],"picked":"Velvet Choker"},{"not_picked":["Runic Dome","Calling Bell"],"picked":"Mark of Pain"}],"items_purged_floors":[11,20,28],"is_endless":false,"potions_floor_spawned":[3,13,14,18,21,27,29,33,35,36,41,42],"killed_by":"Time Eater","ascension_level":0}