{"gold_per_floor":[109,124,138,138,438,438,458,470,540,540,48,63,80,27,27,105,105,121,1],"floor_reached":19,"playtime":615,"items_purged":[],"score":306,"play_id":"b9e003b1-be57-4fb0-a62f-95297ef714f2","local_time":"20191005182352","is_ascension_mode":true,"campfire_choices":[{"data":"Go for the Eyes","floor":6,"key":"SMITH"},{"floor":10,"key":"REST"},{"floor":15,"key":"REST"}],"neow_cost":"NONE","seed_source_timestamp":82822646166900,"circlet_count":0,"master_deck":["AscendersBane","Strike_B","Strike_B","Strike_B","Strike_B","Defend_B","Defend_B","Defend_B","Defend_B","Zap","Dualcast","Go for the Eyes+1","Melter","White Noise","Coolheaded","Cold Snap","Capacitor","Coolheaded","Barrage","Hologram","Cold Snap","Electrodynamics","Defragment"],"relics":["Cracked Core","Bag of Marbles","Old Coin","Shuriken","Runic Capacitor","Ancient Tea Set","Busted Crown"],"potions_floor_usage":[16,16],"damage_taken":[{"damage":2,"enemies":"Cultist","floor":1,"turns":4},{"damage":2,"enemies":"Small Slimes","floor":2,"turns":3},{"damage":0,"enemies":"Jaw Worm","floor":3,"turns":1},{"damage":18,"enemies":"Large Slime","floor":7,"turns":6},{"damage":17,"enemies":"Looter","floor":8,"turns":3},{"damage":20,"enemies":"Lots of Slimes","floor":12,"turns":3},{"damage":12,"enemies":"Red Slaver","floor":13,"turns":4},{"damage":22,"enemies":"Slime Boss","floor":16,"turns":12},{"damage":21,"enemies":"Shell Parasite","floor":18,"turns":5},{"damage":40,"enemies":"2 Thieves","floor":19,"turns":3}],"seed_played":"3169769239925542485","potions_obtained":[{"floor":2,"key":"Ancient Potion"},{"floor":7,"key":"Block Potion"},{"floor":18,"key":"Dexterity Potion"}],"is_trial":false,"path_per_floor":["M","M","M","?","?","R","M","M","T","R","$","M","M","$","R","B",null,"M","M"],"character_chosen":"DEFECT","items_purchased":["Runic Capacitor","Capacitor","Coolheaded","Ancient Tea Set","Cold Snap"],"campfire_rested":2,"item_purchase_floors":[11,11,11,11,14],"current_hp_per_floor":[62,60,60,65,60,60,42,25,25,47,47,27,15,15,37,15,61,40,0],"gold":1,"neow_bonus":"RANDOM_COMMON_RELIC","is_prod":false,"is_daily":false,"chose_seed":false,"campfire_upgraded":1,"win_rate":0,"timestamp":1570325032,"path_taken":["M","?","M","?","?","R","M","M","T","R","$","M","M","$","R","BOSS","M","M"],"build_version":"2019-07-17","purchased_purges":0,"victory":false,"max_hp_per_floor":[71,71,71,76,76,76,76,76,76,76,76,76,76,76,76,76,76,76,76],"card_choices":[{"not_picked":["Streamline","Compile Driver"],"picked":"Go for the Eyes","floor":1},{"not_picked":["Undo","Streamline"],"picked":"Melter","floor":2},{"not_picked":["Hello World","Scrape"],"picked":"White Noise","floor":3},{"not_picked":["Steam Power","Doom and Gloom"],"picked":"Coolheaded","floor":7},{"not_picked":["Recycle","Streamline"],"picked":"Cold Snap","floor":8},{"not_picked":["Ball Lightning","Streamline"],"picked":"Barrage","floor":12},{"not_picked":["White Noise","Sweeping Beam"],"picked":"Hologram","floor":13},{"not_picked":["Creative AI","Seek"],"picked":"Electrodynamics","floor":16},{"not_picked":[],"picked":"Defragment","floor":18}],"player_experience":675409,"relics_obtained":[{"floor":9,"key":"Shuriken"}],"event_choices":[{"damage_healed":0,"gold_gain":0,"player_choice":"Donut","damage_taken":0,"max_hp_gain":5,"max_hp_loss":0,"event_name":"Big Fish","floor":4,"gold_loss":0},{"damage_healed":0,"gold_gain":0,"player_choice":"Success","damage_taken":5,"relics_obtained":["Old Coin"],"max_hp_gain":0,"max_hp_loss":0,"event_name":"Scrap Ooze","floor":5,"gold_loss":0}],"is_beta":false,"boss_relics":[{"not_picked":["Philosopher\u0027s Stone","White Beast Statue"],"picked":"Busted Crown"}],"items_purged_floors":[],"is_endless":false,"potions_floor_spawned":[2,7,12,18],"killed_by":"2 Thieves","ascension_level":18}