{"gold_per_floor":[114,130,10,24,37,70,83,83,140,155,155,155,174,192,192,192],"floor_reached":16,"playtime":1058,"items_purged":["Strike_G"],"score":106,"play_id":"9e5e943c-08a7-430b-a976-e5e101b60bc1","local_time":"20190907005513","is_ascension_mode":false,"campfire_choices":[{"floor":8,"key":"REST"},{"data":"Backflip","floor":11,"key":"SMITH"},{"floor":15,"key":"REST"}],"neow_cost":"NONE","seed_source_timestamp":483036909240800,"circlet_count":0,"master_deck":["Strike_G","Strike_G","Strike_G","Strike_G","Defend_G","Defend_G","Defend_G","Defend_G","Survivor","Neutralize","Backflip+1","Dagger Spray","Outmaneuver","Unload","Quick Slash","Finisher","Backflip"],"relics":["Ring of the Snake","Question Card","Tiny Chest"],"potions_floor_usage":[5,16],"damage_taken":[{"damage":2,"enemies":"Small Slimes","floor":1,"turns":3},{"damage":1,"enemies":"Cultist","floor":2,"turns":3},{"damage":1,"enemies":"2 Louse","floor":4,"turns":4},{"damage":17,"enemies":"Large Slime","floor":5,"turns":8},{"damage":33,"enemies":"Gremlin Nob","floor":6,"turns":5},{"damage":3,"enemies":"2 Fungi Beasts","floor":7,"turns":3},{"damage":4,"enemies":"Exordium Thugs","floor":10,"turns":4},{"damage":1,"enemies":"3 Louse","floor":13,"turns":3},{"damage":8,"enemies":"Large Slime","floor":14,"turns":5},{"damage":43,"enemies":"Slime Boss","floor":16,"turns":6}],"seed_played":"1110209296316654866","potions_obtained":[{"floor":2,"key":"Ancient Potion"},{"floor":4,"key":"GhostInAJar"},{"floor":10,"key":"GamblersBrew"},{"floor":13,"key":"PowerPotion"}],"is_trial":false,"path_per_floor":["M","M","$","M","M","E","M","R","T","M","R","?","M","M","R","B"],"character_chosen":"THE_SILENT","items_purchased":["Outmaneuver"],"campfire_rested":2,"item_purchase_floors":[3],"current_hp_per_floor":[68,67,67,66,49,16,13,34,34,30,30,30,29,21,42,0],"gold":192,"neow_bonus":"REMOVE_CARD","is_prod":false,"is_daily":false,"chose_seed":false,"campfire_upgraded":1,"win_rate":0,"timestamp":1567832113,"path_taken":["M","M","$","M","M","E","M","R","T","M","R","?","M","M","R","BOSS"],"build_version":"2019-07-17","purchased_purges":1,"victory":false,"max_hp_per_floor":[70,70,70,70,70,70,70,70,70,70,70,70,70,70,70,70],"card_choices":[{"not_picked":["Dagger Throw","Flying Knee"],"picked":"Backflip","floor":1},{"not_picked":["Finisher","Deflect"],"picked":"Dagger Spray","floor":2},{"not_picked":["PiercingWail","Outmaneuver"],"picked":"Unload","floor":4},{"not_picked":["Infinite Blades","Skewer"],"picked":"Quick Slash","floor":5},{"not_picked":["Deadly Poison","All Out Attack"],"picked":"Finisher","floor":6},{"not_picked":["Bouncing Flask","Crippling Poison","Deflect","Reflex"],"picked":"SKIP","floor":7},{"not_picked":["Quick Slash","Eviscerate","Expertise","Sucker Punch"],"picked":"SKIP","floor":10},{"not_picked":["Deadly Poison","Escape Plan","Terror","Dodge and Roll"],"picked":"SKIP","floor":13},{"not_picked":["Dodge and Roll","Deadly Poison","Masterful Stab","Deflect"],"picked":"SKIP","floor":14}],"player_experience":78042,"relics_obtained":[{"floor":6,"key":"Question Card"},{"floor":9,"key":"Tiny Chest"}],"event_choices":[{"damage_healed":0,"gold_gain":0,"player_choice":"1 cards matched","damage_taken":0,"max_hp_gain":0,"max_hp_loss":0,"event_name":"Match and Keep!","floor":12,"gold_loss":0,"cards_obtained":["Backflip"]}],"is_beta":false,"boss_relics":[],"items_purged_floors":[3],"is_endless":false,"potions_floor_spawned":[2,4,10,13],"killed_by":"Slime Boss","ascension_level":0}