{"gold_per_floor":[114,124,124,143,154,154,167,167,167,267,267,296,312,328,328,433,433,446,446,459,475,475,491,491,521,589,589,164,264,277,307,307,406,406,425,437,437,457,472,472,504,530,596,608,634,646,669,691,703,715],"floor_reached":51,"playtime":4479,"items_purged":["Strike_G"],"score":825,"play_id":"73e301f6-04d7-4e53-892e-eaeaeeebbb25","local_time":"20190913202349","is_ascension_mode":false,"campfire_choices":[{"data":"Terror","floor":6,"key":"SMITH"},{"data":"Infinite Blades","floor":8,"key":"SMITH"},{"data":"Well Laid Plans","floor":11,"key":"SMITH"},{"floor":15,"key":"REST"},{"data":"Envenom","floor":24,"key":"SMITH"},{"floor":27,"key":"REST"},{"floor":32,"key":"REST"},{"floor":40,"key":"REST"},{"floor":44,"key":"REST"},{"data":"Neutralize","floor":46,"key":"SMITH"},{"floor":49,"key":"REST"}],"neow_cost":"PERCENT_DAMAGE","seed_source_timestamp":165623951131000,"circlet_count":0,"master_deck":["Strike_G","Strike_G","Strike_G","Defend_G","Defend_G","Defend_G","Defend_G","Survivor","Neutralize+1","Infinite Blades+1","Terror+1","Well Laid Plans+1","PiercingWail","Dagger Spray+1","Envenom+1","Noxious Fumes+1","Quick Slash+1","Flying Knee+1","Dash+1","Adrenaline","Backflip+1","Flash of Steel+1","Escape Plan+1","Prepared+1"],"relics":["Ring of the Serpent","Kunai","Molten Egg 2","Nilry\u0027s Codex","Bag of Marbles","Matryoshka","ClockworkSouvenir","Happy Flower","Singing Bowl","White Beast Statue","MawBank","Darkstone Periapt","Centennial Puzzle"],"potions_floor_usage":[18,21,25,25,31,33,38,41,41,50,50,50],"damage_taken":[{"damage":0,"enemies":"Jaw Worm","floor":1,"turns":6},{"damage":0,"enemies":"Small Slimes","floor":2,"turns":3},{"damage":0,"enemies":"Cultist","floor":4,"turns":5},{"damage":7,"enemies":"Blue Slaver","floor":5,"turns":5},{"damage":5,"enemies":"Looter","floor":7,"turns":3},{"damage":2,"enemies":"Lagavulin","floor":12,"turns":6},{"damage":0,"enemies":"Red Slaver","floor":13,"turns":4},{"damage":0,"enemies":"2 Fungi Beasts","floor":14,"turns":4},{"damage":11,"enemies":"Slime Boss","floor":16,"turns":10},{"damage":4,"enemies":"Spheric Guardian","floor":18,"turns":6},{"damage":0,"enemies":"Chosen","floor":20,"turns":4},{"damage":9,"enemies":"Snake Plant","floor":21,"turns":5},{"damage":15,"enemies":"Shelled Parasite and Fungi","floor":23,"turns":6},{"damage":23,"enemies":"Slavers","floor":25,"turns":3},{"damage":5,"enemies":"Snecko","floor":30,"turns":4},{"damage":13,"enemies":"Gremlin Leader","floor":31,"turns":5},{"damage":25,"enemies":"Collector","floor":33,"turns":8},{"damage":10,"enemies":"Orb Walker","floor":35,"turns":4},{"damage":23,"enemies":"3 Shapes","floor":36,"turns":4},{"damage":9,"enemies":"3 Darklings","floor":38,"turns":2},{"damage":16,"enemies":"Spire Growth","floor":39,"turns":4},{"damage":1,"enemies":"Reptomancer","floor":41,"turns":6},{"damage":14,"enemies":"Maw","floor":42,"turns":7},{"damage":0,"enemies":"Transient","floor":45,"turns":5},{"damage":0,"enemies":"3 Darklings","floor":47,"turns":4},{"damage":0,"enemies":"Spire Growth","floor":48,"turns":4},{"damage":26,"enemies":"Time Eater","floor":50,"turns":12}],"seed_played":"8678343001708260647","potions_obtained":[{"floor":1,"key":"Swift Potion"},{"floor":4,"key":"SteroidPotion"},{"floor":7,"key":"Block Potion"},{"floor":20,"key":"Dexterity Potion"},{"floor":21,"key":"Weak Potion"},{"floor":30,"key":"Energy Potion"},{"floor":33,"key":"GhostInAJar"},{"floor":35,"key":"GamblersBrew"},{"floor":36,"key":"SkillPotion"},{"floor":38,"key":"Fire Potion"},{"floor":39,"key":"GhostInAJar"},{"floor":41,"key":"SteroidPotion"},{"floor":42,"key":"Strength Potion"},{"floor":47,"key":"Fruit Juice"}],"is_trial":false,"path_per_floor":["M","M","?","M","M","R","M","R","T","?","R","E","M","M","R","B",null,"M","?","M","M","?","M","R","E","T","R","$","?","M","E","R","B",null,"M","M","?","M","M","R","E","M","T","R","M","R","M","M","R","B",null],"character_chosen":"THE_SILENT","items_purchased":["ClockworkSouvenir","Happy Flower"],"campfire_rested":6,"item_purchase_floors":[28,28],"current_hp_per_floor":[49,49,49,49,42,42,37,37,37,37,37,35,35,35,56,45,70,66,50,50,41,64,49,49,26,26,47,47,47,42,29,50,25,70,62,39,39,32,16,38,37,23,23,45,47,47,49,51,75,54],"gold":727,"neow_bonus":"REMOVE_TWO","is_prod":false,"is_daily":false,"chose_seed":false,"campfire_upgraded":5,"win_rate":0,"timestamp":1568420629,"path_taken":["M","M","?","M","M","R","M","R","T","?","R","E","M","M","R","BOSS","M","?","M","M","?","M","R","E","T","R","$","?","M","E","R","BOSS","M","M","?","M","M","R","E","M","T","R","M","R","M","M","R","BOSS"],"build_version":"2019-07-17","purchased_purges":1,"victory":true,"max_hp_per_floor":[70,70,70,70,70,70,70,70,70,70,70,70,70,70,70,70,70,70,70,70,70,70,70,70,70,70,70,70,70,70,70,70,70,70,72,72,72,74,74,74,74,74,74,74,76,76,78,80,80,85],"card_choices":[{"not_picked":["Dash","Bane"],"picked":"Infinite Blades","floor":1},{"not_picked":["Deflect","Heel Hook","Masterful Stab"],"picked":"SKIP","floor":2},{"not_picked":["Outmaneuver","Deadly Poison","Dodge and Roll"],"picked":"SKIP","floor":4},{"not_picked":["Outmaneuver","Finisher"],"picked":"Terror","floor":5},{"not_picked":["Acrobatics","Slice"],"picked":"Well Laid Plans","floor":7},{"not_picked":["Skewer","Deadly Poison"],"picked":"PiercingWail","floor":12},{"not_picked":["Outmaneuver","Poisoned Stab+1","Endless Agony+1"],"picked":"SKIP","floor":13},{"not_picked":["Sucker Punch+1","Calculated Gamble"],"picked":"Dagger Spray+1","floor":14},{"not_picked":["After Image","Grand Finale+1"],"picked":"Envenom","floor":16},{"not_picked":["Blade Dance","Distraction"],"picked":"Noxious Fumes+1","floor":18},{"not_picked":["Dodge and Roll+1","Bouncing Flask"],"picked":"Quick Slash+1","floor":20},{"not_picked":["Deflect+1","Well Laid Plans+1"],"picked":"Flying Knee+1","floor":21},{"not_picked":["Flechettes+1","Reflex","Tactician"],"picked":"SKIP","floor":23},{"not_picked":["Crippling Poison","Predator+1","Quick Slash+1"],"picked":"SKIP","floor":25},{"not_picked":["Catalyst","Glass Knife+1","Deadly Poison"],"picked":"SKIP","floor":30},{"not_picked":["Accuracy","Dagger Throw+1"],"picked":"Dash+1","floor":31},{"not_picked":["Corpse Explosion","After Image"],"picked":"Adrenaline","floor":33},{"not_picked":["Slice+1","Catalyst+1","Finisher+1"],"picked":"Singing Bowl","floor":35},{"not_picked":["Calculated Gamble","Sucker Punch+1"],"picked":"Backflip+1","floor":36},{"not_picked":["Dark Shackles","Violence"],"picked":"Flash of Steel+1","floor":37},{"not_picked":["Terror+1","Underhanded Strike+1","Well Laid Plans+1"],"picked":"Singing Bowl","floor":38},{"not_picked":["Accuracy","Prepared+1"],"picked":"Escape Plan+1","floor":39},{"not_picked":["Poisoned Stab+1","Blade Dance"],"picked":"Prepared+1","floor":41},{"not_picked":["Bane+1","All Out Attack+1","Riddle With Holes+1"],"picked":"SKIP","floor":42},{"not_picked":["Masterful Stab+1","Acrobatics","Flechettes+1"],"picked":"Singing Bowl","floor":45},{"not_picked":["Dash+1","Bane+1","Flying Knee+1"],"picked":"Singing Bowl","floor":47},{"not_picked":["Bane+1","Heel Hook+1","Prepared+1"],"picked":"Singing Bowl","floor":48}],"player_experience":130353,"relics_obtained":[{"floor":9,"key":"Kunai"},{"floor":12,"key":"Molten Egg 2"},{"floor":19,"key":"Nilry\u0027s Codex"},{"floor":25,"key":"Bag of Marbles"},{"floor":26,"key":"Matryoshka"},{"floor":31,"key":"Singing Bowl"},{"floor":41,"key":"MawBank"},{"floor":43,"key":"Darkstone Periapt"},{"floor":43,"key":"Centennial Puzzle"}],"event_choices":[{"damage_healed":0,"gold_gain":0,"player_choice":"Ignored","damage_taken":0,"max_hp_gain":0,"max_hp_loss":0,"event_name":"Shining Light","floor":3,"gold_loss":0},{"damage_healed":0,"gold_gain":100,"player_choice":"Pray","damage_taken":0,"max_hp_gain":0,"max_hp_loss":0,"event_name":"Golden Shrine","floor":10,"gold_loss":0},{"damage_healed":0,"gold_gain":0,"player_choice":"Obtained Book","damage_taken":16,"max_hp_gain":0,"max_hp_loss":0,"event_name":"Cursed Tome","floor":19,"gold_loss":0},{"damage_healed":23,"gold_gain":0,"player_choice":"Heal","damage_taken":0,"max_hp_gain":0,"max_hp_loss":0,"event_name":"The Library","floor":22,"gold_loss":0},{"damage_healed":0,"gold_gain":100,"player_choice":"Pray","damage_taken":0,"max_hp_gain":0,"max_hp_loss":0,"event_name":"Golden Shrine","floor":29,"gold_loss":0},{"damage_healed":0,"gold_gain":0,"player_choice":"Memory 1","damage_taken":0,"max_hp_gain":0,"max_hp_loss":0,"event_name":"SensoryStone","floor":37,"gold_loss":0}],"is_beta":false,"boss_relics":[{"not_picked":["WristBlade","Sozu"],"picked":"Ring of the Serpent"},{"not_picked":["Velvet Choker","Tiny House"],"picked":"White Beast Statue"}],"items_purged_floors":[28],"is_endless":false,"potions_floor_spawned":[1,4,7,12,14,20,21,30,33,35,36,38,39,41,42,45,47,48],"ascension_level":0}