{"gold_per_floor":[113,124,134,153,28,28,43,43,69,103,103,3,22,41,41,138,138,155,137,155,172,183,208,220,232,244,270,282,169,169],"floor_reached":30,"playtime":2134,"items_purged":["Strike_R","Defend_R","Strike_R"],"score":256,"play_id":"0db29155-e03a-43b5-9927-b770b6678010","local_time":"20190902122830","is_ascension_mode":false,"campfire_choices":[{"data":"Armaments","floor":6.0,"key":"SMITH"},{"data":"True Grit","floor":8.0,"key":"SMITH"},{"data":"Bludgeon","floor":11.0,"key":"SMITH"},{"data":"Shockwave","floor":15,"key":"SMITH"},{"data":"Limit Break","floor":24,"key":"SMITH"},{"data":"Thunderclap","floor":28,"key":"SMITH"}],"neow_cost":"NONE","seed_source_timestamp":0,"circlet_count":0,"master_deck":["Strike_R","Strike_R","Strike_R","Defend_R","Defend_R","Defend_R","Bash+1","Body Slam","Pommel Strike","True Grit+1","Iron Wave","Armaments+1","Bludgeon+1","Shockwave+1","Limit Break+1","Iron Wave+1","Thunderclap+1","Heavy Blade+1","Cleave","Flex","Double Tap"],"special_seed":0,"relics":["Burning Blood","Ancient Tea Set","Red Skull","Black Star","MawBank","Question Card","Darkstone Periapt"],"potions_floor_usage":[16,21,23,30,30],"damage_taken":[{"damage":0.0,"enemies":"Cultist","floor":1.0,"turns":3.0},{"damage":6.0,"enemies":"2 Louse","floor":2.0,"turns":4.0},{"damage":6.0,"enemies":"Jaw Worm","floor":3.0,"turns":4.0},{"damage":4.0,"enemies":"Blue Slaver","floor":4.0,"turns":5.0},{"damage":3.0,"enemies":"Large Slime","floor":7.0,"turns":6.0},{"damage":6.0,"enemies":"Lagavulin","floor":10.0,"turns":8.0},{"damage":0.0,"enemies":"3 Louse","floor":13.0,"turns":4.0},{"damage":5.0,"enemies":"Red Slaver","floor":14.0,"turns":4.0},{"damage":38,"enemies":"Hexaghost","floor":16,"turns":8},{"damage":30,"enemies":"3 Byrds","floor":18,"turns":7},{"damage":11,"enemies":"2 Thieves","floor":19,"turns":4},{"damage":1,"enemies":"Snecko","floor":20,"turns":4},{"damage":20,"enemies":"3 Cultists","floor":21,"turns":6},{"damage":10,"enemies":"Centurion and Healer","floor":22,"turns":6},{"damage":23,"enemies":"Book of Stabbing","floor":23,"turns":6},{"damage":25,"enemies":"Snake Plant","floor":27,"turns":4},{"damage":25,"enemies":"Colosseum Slavers","floor":30,"turns":4}],"seed_played":"-4505977427870456594","potions_obtained":[{"floor":2.0,"key":"PowerPotion"},{"floor":3.0,"key":"Explosive Potion"},{"floor":10.0,"key":"BloodPotion"},{"floor":14.0,"key":"LiquidBronze"},{"floor":20,"key":"SpeedPotion"},{"floor":21,"key":"FearPotion"},{"floor":23,"key":"Weak Potion"}],"is_trial":false,"path_per_floor":["M","M","M","M","$","R","M","R","T","E","R","$","M","M","R","B",null,"M","M","M","M","M","E","R","?","T","M","R","$","?"],"character_chosen":"IRONCLAD","items_purchased":["Armaments"],"campfire_rested":0,"item_purchase_floors":[5],"current_hp_per_floor":[80,80,80,80,80,80,80,80,80,80,80,80,80,80,80,48,80,56,51,56,42,38,41,41,41,41,22,22,22,0],"gold":169,"neow_bonus":"UPGRADE_CARD","is_prod":false,"is_daily":false,"chose_seed":false,"campfire_upgraded":6,"win_rate":0,"timestamp":1567441710,"path_taken":["M","M","M","M","$","R","M","R","T","E","R","$","M","?","R","BOSS","M","M","M","?","M","E","R","?","T","M","R","$","?"],"build_version":"2019-07-17","purchased_purges":3,"victory":false,"max_hp_per_floor":[80,80,80,80,80,80,80,80,80,80,80,80,80,80,80,80,80,80,80,80,80,80,80,80,80,80,80,80,80,80],"card_choices":[{"not_picked":["Evolve","Dual Wield"],"picked":"Body Slam","floor":1.0},{"not_picked":["Evolve","Carnage"],"picked":"Pommel Strike","floor":2.0},{"not_picked":["Pommel Strike","Seeing Red"],"picked":"True Grit","floor":3.0},{"not_picked":["Flex","Corruption"],"picked":"Iron Wave","floor":4.0},{"not_picked":["Bloodletting","Combust","Twin Strike"],"picked":"SKIP","floor":7.0},{"not_picked":["Havoc","Burning Pact"],"picked":"Bludgeon","floor":10.0},{"not_picked":["Feel No Pain","Evolve"],"picked":"Shockwave","floor":13.0},{"not_picked":["Twin Strike","Evolve","Wild Strike"],"picked":"SKIP","floor":14.0},{"not_picked":["Double Tap","Brutality"],"picked":"Limit Break","floor":16},{"not_picked":["Ghostly Armor","Power Through"],"picked":"Iron Wave+1","floor":18},{"not_picked":["Sword Boomerang+1","True Grit","Body Slam"],"picked":"SKIP","floor":19},{"not_picked":["Entrench","Battle Trance"],"picked":"Thunderclap","floor":20},{"not_picked":["Clash","Shockwave"],"picked":"Heavy Blade+1","floor":21},{"not_picked":["Clothesline","Seeing Red+1"],"picked":"Cleave","floor":22},{"not_picked":["Armaments","Dropkick"],"picked":"Flex","floor":23},{"not_picked":["Anger+1","Heavy Blade+1","Headbutt+1"],"picked":"Double Tap","floor":27}],"player_experience":35151,"relics_obtained":[{"floor":9.0,"key":"Ancient Tea Set"},{"floor":10.0,"key":"Red Skull"},{"floor":23,"key":"MawBank"},{"floor":23,"key":"Question Card"},{"floor":26,"key":"Darkstone Periapt"}],"event_choices":[{"damage_healed":0,"gold_gain":0,"player_choice":"Ignored","damage_taken":0,"max_hp_gain":0,"max_hp_loss":0,"event_name":"Ghosts","floor":25,"gold_loss":0},{"damage_healed":0,"gold_gain":0,"player_choice":"Fight","damage_taken":0,"max_hp_gain":0,"max_hp_loss":0,"event_name":"Colosseum","floor":30,"gold_loss":0}],"is_beta":false,"boss_relics":[{"not_picked":["Busted Crown","Fusion Hammer"],"picked":"Black Star"}],"items_purged_floors":[5,12,29],"is_endless":false,"potions_floor_spawned":[2,3,10,14,20,21,23,27],"killed_by":"Colosseum Slavers","ascension_level":0}