{"gold_per_floor":[111,123,134,134,148,181,181,181,181,196,196,234,247,280,280,404,467,481,501,461,475,185,185,200,200,248,273,67,67,90,104,104,234,234,247,247,46,61,82,115,140,161,161,197,220,220,241,262,262,262],"floor_reached":51,"playtime":17566,"items_purged":["Berserk","Juggernaut"],"score":887,"play_id":"110e8912-da1b-42fe-92d9-8dcb16d77b88","local_time":"20190912233254","daily_mods":["Shiny","Time Dilation","Terminal"],"is_ascension_mode":false,"campfire_choices":[{"floor":8.0,"key":"REST"},{"data":"Feed","floor":11.0,"key":"SMITH"},{"data":"Corruption","floor":15.0,"key":"SMITH"},{"data":"Apotheosis","floor":23,"key":"SMITH"},{"data":"Offering","floor":25,"key":"SMITH"},{"floor":32,"key":"REST"},{"data":"Dark Embrace","floor":49,"key":"SMITH"}],"neow_cost":"","seed_source_timestamp":0,"circlet_count":0,"master_deck":["Double Tap+1","Demon Form","Bludgeon","Feed+1","Limit Break","Barricade","Fiend Fire","Dark Embrace+1","Impervious","Brutality","Reaper","Exhume","Offering+1","Immolate","Armaments+1","Flame Barrier","Infernal Blade+1","Feed+1","Corruption+1","Thunderclap","Exhume+1","Entrench","Anger","Apotheosis+1","Shockwave","Flame Barrier","Whirlwind","Apotheosis+1","Body Slam","Body Slam","Metallicize","Havoc+1","Spot Weakness+1","Spot Weakness+1"],"special_seed":0,"relics":["Burning Blood","Kunai","Golden Idol","Dodecahedron","Singing Bowl","Torii","Tiny House","Regal Pillow","DollysMirror","White Beast Statue","War Paint","Toxic Egg 2","PreservedInsect"],"potions_floor_usage":[19,19,21,31,38,39,41,42,42,44,45,45,50,50],"damage_taken":[{"damage":1.0,"enemies":"Cultist","floor":1.0,"turns":3.0},{"damage":0.0,"enemies":"2 Louse","floor":2.0,"turns":1.0},{"damage":3.0,"enemies":"Small Slimes","floor":3.0,"turns":5.0},{"damage":12.0,"enemies":"Exordium Thugs","floor":5.0,"turns":3.0},{"damage":19.0,"enemies":"Gremlin Nob","floor":6.0,"turns":5.0},{"damage":3.0,"enemies":"Exordium Wildlife","floor":10.0,"turns":4.0},{"damage":12.0,"enemies":"Lagavulin","floor":12.0,"turns":3.0},{"damage":6.0,"enemies":"Looter","floor":13.0,"turns":1.0},{"damage":16.0,"enemies":"3 Sentries","floor":14.0,"turns":4.0},{"damage":55.0,"enemies":"Hexaghost","floor":16.0,"turns":10.0},{"damage":1,"enemies":"Chosen","floor":18,"turns":3},{"damage":1,"enemies":"Shell Parasite","floor":19,"turns":3},{"damage":21,"enemies":"Snake Plant","floor":21,"turns":3},{"damage":26,"enemies":"3 Cultists","floor":24,"turns":4},{"damage":13,"enemies":"Snecko","floor":27,"turns":4},{"damage":47,"enemies":"Centurion and Healer","floor":30,"turns":6},{"damage":9,"enemies":"Shelled Parasite and Fungi","floor":31,"turns":3},{"damage":59,"enemies":"Automaton","floor":33,"turns":7},{"damage":7,"enemies":"Orb Walker","floor":35,"turns":2},{"damage":47,"enemies":"3 Shapes","floor":38,"turns":5},{"damage":39,"enemies":"3 Darklings","floor":39,"turns":5},{"damage":7,"enemies":"Giant Head","floor":40,"turns":3},{"damage":32,"enemies":"4 Shapes","floor":41,"turns":5},{"damage":13,"enemies":"Spire Growth","floor":42,"turns":2},{"damage":37,"enemies":"Nemesis","floor":44,"turns":7},{"damage":27,"enemies":"Transient","floor":45,"turns":5},{"damage":14,"enemies":"Writhing Mass","floor":47,"turns":2},{"damage":9,"enemies":"4 Shapes","floor":48,"turns":1},{"damage":19,"enemies":"Awakened One","floor":50,"turns":4}],"seed_played":"-626148016888713997","potions_obtained":[{"floor":1.0,"key":"Poison Potion"},{"floor":12.0,"key":"SteroidPotion"},{"floor":14.0,"key":"Weak Potion"},{"floor":17,"key":"LiquidBronze"},{"floor":18,"key":"GamblersBrew"},{"floor":19,"key":"EssenceOfSteel"},{"floor":30,"key":"PowerPotion"},{"floor":33,"key":"PowerPotion"},{"floor":35,"key":"SpeedPotion"},{"floor":38,"key":"Poison Potion"},{"floor":39,"key":"FearPotion"},{"floor":40,"key":"Swift Potion"},{"floor":41,"key":"SkillPotion"},{"floor":42,"key":"EssenceOfSteel"},{"floor":44,"key":"Explosive Potion"},{"floor":45,"key":"Block Potion"},{"floor":47,"key":"Poison Potion"},{"floor":48,"key":"Block Potion"}],"is_trial":true,"path_per_floor":["?","?","?","M","?","?"],"character_chosen":"IRONCLAD","items_purchased":["Apotheosis","Shockwave","DollysMirror","Body Slam","Metallicize"],"campfire_rested":2,"item_purchase_floors":[22,22,28,37,37],"current_hp_per_floor":[78,77,79,78,80,75,53,79,79,87,86,87,90,94,94,49,101,102,107,106,91,91,91,95,95,95,92,92,92,76,79,114,63,114,119,118,117,91,119,120,104,99,99,118,115,115,137,136,136,140],"gold":262,"neow_bonus":"","is_prod":false,"is_daily":false,"chose_seed":false,"campfire_upgraded":5,"win_rate":0.0,"timestamp":1568356374,"path_taken":["M","M","M","?","M","E","?","R","T","M","R","E","M","E","R","BOSS","M","M","?","?","$","R","M","R","T","M","$","?","M","M","R","BOSS","M","?","$","M","M","E","M","M","T","E","M","$","M","M","R","BOSS"],"build_version":"2019-01-23","purchased_purges":2,"victory":true,"max_hp_per_floor":[78,77,79,78,85,88,87,86,85,87,86,87,90,95,94,97,101,102,107,106,105,104,103,110,109,108,111,110,109,110,115,114,115,114,119,118,117,120,119,120,129,130,129,132,133,132,137,138,137,140],"card_choices":[{"not_picked":["Pummel","Clash"],"picked":"Armaments","floor":1.0},{"not_picked":["Uppercut","Shrug It Off"],"picked":"Flame Barrier","floor":2.0},{"not_picked":["Wild Strike","Blood for Blood"],"picked":"Infernal Blade","floor":3.0},{"not_picked":["Burning Pact","Flex"],"picked":"Feed","floor":5.0},{"not_picked":["Warcry","Clothesline"],"picked":"Headbutt","floor":6.0},{"not_picked":["Sentinel","Reckless Charge"],"picked":"Corruption","floor":10.0},{"not_picked":["Second Wind","Wild Strike","Metallicize"],"picked":"Singing Bowl","floor":12.0},{"not_picked":["Clash","Infernal Blade"],"picked":"Thunderclap","floor":13.0},{"not_picked":["Searing Blow","Carnage","Corruption"],"picked":"Singing Bowl","floor":14.0},{"not_picked":["Impervious","Fiend Fire"],"picked":"Exhume","floor":16.0},{"not_picked":["Twin Strike","Cleave"],"picked":"Entrench","floor":17},{"not_picked":["Warcry","Second Wind","Bloodletting"],"picked":"Singing Bowl","floor":18},{"not_picked":["Iron Wave+1","Wild Strike","Rage"],"picked":"Singing Bowl","floor":19},{"not_picked":["Wild Strike","Sentinel+1"],"picked":"Anger","floor":21},{"not_picked":["Cleave","Clothesline"],"picked":"Flame Barrier","floor":24},{"not_picked":["True Grit","Ghostly Armor+1"],"picked":"Whirlwind","floor":27},{"not_picked":["Searing Blow+1","Thunderclap","Body Slam"],"picked":"Singing Bowl","floor":30},{"not_picked":["Havoc","Perfected Strike","Flex"],"picked":"Singing Bowl","floor":31},{"not_picked":["Reaper","Exhume","Dark Embrace"],"picked":"Singing Bowl","floor":33},{"not_picked":["Cleave+1","Sword Boomerang","Intimidate"],"picked":"Singing Bowl","floor":35},{"not_picked":["Burning Pact","Hemokinesis+1"],"picked":"Havoc+1","floor":38},{"not_picked":["Rage","Clothesline"],"picked":"Spot Weakness+1","floor":39},{"not_picked":["Iron Wave","Cleave","Demon Form"],"picked":"Singing Bowl","floor":40},{"not_picked":["Body Slam+1","Anger","Sword Boomerang+1"],"picked":"Singing Bowl","floor":41},{"not_picked":["Anger","True Grit","Wild Strike"],"picked":"Singing Bowl","floor":42},{"not_picked":["Pommel Strike+1","Disarm+1"],"picked":"Spot Weakness+1","floor":44},{"not_picked":["Armaments+1","Clothesline","Flex+1"],"picked":"Singing Bowl","floor":45},{"not_picked":["Intimidate+1","Wild Strike","Ghostly Armor+1"],"picked":"Singing Bowl","floor":47},{"not_picked":["Wild Strike","Combust+1","Dropkick"],"picked":"Singing Bowl","floor":48}],"player_experience":23647,"relics_obtained":[{"floor":6.0,"key":"Kunai"},{"floor":9.0,"key":"Dodecahedron"},{"floor":12.0,"key":"Singing Bowl"},{"floor":14.0,"key":"Torii"},{"floor":26,"key":"Regal Pillow"},{"floor":40,"key":"War Paint"},{"floor":43,"key":"Toxic Egg 2"},{"floor":44,"key":"PreservedInsect"}],"event_choices":[{"damage_healed":0.0,"max_hp_gain":0.0,"max_hp_loss":0.0,"gold_gain":0.0,"event_name":"Living Wall","player_choice":"Grow","floor":4.0,"gold_loss":0.0,"damage_taken":0.0,"cards_upgraded":["Feed"]},{"damage_healed":0.0,"max_hp_gain":0.0,"max_hp_loss":0.0,"gold_gain":0.0,"event_name":"Golden Idol","player_choice":"Take Damage","floor":7.0,"gold_loss":0.0,"damage_taken":22.0,"relics_obtained":["Golden Idol"]},{"damage_healed":0,"gold_gain":0,"player_choice":"Upgrade","damage_taken":0,"max_hp_gain":0,"max_hp_loss":0,"event_name":"Designer","floor":20,"gold_loss":40,"cards_upgraded":["Armaments"]},{"damage_healed":0,"gold_gain":0,"player_choice":"Read","damage_taken":0,"max_hp_gain":0,"max_hp_loss":0,"event_name":"The Library","floor":29,"gold_loss":0,"cards_obtained":["Body Slam"]},{"cards_removed":["Headbutt"],"damage_healed":0,"gold_gain":0,"player_choice":"Removed Attack","damage_taken":0,"max_hp_gain":0,"max_hp_loss":0,"event_name":"Falling","floor":36,"gold_loss":0}],"is_beta":false,"boss_relics":[{"not_picked":["Velvet Choker","Snecko Eye"],"picked":"Tiny House"},{"not_picked":["Calling Bell","Empty Cage"],"picked":"White Beast Statue"}],"items_purged_floors":[22,37],"is_endless":false,"potions_floor_spawned":[1,12,14,18,19,30,33,35,38,39,40,41,42,44,45,47,48],"ascension_level":0}