{"gold_per_floor":[113,63,63,63,82,82,96,96,96,109,127,127,159,159,159,159],"floor_reached":16,"playtime":784,"items_purged":[],"score":100,"play_id":"6a754527-0bef-4fe4-bf5d-a8371ba44adc","local_time":"20190914153636","is_ascension_mode":false,"campfire_choices":[{"data":"Juggernaut","floor":6,"key":"SMITH"},{"data":"Cleave","floor":8,"key":"SMITH"},{"data":"True Grit","floor":12,"key":"SMITH"},{"floor":15,"key":"REST"}],"neow_cost":"TEN_PERCENT_HP_LOSS","seed_source_timestamp":238501852434300,"circlet_count":0,"master_deck":["Strike_R","Strike_R","Strike_R","Strike_R","Defend_R","Defend_R","Defend_R","Defend_R","Bash","Juggernaut+1","Body Slam","Cleave+1","Headbutt","True Grit+1","Ghostly Armor"],"relics":["Burning Blood","Shuriken","Ice Cream"],"potions_floor_usage":[16,16,16],"damage_taken":[{"damage":10,"enemies":"Jaw Worm","floor":1,"turns":4},{"damage":0,"enemies":"Cultist","floor":5,"turns":4},{"damage":7,"enemies":"Small Slimes","floor":7,"turns":4},{"damage":16,"enemies":"Blue Slaver","floor":10,"turns":4},{"damage":16,"enemies":"Large Slime","floor":11,"turns":6},{"damage":25,"enemies":"3 Sentries","floor":13,"turns":5},{"damage":56,"enemies":"Hexaghost","floor":16,"turns":11}],"seed_played":"-5571285844117263640","potions_obtained":[{"floor":1,"key":"Ancient Potion"},{"floor":13,"key":"EssenceOfSteel"},{"floor":14,"key":"Fire Potion"},{"floor":14,"key":"AttackPotion"}],"is_trial":false,"path_per_floor":["M","?","?","$","M","R","M","R","T","M","M","R","E","?","R","B"],"character_chosen":"IRONCLAD","items_purchased":[],"campfire_rested":1,"item_purchase_floors":[],"current_hp_per_floor":[68,68,68,68,72,72,71,71,71,61,51,51,32,32,53,0],"gold":159,"neow_bonus":"THREE_RARE_CARDS","is_prod":false,"is_daily":false,"chose_seed":false,"campfire_upgraded":3,"win_rate":0,"timestamp":1568489796,"path_taken":["M","?","?","$","M","R","?","R","T","M","M","R","E","?","R","BOSS"],"build_version":"2019-07-17","purchased_purges":0,"victory":false,"max_hp_per_floor":[72,72,72,72,72,72,72,72,72,72,72,72,72,72,72,72],"card_choices":[{"not_picked":["Reaper","Immolate"],"picked":"Juggernaut","floor":0},{"not_picked":["Reckless Charge","Fire Breathing","Heavy Blade"],"picked":"SKIP","floor":1},{"not_picked":["Clothesline","Havoc"],"picked":"Body Slam","floor":5},{"not_picked":["Hemokinesis","Anger"],"picked":"Cleave","floor":7},{"not_picked":["Sever Soul","Pummel"],"picked":"Headbutt","floor":10},{"not_picked":["Bludgeon","Dropkick"],"picked":"True Grit","floor":11},{"not_picked":["Clothesline","Heavy Blade"],"picked":"Ghostly Armor","floor":13}],"player_experience":165782,"relics_obtained":[{"floor":9,"key":"Shuriken"},{"floor":13,"key":"Ice Cream"}],"event_choices":[{"cards_removed":["Strike_R"],"damage_healed":0,"gold_gain":0,"player_choice":"Card Removal","damage_taken":0,"max_hp_gain":0,"max_hp_loss":0,"event_name":"The Cleric","floor":2,"gold_loss":50},{"damage_healed":0,"gold_gain":0,"player_choice":"Ignored","damage_taken":0,"max_hp_gain":0,"max_hp_loss":0,"event_name":"NoteForYourself","floor":3,"gold_loss":0},{"damage_healed":0,"gold_gain":0,"player_choice":"Got Potions","damage_taken":0,"max_hp_gain":0,"max_hp_loss":0,"event_name":"Lab","floor":14,"gold_loss":0}],"is_beta":false,"boss_relics":[],"items_purged_floors":[],"is_endless":false,"potions_floor_spawned":[1,13],"killed_by":"Hexaghost","ascension_level":0}