{"gold_per_floor":[111,111,124,49,66,66,86,86,155,182,195,205,37,52,52,147,147,165,165,40,58,58,58,84,84,108,119,136,136,136,136,136,239,239,249,249,261,276,126,126,139,49,49,49,61,61,78,88,88,88],"floor_reached":51,"playtime":5261,"items_purged":["Strike_G","Defend_G","Strike_G","Defend_G"],"score":646,"play_id":"c396a1eb-7af4-4f4c-8925-27b527249783","local_time":"20190907003652","is_ascension_mode":false,"campfire_choices":[{"data":"Corpse Explosion","floor":6.0,"key":"SMITH"},{"data":"Dodge and Roll","floor":8.0,"key":"SMITH"},{"floor":15.0,"key":"REST"},{"data":"Well Laid Plans","floor":23.0,"key":"SMITH"},{"data":"Tools of the Trade","floor":29.0,"key":"SMITH"},{"floor":32.0,"key":"REST"},{"data":"Outmaneuver","floor":40,"key":"SMITH"},{"floor":46,"key":"REST"},{"floor":49,"key":"REST"}],"neow_cost":"NONE","seed_source_timestamp":0,"circlet_count":0,"master_deck":["Strike_G","Strike_G","Strike_G","Defend_G","Defend_G","Survivor","Neutralize","Dodge and Roll+1","Corpse Explosion+1","Acrobatics","Tools of the Trade+1","After Image","Backflip+1","Well Laid Plans+1","Venomology","Outmaneuver+1","Underhanded Strike","Tactician","Terror","Flash of Steel","Underhanded Strike+1","Parasite","Quick Slash+1"],"special_seed":0,"relics":["Ring of the Serpent","Pear","Happy Flower","MutagenicStrength","Centennial Puzzle","Dream Catcher","Cursed Key"],"potions_floor_usage":[35,37,38,41,41,47,48,50,50,50,50],"damage_taken":[{"damage":0.0,"enemies":"2 Louse","floor":1.0,"turns":4.0},{"damage":0.0,"enemies":"Cultist","floor":3.0,"turns":3.0},{"damage":0.0,"enemies":"Small Slimes","floor":5.0,"turns":3.0},{"damage":0.0,"enemies":"3 Louse","floor":7.0,"turns":2.0},{"damage":36.0,"enemies":"Gremlin Nob","floor":10.0,"turns":6.0},{"damage":14.0,"enemies":"Lots of Slimes","floor":11.0,"turns":4.0},{"damage":19.0,"enemies":"Exordium Thugs","floor":12.0,"turns":7.0},{"damage":0.0,"enemies":"Exordium Wildlife","floor":14.0,"turns":4.0},{"damage":10.0,"enemies":"Hexaghost","floor":16.0,"turns":12.0},{"damage":3.0,"enemies":"Spheric Guardian","floor":18.0,"turns":6.0},{"damage":8.0,"enemies":"Chosen","floor":21.0,"turns":6.0},{"damage":4.0,"enemies":"Book of Stabbing","floor":24.0,"turns":8.0},{"damage":12.0,"enemies":"Snecko","floor":27.0,"turns":7.0},{"damage":6.0,"enemies":"Centurion and Healer","floor":28.0,"turns":4.0},{"damage":12.0,"enemies":"Automaton","floor":33.0,"turns":12.0},{"damage":24,"enemies":"3 Shapes","floor":35,"turns":4},{"damage":5,"enemies":"Orb Walker","floor":37,"turns":5},{"damage":0,"enemies":"Writhing Mass","floor":38,"turns":9},{"damage":28,"enemies":"Sphere and 2 Shapes","floor":41,"turns":4},{"damage":8,"enemies":"Transient","floor":45,"turns":5},{"damage":3,"enemies":"Writhing Mass","floor":47,"turns":6},{"damage":19,"enemies":"Spire Growth","floor":48,"turns":4},{"damage":58,"enemies":"Donu and Deca","floor":50,"turns":10}],"seed_played":"1554365161759247876","potions_obtained":[{"floor":3.0,"key":"Explosive Potion"},{"floor":7.0,"key":"FearPotion"},{"floor":11.0,"key":"Strength Potion"},{"floor":12.0,"key":"Poison Potion"},{"floor":33.0,"key":"Fire Potion"},{"floor":37,"key":"Fire Potion"},{"floor":47,"key":"Strength Potion"}],"is_trial":false,"path_per_floor":["M","?","M","$","M","R","M","R","T","E","M","M","$","M","R","B",null,"M","?","$","M","?","R","E","?","T","M","M","R","$","$","R","B",null,"M","?","M","M","$","R","M","$","T","?","M","R","M","M","R","B",null],"character_chosen":"THE_SILENT","items_purchased":["Well Laid Plans","Flash of Steel"],"campfire_rested":4,"item_purchase_floors":[13,42],"current_hp_per_floor":[77,77,77,77,77,77,77,77,87,51,37,18,18,18,44,34,87,84,84,84,76,76,76,72,72,72,60,54,54,54,54,80,68,87,63,63,70,70,70,70,42,42,42,42,34,58,55,36,60,2],"gold":88,"neow_bonus":"TEN_PERCENT_HP_BONUS","is_prod":false,"is_daily":false,"chose_seed":false,"campfire_upgraded":5,"win_rate":0.0,"timestamp":1567831012,"path_taken":["M","?","M","$","M","R","?","R","T","E","M","M","?","M","R","BOSS","M","?","$","M","?","R","E","?","T","M","?","R","?","$","R","BOSS","M","?","M","M","?","R","M","$","T","?","M","R","M","M","R","BOSS"],"build_version":"2019-07-17","purchased_purges":4,"victory":true,"max_hp_per_floor":[77,77,77,77,77,77,77,77,87,87,87,87,87,87,87,87,87,87,87,87,87,87,87,87,87,87,87,87,87,87,87,87,87,87,87,83,83,83,83,83,83,83,83,83,83,83,83,83,83,83],"card_choices":[{"not_picked":["Underhanded Strike","Eviscerate"],"picked":"Dodge and Roll","floor":1.0},{"not_picked":["Deflect","Underhanded Strike"],"picked":"Acrobatics","floor":3.0},{"not_picked":["Acrobatics","Predator","Heel Hook"],"picked":"SKIP","floor":5.0},{"not_picked":["Eviscerate","Predator"],"picked":"Tools of the Trade","floor":7.0},{"not_picked":["Blade Dance","Quick Slash"],"picked":"After Image","floor":10.0},{"not_picked":["Catalyst","Underhanded Strike","Poisoned Stab"],"picked":"SKIP","floor":11.0},{"not_picked":["Tactician","Bouncing Flask"],"picked":"Backflip","floor":12.0},{"not_picked":["Dodge and Roll","PiercingWail","Poisoned Stab"],"picked":"SKIP","floor":14.0},{"not_picked":["Bullet Time","Phantasmal Killer"],"picked":"Venomology","floor":16.0},{"not_picked":["PiercingWail","Predator"],"picked":"Outmaneuver","floor":18.0},{"not_picked":["Sucker Punch","Calculated Gamble"],"picked":"Underhanded Strike","floor":21.0},{"not_picked":["Reflex","Footwork+1"],"picked":"Tactician","floor":24.0},{"not_picked":["Eviscerate","Outmaneuver"],"picked":"Terror","floor":27.0},{"not_picked":["Blade Dance","Dodge and Roll","PiercingWail"],"picked":"SKIP","floor":28.0},{"not_picked":["Catalyst+1","Outmaneuver+1","Dodge and Roll+1"],"picked":"SKIP","floor":35},{"not_picked":["Dagger Throw","Tactician+1","Bane+1"],"picked":"SKIP","floor":37},{"not_picked":["Backflip","Caltrops","Catalyst+1"],"picked":"SKIP","floor":38},{"not_picked":["PiercingWail","Distraction+1","Caltrops+1"],"picked":"SKIP","floor":41},{"not_picked":["Heel Hook+1","Bouncing Flask+1","Deadly Poison+1"],"picked":"SKIP","floor":45},{"not_picked":["Blade Dance+1","Dagger Throw+1"],"picked":"Underhanded Strike+1","floor":46},{"not_picked":["Finisher","Dodge and Roll+1","Dagger Spray+1"],"picked":"SKIP","floor":47},{"not_picked":["Deadly Poison","Outmaneuver","Noxious Fumes"],"picked":"SKIP","floor":48},{"not_picked":["Dagger Spray","Sucker Punch+1"],"picked":"Quick Slash+1","floor":49}],"player_experience":72781,"relics_obtained":[{"floor":9.0,"key":"Pear"},{"floor":10.0,"key":"Happy Flower"},{"floor":24.0,"key":"Centennial Puzzle"},{"floor":26.0,"key":"Dream Catcher"}],"event_choices":[{"damage_healed":0.0,"max_hp_gain":0.0,"max_hp_loss":0.0,"gold_gain":0.0,"cards_transformed":["Defend_G"],"event_name":"Transmorgrifier","player_choice":"Transformed","floor":2.0,"gold_loss":0.0,"damage_taken":0.0,"cards_obtained":["Corpse Explosion"]},{"damage_healed":0.0,"max_hp_gain":0.0,"max_hp_loss":0.0,"gold_gain":0.0,"event_name":"Drug Dealer","player_choice":"Inject Mutagens","floor":19.0,"gold_loss":0.0,"damage_taken":0.0,"relics_obtained":["MutagenicStrength"]},{"damage_healed":0.0,"max_hp_gain":0.0,"max_hp_loss":0.0,"gold_gain":0.0,"event_name":"Accursed Blacksmith","player_choice":"Forge","floor":25.0,"gold_loss":0.0,"damage_taken":0.0,"cards_upgraded":["Backflip"]},{"damage_healed":0,"gold_gain":0,"player_choice":"Max HP","damage_taken":0,"max_hp_gain":0,"max_hp_loss":4,"event_name":"Winding Halls","floor":36,"gold_loss":0},{"damage_healed":0,"gold_gain":0,"player_choice":"Memory 1","damage_taken":0,"max_hp_gain":0,"max_hp_loss":0,"event_name":"SensoryStone","floor":44,"gold_loss":0}],"is_beta":false,"boss_relics":[{"not_picked":["Snecko Eye","Eternal Feather"],"picked":"Ring of the Serpent"},{"not_picked":["HoveringKite","White Beast Statue"],"picked":"Cursed Key"}],"items_purged_floors":[4,13,20,39],"is_endless":false,"potions_floor_spawned":[3,7,11,12,28,33,35,37,47,48],"ascension_level":0}