{"gold_per_floor":[110,128,53,65,79,79,107,107,134,134,10,10,10,22,22,22],"floor_reached":16,"playtime":720,"items_purged":["Strike_R","Strike_R"],"score":125,"play_id":"24d0504c-2fa9-4bcb-a15e-cd91267e1f44","local_time":"20190917214841","is_ascension_mode":true,"campfire_choices":[{"data":"Bash","floor":6,"key":"SMITH"},{"floor":8,"key":"REST"},{"floor":12,"key":"REST"},{"data":"True Grit","floor":15,"key":"SMITH"}],"neow_cost":"NONE","seed_source_timestamp":520104650145300,"circlet_count":0,"master_deck":["Strike_R","Strike_R","Defend_R","Defend_R","Defend_R","Bash+1","Bloodletting","True Grit+1","Impervious","Cleave"],"relics":["Burning Blood","Omamori","Oddly Smooth Stone"],"potions_floor_usage":[7],"damage_taken":[{"damage":1,"enemies":"Cultist","floor":1,"turns":4},{"damage":0,"enemies":"Small Slimes","floor":2,"turns":3},{"damage":10,"enemies":"2 Louse","floor":4,"turns":3},{"damage":49,"enemies":"Gremlin Gang","floor":5,"turns":10},{"damage":31,"enemies":"3 Sentries","floor":7,"turns":12},{"damage":9,"enemies":"2 Fungi Beasts","floor":14,"turns":4},{"damage":58,"enemies":"Hexaghost","floor":16,"turns":9}],"seed_played":"7619939417700460004","potions_obtained":[{"floor":5,"key":"AttackPotion"}],"is_trial":false,"path_per_floor":["M","M","$","M","M","R","E","R","T","?","$","R","?","M","R","B"],"character_chosen":"IRONCLAD","items_purchased":["Cleave"],"campfire_rested":2,"item_purchase_floors":[11],"current_hp_per_floor":[88,88,88,84,41,41,16,42,42,35,35,61,61,58,58,0],"gold":22,"neow_bonus":"TEN_PERCENT_HP_BONUS","is_prod":false,"is_daily":false,"chose_seed":false,"campfire_upgraded":2,"win_rate":0,"timestamp":1568771321,"path_taken":["M","?","$","M","M","R","E","R","T","?","$","R","?","M","R","BOSS"],"build_version":"2019-07-17","purchased_purges":2,"victory":false,"max_hp_per_floor":[88,88,88,88,88,88,88,88,88,88,88,88,88,88,88,88],"card_choices":[{"not_picked":["Wild Strike","Dropkick"],"picked":"Bloodletting","floor":1},{"not_picked":["Second Wind","Hemokinesis","Flex"],"picked":"SKIP","floor":2},{"not_picked":["Havoc","Armaments","Fire Breathing"],"picked":"SKIP","floor":4},{"not_picked":["Hemokinesis","Havoc"],"picked":"True Grit","floor":5},{"not_picked":["Armaments","Reckless Charge"],"picked":"Impervious","floor":7},{"not_picked":["Feel No Pain","Body Slam","Blood for Blood"],"picked":"SKIP","floor":14}],"player_experience":207625,"relics_obtained":[{"floor":7,"key":"Omamori"},{"floor":9,"key":"Oddly Smooth Stone"}],"event_choices":[{"cards_removed":["Defend_R"],"damage_healed":0,"gold_gain":0,"player_choice":"Card Removal","damage_taken":7,"max_hp_gain":0,"max_hp_loss":0,"event_name":"Golden Wing","floor":10,"gold_loss":0},{"cards_removed":["Strike_R"],"damage_healed":0,"gold_gain":0,"player_choice":"Purged","damage_taken":0,"max_hp_gain":0,"max_hp_loss":0,"event_name":"Purifier","floor":13,"gold_loss":0}],"is_beta":false,"boss_relics":[],"items_purged_floors":[3,11],"is_endless":false,"potions_floor_spawned":[5],"killed_by":"Hexaghost","ascension_level":5}