{"gold_per_floor":[116,116,127,142,142,142,174,161,161,173,183,183,183,201,201,298,298,318,243,243,255,255,255,131,162,162,175,175,274,274,274,274,371,371,384,484,84,96,96,96,96],"floor_reached":41,"playtime":3393,"items_purged":["Strike_R","Strike_R"],"score":434,"play_id":"bdc982c1-ac94-4f98-9d28-3eee5820f04d","local_time":"20190901174551","is_ascension_mode":false,"campfire_choices":[{"data":"Armaments","floor":6.0,"key":"SMITH"},{"data":"Thunderclap","floor":13.0,"key":"SMITH"},{"data":"Rampage","floor":15.0,"key":"SMITH"},{"data":"Rage","floor":23,"key":"SMITH"},{"data":"True Grit","floor":28,"key":"SMITH"},{"data":"Finesse","floor":30,"key":"SMITH"},{"data":"Rampage","floor":32,"key":"SMITH"},{"data":"Barricade","floor":40,"key":"SMITH"}],"neow_cost":"NONE","seed_source_timestamp":0,"circlet_count":0,"master_deck":["Strike_R","Strike_R","Defend_R","Defend_R","Defend_R","Defend_R","Bash","Thunderclap","Pommel Strike","Rampage+1","Armaments+1","Dropkick","Rampage+1","Thunderclap","Uppercut","Thunderclap+1","Finesse+1","Berserk","Rage+1","Thunderclap+1","True Grit+1","Barricade+1"],"special_seed":0,"relics":["Black Blood","Bag of Marbles","Ginger","Matryoshka","Cursed Key","Gremlin Horn","Self Forming Clay"],"potions_floor_usage":[25,33,41,41,41],"damage_taken":[{"damage":12.0,"enemies":"2 Louse","floor":1.0,"turns":3.0},{"damage":1.0,"enemies":"Cultist","floor":3.0,"turns":4.0},{"damage":6.0,"enemies":"Jaw Worm","floor":4.0,"turns":3.0},{"damage":25.0,"enemies":"3 Sentries","floor":7.0,"turns":9.0},{"damage":10.0,"enemies":"Exordium Thugs","floor":8.0,"turns":4.0},{"damage":2.0,"enemies":"Blue Slaver","floor":10.0,"turns":2.0},{"damage":6.0,"enemies":"3 Louse","floor":11.0,"turns":2.0},{"damage":5.0,"enemies":"Looter","floor":14.0,"turns":3.0},{"damage":49.0,"enemies":"Hexaghost","floor":16.0,"turns":10.0},{"damage":22,"enemies":"Spheric Guardian","floor":18,"turns":4},{"damage":6,"enemies":"Chosen","floor":21,"turns":4},{"damage":35,"enemies":"Gremlin Leader","floor":25,"turns":8},{"damage":21,"enemies":"Centurion and Healer","floor":27,"turns":6},{"damage":44,"enemies":"Champ","floor":33,"turns":11},{"damage":39,"enemies":"3 Darklings","floor":35,"turns":6},{"damage":29,"enemies":"3 Shapes","floor":38,"turns":4},{"damage":62,"enemies":"Reptomancer","floor":41,"turns":6}],"seed_played":"-8932166013595510801","potions_obtained":[{"floor":1.0,"key":"BloodPotion"},{"floor":3.0,"key":"Weak Potion"},{"floor":8.0,"key":"Block Potion"},{"floor":25,"key":"BloodPotion"},{"floor":27,"key":"AttackPotion"}],"is_trial":false,"path_per_floor":["M","?","M","M","?","R","E","M","T","M","M","?","R","M","R","B",null,"M","?","?","M","?","R","$","E","T","M","R","?","R","?","R","B",null,"M","?","$","M","?","R","E"],"character_chosen":"IRONCLAD","items_purchased":["PowerPotion","Block Potion","Self Forming Clay"],"campfire_rested":0,"item_purchase_floors":[24,37,37],"current_hp_per_floor":[82,82,87,87,80,80,61,57,57,61,61,61,61,62,62,19,88,72,72,72,72,72,72,72,65,65,50,50,50,50,88,88,50,88,59,59,59,40,40,40,0],"gold":96,"neow_bonus":"TEN_PERCENT_HP_BONUS","is_prod":false,"is_daily":false,"chose_seed":false,"campfire_upgraded":8,"win_rate":0.0,"timestamp":1567374351,"path_taken":["M","?","?","M","?","R","E","M","T","M","M","?","R","?","R","BOSS","M","?","?","M","?","R","$","E","T","M","R","?","R","?","R","BOSS","M","?","$","?","?","R","E"],"build_version":"2019-07-17","purchased_purges":2,"victory":false,"max_hp_per_floor":[88,88,88,88,88,88,88,88,88,88,88,88,88,88,88,88,88,88,88,88,88,88,88,88,88,88,88,88,88,88,88,88,88,88,88,88,88,88,84,84,84],"card_choices":[{"not_picked":["Dropkick","Hemokinesis"],"picked":"Thunderclap","floor":1.0},{"not_picked":["Seeing Red","Clash"],"picked":"Rampage","floor":3.0},{"not_picked":["Clothesline","Bloodletting"],"picked":"Armaments","floor":4.0},{"not_picked":["Entrench","Clash"],"picked":"Dropkick","floor":7.0},{"not_picked":["Anger","Reckless Charge"],"picked":"Rampage","floor":8.0},{"not_picked":["Shrug It Off","Perfected Strike"],"picked":"Thunderclap","floor":10.0},{"not_picked":["Clothesline","Intimidate"],"picked":"Uppercut","floor":11.0},{"not_picked":["Armaments","Juggernaut","Bloodletting"],"picked":"SKIP","floor":14.0},{"not_picked":["Barricade","Feed"],"picked":"Berserk","floor":16.0},{"not_picked":["Intimidate","Headbutt+1"],"picked":"Rage","floor":18},{"not_picked":["Dual Wield","Armaments"],"picked":"Thunderclap+1","floor":21},{"not_picked":["Cleave","Spot Weakness"],"picked":"True Grit","floor":25},{"not_picked":["Iron Wave","Spot Weakness","Bludgeon"],"picked":"SKIP","floor":27},{"not_picked":["Double Tap","Impervious"],"picked":"Barricade","floor":33},{"not_picked":["Perfected Strike+1","True Grit","Fire Breathing"],"picked":"SKIP","floor":35},{"not_picked":["Sword Boomerang","Hemokinesis+1","Combust"],"picked":"SKIP","floor":38}],"player_experience":9936,"relics_obtained":[{"floor":7.0,"key":"Ginger"},{"floor":9.0,"key":"Matryoshka"},{"floor":25,"key":"Gremlin Horn"}],"event_choices":[{"damage_healed":0.0,"max_hp_gain":0.0,"max_hp_loss":0.0,"gold_gain":0.0,"cards_transformed":["Strike_R"],"event_name":"Transmorgrifier","player_choice":"Transformed","floor":2.0,"gold_loss":0.0,"damage_taken":0.0,"cards_obtained":["Pommel Strike"]},{"damage_healed":0.0,"max_hp_gain":0.0,"max_hp_loss":0.0,"gold_gain":0.0,"event_name":"Scrap Ooze","player_choice":"Success","floor":5.0,"gold_loss":0.0,"damage_taken":7.0,"relics_obtained":["Bag of Marbles"]},{"damage_healed":0.0,"max_hp_gain":0.0,"max_hp_loss":0.0,"gold_gain":0.0,"event_name":"Match and Keep!","player_choice":"3 cards matched","floor":12.0,"gold_loss":0.0,"damage_taken":0.0,"cards_obtained":["Thunderclap","Doubt","Finesse"]},{"damage_healed":0.0,"max_hp_gain":0.0,"max_hp_loss":0.0,"gold_gain":0.0,"event_name":"Match and Keep!","player_choice":"3 cards matched","floor":12.0,"gold_loss":0.0,"damage_taken":0.0,"cards_obtained":["Thunderclap","Doubt","Finesse"]},{"cards_removed":["Doubt"],"damage_healed":0,"gold_gain":0,"player_choice":"Gave Gold","damage_taken":0,"max_hp_gain":0,"max_hp_loss":0,"event_name":"Beggar","floor":19,"gold_loss":75},{"damage_healed":0,"gold_gain":0,"player_choice":"Ignored","damage_taken":0,"max_hp_gain":0,"max_hp_loss":0,"event_name":"Ghosts","floor":22,"gold_loss":0},{"damage_healed":0,"gold_gain":99,"player_choice":"Stole From Cult","damage_taken":0,"max_hp_gain":0,"max_hp_loss":0,"event_name":"Nest","floor":29,"gold_loss":0},{"damage_healed":38,"gold_gain":0,"player_choice":"Full Heal","damage_taken":0,"max_hp_gain":0,"max_hp_loss":0,"event_name":"Wheel of Change","floor":31,"gold_loss":0},{"damage_healed":0,"gold_gain":100,"player_choice":"Pray","damage_taken":0,"max_hp_gain":0,"max_hp_loss":0,"event_name":"Golden Shrine","floor":36,"gold_loss":0},{"damage_healed":0,"gold_gain":0,"player_choice":"Max HP","damage_taken":0,"max_hp_gain":0,"max_hp_loss":4,"event_name":"Winding Halls","floor":39,"gold_loss":0}],"is_beta":false,"boss_relics":[{"not_picked":["Busted Crown","Eternal Feather"],"picked":"Cursed Key"},{"not_picked":["Lizard Tail","Calling Bell"],"picked":"Black Blood"}],"items_purged_floors":[24,37],"is_endless":false,"potions_floor_spawned":[1,3,8,25,27],"killed_by":"Reptomancer","ascension_level":0}