{"gold_per_floor":[113,161,176,176,14,14,34,69,96,57,70,84,11,23,23,122,172,184,109,126,141,141,141,157,168,168,168,184,216,216,251,251,352,352,370,427,500,33,49,49,67,67,67,84,130,0,0,0,0,0],"floor_reached":51,"playtime":3457,"items_purged":["Strike_B","Strike_B"],"score":689,"play_id":"84db94da-f5c9-4d84-8c37-f320ee0b1e3c","local_time":"20190922005412","is_ascension_mode":false,"campfire_choices":[{"data":"Biased Cognition","floor":6.0,"key":"SMITH"},{"data":"Loop","floor":15.0,"key":"SMITH"},{"data":"Creative AI","floor":23.0,"key":"SMITH"},{"floor":27.0,"key":"REST"},{"data":"Leap","floor":30.0,"key":"SMITH"},{"floor":32.0,"key":"REST"},{"data":"Loop","floor":40.0,"key":"SMITH"},{"data":"Conserve Battery","floor":42.0,"key":"SMITH"},{"floor":47.0,"key":"REST"},{"data":"Sweeping Beam","floor":49,"key":"SMITH"}],"neow_cost":"NONE","seed_source_timestamp":0,"circlet_count":0,"master_deck":["Strike_B+1","Defend_B","Defend_B+1","Defend_B","Zap","Dualcast+1","Biased Cognition+1","Ball Lightning","Force Field","Dramatic Entrance","Chill","Loop+1","Leap+1","BootSequence","Self Repair","Creative AI+1","Sweeping Beam+1","Storm+1","Loop","Seek","Heatsinks","Seek","Conserve Battery+1","Loop+1","Hologram+1","Chill+1"],"special_seed":0,"relics":["Cracked Core","Blood Vial","Blue Candle","Boot","Ancient Tea Set","Nloth\u0027s Gift","War Paint","Letter Opener","Centennial Puzzle","Sozu","Tiny Chest","Pear","Bag of Preparation","PreservedInsect","Toxic Egg 2","Dead Branch","Red Mask"],"potions_floor_usage":[50,50,50],"damage_taken":[{"damage":1.0,"enemies":"Cultist","floor":1.0,"turns":3.0},{"damage":1.0,"enemies":"Jaw Worm","floor":3.0,"turns":3.0},{"damage":0.0,"enemies":"Small Slimes","floor":7.0,"turns":2.0},{"damage":13.0,"enemies":"Lagavulin","floor":8.0,"turns":4.0},{"damage":2.0,"enemies":"3 Louse","floor":11.0,"turns":2.0},{"damage":0.0,"enemies":"Large Slime","floor":12.0,"turns":4.0},{"damage":12.0,"enemies":"Gremlin Gang","floor":14.0,"turns":3.0},{"damage":36.0,"enemies":"Hexaghost","floor":16.0,"turns":10.0},{"damage":11.0,"enemies":"3 Byrds","floor":18.0,"turns":5.0},{"damage":19.0,"enemies":"Chosen","floor":20.0,"turns":5.0},{"damage":22.0,"enemies":"Centurion and Healer","floor":21.0,"turns":3.0},{"damage":31.0,"enemies":"Snecko","floor":24.0,"turns":5.0},{"damage":5.0,"enemies":"Chosen and Byrds","floor":25.0,"turns":4.0},{"damage":11.0,"enemies":"Snake Plant","floor":28.0,"turns":3.0},{"damage":8.0,"enemies":"Gremlin Leader","floor":29.0,"turns":5.0},{"damage":34.0,"enemies":"Slavers","floor":31.0,"turns":4.0},{"damage":28.0,"enemies":"Champ","floor":33.0,"turns":9.0},{"damage":6.0,"enemies":"3 Shapes","floor":35.0,"turns":3.0},{"damage":12.0,"enemies":"3 Darklings","floor":39.0,"turns":4.0},{"damage":8.0,"enemies":"Jaw Worm Horde","floor":41.0,"turns":4.0},{"damage":7.0,"enemies":"4 Shapes","floor":44.0,"turns":3.0},{"damage":37.0,"enemies":"2 Orb Walkers","floor":45.0,"turns":4.0},{"damage":2.0,"enemies":"3 Darklings","floor":48.0,"turns":7.0},{"damage":78,"enemies":"Awakened One","floor":50,"turns":10}],"seed_played":"3709586555082654784","potions_obtained":[{"floor":1.0,"key":"EssenceOfSteel"},{"floor":3.0,"key":"EssenceOfSteel"},{"floor":8.0,"key":"AttackPotion"},{"floor":16.0,"key":"Energy Potion"},{"floor":17.0,"key":"Fruit Juice"},{"floor":20.0,"key":"Poison Potion"},{"floor":24.0,"key":"Swift Potion"}],"is_trial":false,"path_per_floor":["M","T","M","T","$","R","M","E","T","$","M","M","$","M","R","B",null,"M","?","M","M","?","R","M","M","T","R","M","E","R","E","R","B",null,"M","T","T","$","M","R","M","R","T","M","?","?","R","M","R","B",null],"character_chosen":"DEFECT","items_purchased":["Dramatic Entrance","Loop","Self Repair","Bag of Preparation","PreservedInsect","Loop"],"campfire_rested":3,"item_purchase_floors":[5,10,13,38,38,38],"current_hp_per_floor":[74,74,74,74,74,74,75,62,62,62,62,64,64,61,61,34,80,81,81,71,58,58,58,29,33,33,58,56,57,57,25,50,31,85,85,85,95,95,83,83,84,84,84,79,51,51,79,86,86,17],"gold":0,"neow_bonus":"TRANSFORM_CARD","is_prod":false,"is_daily":false,"chose_seed":false,"campfire_upgraded":7,"win_rate":0.0,"timestamp":1569128052,"path_taken":["M","?","?","?","?","R","M","E","T","$","M","M","$","M","R","BOSS","M","?","M","M","?","R","M","M","T","R","M","E","R","E","R","BOSS","M","?","?","$","?","R","M","R","T","M","?","?","R","M","R","BOSS"],"build_version":"2019-07-17","purchased_purges":2,"victory":true,"max_hp_per_floor":[75,75,75,75,75,75,75,75,75,75,75,75,75,75,75,75,80,85,85,85,85,85,85,85,85,85,85,85,85,85,85,85,85,85,85,85,95,95,95,95,95,95,95,95,95,95,95,95,95,95],"card_choices":[{"not_picked":["Chaos","Doom and Gloom"],"picked":"Ball Lightning","floor":1.0},{"not_picked":["Defragment","Leap"],"picked":"Force Field","floor":3.0},{"not_picked":["Go for the Eyes","Fusion"],"picked":"Chill","floor":7.0},{"not_picked":["Thunder Strike","Consume","Redo"],"picked":"SKIP","floor":8.0},{"not_picked":["Stack","Cold Snap"],"picked":"Leap","floor":11.0},{"not_picked":["Redo","Tempest"],"picked":"BootSequence","floor":12.0},{"not_picked":["BootSequence","Streamline","Stack"],"picked":"SKIP","floor":14.0},{"not_picked":["Buffer","All For One"],"picked":"Creative AI","floor":16.0},{"not_picked":["Leap","Coolheaded"],"picked":"Sweeping Beam","floor":17.0},{"not_picked":["Stack","Barrage","Defragment"],"picked":"SKIP","floor":18.0},{"not_picked":["Hologram","Conserve Battery+1"],"picked":"Storm+1","floor":20.0},{"not_picked":["Cold Snap","Scrape"],"picked":"Loop","floor":21.0},{"not_picked":["Hologram","Auto Shields","Heatsinks"],"picked":"SKIP","floor":24.0},{"not_picked":["Lockon+1","Cold Snap","Scrape"],"picked":"SKIP","floor":25.0},{"not_picked":["Steam","Beam Cell"],"picked":"Seek","floor":28.0},{"not_picked":["Self Repair","Capacitor"],"picked":"Heatsinks","floor":29.0},{"not_picked":["Blizzard","Thunder Strike","Melter"],"picked":"SKIP","floor":31.0},{"not_picked":["Meteor Strike","Fission"],"picked":"Seek","floor":33.0},{"not_picked":["Gash+1","Melter"],"picked":"Conserve Battery","floor":35.0},{"not_picked":["Ball Lightning","Go for the Eyes","Steam"],"picked":"SKIP","floor":39.0},{"not_picked":["Compile Driver","Tempest","Biased Cognition"],"picked":"SKIP","floor":41.0},{"not_picked":["Gash+1","Skim+1","Ball Lightning"],"picked":"SKIP","floor":44.0},{"not_picked":["Compile Driver","Auto Shields+1"],"picked":"Hologram+1","floor":45.0},{"not_picked":["Storm+1","Self Repair"],"picked":"Chill+1","floor":48}],"player_experience":228048,"relics_obtained":[{"floor":2.0,"key":"Blood Vial"},{"floor":4.0,"key":"Blue Candle"},{"floor":8.0,"key":"Boot"},{"floor":9.0,"key":"Ancient Tea Set"},{"floor":26.0,"key":"War Paint"},{"floor":29.0,"key":"Letter Opener"},{"floor":31.0,"key":"Centennial Puzzle"},{"floor":36.0,"key":"Tiny Chest"},{"floor":37.0,"key":"Pear"},{"floor":43.0,"key":"Toxic Egg 2"},{"floor":45.0,"key":"Dead Branch"}],"event_choices":[{"cards_removed":["Defend_B"],"damage_healed":0.0,"max_hp_gain":0.0,"max_hp_loss":0.0,"gold_gain":0.0,"event_name":"Beggar","player_choice":"Gave Gold","floor":19.0,"gold_loss":75.0,"damage_taken":0.0},{"damage_healed":0.0,"max_hp_gain":0.0,"max_hp_loss":0.0,"gold_gain":0.0,"event_name":"N\u0027loth","player_choice":"Traded Relic","floor":22.0,"relics_lost":["Tiny House"],"gold_loss":0.0,"damage_taken":0.0,"relics_obtained":["Nloth\u0027s Gift"]},{"damage_healed":0.0,"max_hp_gain":0.0,"max_hp_loss":0.0,"gold_gain":0.0,"event_name":"Mysterious Sphere","player_choice":"Fight","floor":45.0,"gold_loss":0.0,"damage_taken":0.0},{"damage_healed":0.0,"max_hp_gain":0.0,"max_hp_loss":0.0,"gold_gain":0.0,"event_name":"Tomb of Lord Red Mask","player_choice":"Paid","floor":46.0,"gold_loss":130.0,"damage_taken":0.0,"relics_obtained":["Red Mask"]}],"is_beta":false,"boss_relics":[{"not_picked":["Ectoplasm","Orrery"],"picked":"Tiny House"},{"not_picked":["Eternal Feather","FrozenCore"],"picked":"Sozu"}],"items_purged_floors":[5,38],"is_endless":false,"potions_floor_spawned":[1,3,8,14,16,20,24,28,29,31,41,44,45],"ascension_level":0}