{"gold_per_floor":[111,138,150,150,150,150,182,202,202,230,23,38,38,58,58,154,154,173,139,238,153,215,227,268,280,292,338,13,13,30,46,46,144,144,159,169,184,59,71,71,71,82,130,161,161,193,193,213,213,213],"floor_reached":51,"playtime":3263,"items_purged":["Strike_B","Zap","Redo"],"score":1033,"play_id":"8e30efa9-4c6f-41f3-bdd1-b502438555a5","local_time":"20190928162141","is_ascension_mode":true,"campfire_choices":[{"data":"Sweeping Beam","floor":6.0,"key":"SMITH"},{"data":"Static Discharge","floor":13.0,"key":"SMITH"},{"floor":15.0,"key":"REST"},{"data":"Machine Learning","floor":23.0,"key":"SMITH"},{"floor":25.0,"key":"REST"},{"floor":29.0,"key":"REST"},{"floor":32.0,"key":"REST"},{"floor":40,"key":"REST"},{"data":"Doom and Gloom","floor":45,"key":"SMITH"},{"floor":47,"key":"REST"},{"floor":49,"key":"REST"}],"neow_cost":"NONE","seed_source_timestamp":0,"circlet_count":0,"master_deck":["Dualcast","Sweeping Beam+1","Go for the Eyes","Reboot","Static Discharge+1","Go for the Eyes","Flash of Steel","Cold Snap","Hologram+1","Machine Learning+1","Defragment","Glacier+1","Reinforced Body","Tempest","Skim","Lockon","Self Repair","Doom and Gloom+1","Chaos+1","Steam","Electrodynamics","Conserve Battery","Parasite","Tempest","Coolheaded+1","Seek"],"special_seed":0,"relics":["Cracked Core","NeowsBlessing","Happy Flower","Pear","Blue Candle","Emotion Chip","Pandora\u0027s Box","MawBank","Darkstone Periapt","Dodecahedron","DataDisk","Chemical X","Eternal Feather","Potion Belt","War Paint","Peace Pipe","Ancient Tea Set"],"potions_floor_usage":[50,50,50],"damage_taken":[{"damage":0.0,"enemies":"Cultist","floor":1.0,"turns":1.0},{"damage":0.0,"enemies":"2 Louse","floor":3.0,"turns":1.0},{"damage":0.0,"enemies":"Gremlin Nob","floor":7.0,"turns":1.0},{"damage":0.0,"enemies":"Small Slimes","floor":8.0,"turns":2.0},{"damage":15.0,"enemies":"3 Sentries","floor":10.0,"turns":5.0},{"damage":8.0,"enemies":"Red Slaver","floor":12.0,"turns":2.0},{"damage":9.0,"enemies":"Exordium Wildlife","floor":14.0,"turns":4.0},{"damage":17.0,"enemies":"Hexaghost","floor":16.0,"turns":9.0},{"damage":9.0,"enemies":"Chosen","floor":18.0,"turns":4.0},{"damage":41.0,"enemies":"Gremlin Leader","floor":24.0,"turns":8.0},{"damage":25.0,"enemies":"Book of Stabbing","floor":27.0,"turns":5.0},{"damage":6.0,"enemies":"3 Byrds","floor":30.0,"turns":3.0},{"damage":14.0,"enemies":"Shelled Parasite and Fungi","floor":31.0,"turns":5.0},{"damage":58.0,"enemies":"Champ","floor":33.0,"turns":8.0},{"damage":22,"enemies":"3 Darklings","floor":35,"turns":2},{"damage":3,"enemies":"Orb Walker","floor":36,"turns":5},{"damage":12,"enemies":"Sphere and 2 Shapes","floor":37,"turns":3},{"damage":30,"enemies":"Maw","floor":39,"turns":9},{"damage":10,"enemies":"Writhing Mass","floor":42,"turns":5},{"damage":11,"enemies":"Reptomancer","floor":44,"turns":5},{"damage":37,"enemies":"Giant Head","floor":46,"turns":9},{"damage":18,"enemies":"4 Shapes","floor":48,"turns":3},{"damage":48,"enemies":"Awakened One","floor":50,"turns":12}],"seed_played":"-2437738520725355161","potions_obtained":[{"floor":1.0,"key":"Strength Potion"},{"floor":10.0,"key":"FocusPotion"},{"floor":12.0,"key":"Poison Potion"},{"floor":24.0,"key":"LiquidBronze"},{"floor":31.0,"key":"FocusPotion"},{"floor":42,"key":"Poison Potion"},{"floor":48,"key":"Fire Potion"}],"is_trial":false,"path_per_floor":["M","T","M","?","?","R","E","M","T","E","$","M","R","M","R","B",null,"M","$","?","?","?","R","E","R","T","E","$","R","M","M","R","B",null,"M","M","M","$","M","R","?","M","T","E","R","E","R","M","R","B",null],"character_chosen":"DEFECT","items_purchased":["Flash of Steel","Cold Snap","Self Repair","Chemical X","Steam"],"campfire_rested":7,"item_purchase_floors":[11,11,19,28,28],"current_hp_per_floor":[68,68,68,68,68,68,78,78,78,63,63,55,55,46,71,54,77,68,68,68,68,68,68,34,59,59,41,41,66,67,60,85,27,71,49,46,41,41,18,55,55,58,58,54,66,36,78,60,91,50],"gold":213,"neow_bonus":"THREE_ENEMY_KILL","is_prod":false,"is_daily":false,"chose_seed":false,"campfire_upgraded":4,"win_rate":0,"timestamp":1569702101,"path_taken":["M","?","?","?","?","R","E","M","T","E","$","?","R","M","R","BOSS","M","$","?","?","?","R","E","R","T","E","$","R","M","M","R","BOSS","M","M","M","$","M","R","?","M","T","E","R","E","R","M","R","BOSS"],"build_version":"2019-07-17","purchased_purges":3,"victory":true,"max_hp_per_floor":[75,75,75,75,75,75,85,85,85,85,85,85,85,85,85,85,85,85,85,85,85,85,85,85,85,85,85,85,85,85,85,85,85,85,85,85,85,85,85,85,85,91,91,91,91,91,91,91,91,91],"card_choices":[{"not_picked":["Static Discharge","Rip and Tear"],"picked":"Sweeping Beam","floor":1.0},{"not_picked":["FTL","Rebound"],"picked":"Go for the Eyes","floor":3.0},{"not_picked":["Go for the Eyes","Rip and Tear"],"picked":"Reboot","floor":7.0},{"not_picked":["Stack","Double Energy"],"picked":"Static Discharge","floor":8.0},{"not_picked":["Compile Driver","Ball Lightning"],"picked":"Go for the Eyes","floor":10.0},{"not_picked":["Barrage","Rebound"],"picked":"Hologram","floor":12.0},{"not_picked":["Beam Cell","Stack","Scrape"],"picked":"SKIP","floor":14.0},{"not_picked":["Thunder Strike","Rainbow"],"picked":"Machine Learning","floor":16.0},{"not_picked":["Fusion","Compile Driver","Conserve Battery+1"],"picked":"SKIP","floor":18.0},{"not_picked":["Compile Driver","Ball Lightning"],"picked":"Doom and Gloom","floor":24.0},{"not_picked":["Coolheaded","Aggregate"],"picked":"Chaos+1","floor":27.0},{"not_picked":["Go for the Eyes","Storm","Steam+1"],"picked":"SKIP","floor":30.0},{"not_picked":["Barrage","Thunder Strike","Compile Driver"],"picked":"SKIP","floor":31.0},{"not_picked":["Machine Learning","Thunder Strike"],"picked":"Electrodynamics","floor":33.0},{"not_picked":["Barrage+1","Turbo","Rip and Tear"],"picked":"SKIP","floor":35},{"not_picked":["Genetic Algorithm","Reprogram+1"],"picked":"Conserve Battery","floor":36},{"not_picked":["Go for the Eyes","Sweeping Beam","Stack+1"],"picked":"SKIP","floor":37},{"not_picked":["Conserve Battery","Thunder Strike","Streamline+1"],"picked":"SKIP","floor":39},{"not_picked":["Blizzard","Go for the Eyes+1"],"picked":"Tempest","floor":42},{"not_picked":["Compile Driver+1","Blizzard","Aggregate"],"picked":"SKIP","floor":44},{"not_picked":["Redo+1","Go for the Eyes"],"picked":"Coolheaded+1","floor":46},{"not_picked":["Stack","Fusion+1"],"picked":"Seek","floor":48}],"player_experience":290294,"relics_obtained":[{"floor":2.0,"key":"Happy Flower"},{"floor":7.0,"key":"Pear"},{"floor":9.0,"key":"Blue Candle"},{"floor":10.0,"key":"Emotion Chip"},{"floor":24.0,"key":"Darkstone Periapt"},{"floor":26.0,"key":"Dodecahedron"},{"floor":27.0,"key":"DataDisk"},{"floor":43,"key":"War Paint"},{"floor":44,"key":"Peace Pipe"},{"floor":46,"key":"Ancient Tea Set"}],"event_choices":[{"damage_healed":0.0,"max_hp_gain":0.0,"max_hp_loss":0.0,"gold_gain":0.0,"event_name":"Liars Game","player_choice":"Ignored","floor":4.0,"gold_loss":0.0,"damage_taken":0.0},{"damage_healed":0.0,"max_hp_gain":0.0,"max_hp_loss":0.0,"gold_gain":0.0,"event_name":"The Woman in Blue","player_choice":"Bought 0 Potions","floor":5.0,"gold_loss":0.0,"damage_taken":0.0},{"damage_healed":0.0,"max_hp_gain":0.0,"max_hp_loss":0.0,"gold_gain":99.0,"event_name":"Nest","player_choice":"Stole From Cult","floor":20.0,"gold_loss":0.0,"damage_taken":0.0},{"damage_healed":0.0,"max_hp_gain":0.0,"max_hp_loss":0.0,"gold_gain":0.0,"event_name":"Addict","player_choice":"Obtained Relic","floor":21.0,"gold_loss":85.0,"damage_taken":0.0,"relics_obtained":["MawBank"]},{"damage_healed":0.0,"max_hp_gain":0.0,"max_hp_loss":0.0,"gold_gain":100.0,"event_name":"The Joust","player_choice":"Bet on Murderer","floor":22.0,"gold_loss":50.0,"damage_taken":0.0},{"damage_healed":0,"gold_gain":0,"player_choice":"Gave Potion","damage_taken":0,"relics_obtained":["Potion Belt"],"max_hp_gain":0,"max_hp_loss":0,"event_name":"WeMeetAgain","floor":41,"gold_loss":0}],"is_beta":false,"boss_relics":[{"not_picked":["Ectoplasm","Inserter"],"picked":"Pandora\u0027s Box"},{"not_picked":["Snecko Eye","Nuclear Battery"],"picked":"Eternal Feather"}],"items_purged_floors":[11,28,38],"is_endless":false,"potions_floor_spawned":[1,10,12,24,31,39,42,48],"ascension_level":7}