{"gold_per_floor":[112,37,49,49,68,112,112,143,169,202,220,120,120,145,145,264,264,264],"floor_reached":18,"playtime":1379,"items_purged":["Strike_B","Strike_B"],"score":189,"play_id":"80ee21b2-4802-4515-9722-cbf8ba666078","local_time":"20190922130955","is_ascension_mode":true,"campfire_choices":[{"floor":7,"key":"REST"},{"floor":15,"key":"REST"}],"neow_cost":"NONE","seed_source_timestamp":919967011064500,"circlet_count":0,"master_deck":["Strike_B","Strike_B","Defend_B","Defend_B","Defend_B","Zap","Dualcast","Hologram","Rebound","Coolheaded","Conserve Battery","Skim","Capacitor","Biased Cognition"],"special_seed":0,"relics":["Cracked Core","Juzu Bracelet","Golden Idol","Bag of Marbles","Anchor","PreservedInsect","Happy Flower","Philosopher\u0027s Stone"],"potions_floor_usage":[16,16,16],"damage_taken":[{"damage":0.0,"enemies":"2 Louse","floor":1.0,"turns":3.0},{"damage":1.0,"enemies":"Jaw Worm","floor":3.0,"turns":4.0},{"damage":3,"enemies":"Cultist","floor":5,"turns":3},{"damage":41,"enemies":"3 Sentries","floor":6,"turns":9},{"damage":38,"enemies":"Lagavulin","floor":8,"turns":9},{"damage":4,"enemies":"Gremlin Nob","floor":10,"turns":3},{"damage":0,"enemies":"3 Louse","floor":11,"turns":5},{"damage":0,"enemies":"2 Fungi Beasts","floor":14,"turns":5},{"damage":18,"enemies":"The Guardian","floor":16,"turns":15},{"damage":18,"enemies":"Shell Parasite","floor":18,"turns":8}],"seed_played":"-9028828088803285190","potions_obtained":[{"floor":3,"key":"Energy Potion"},{"floor":6,"key":"SteroidPotion"},{"floor":10,"key":"Block Potion"}],"is_trial":false,"path_per_floor":["M","$","M","?","M","E","R","E","T","E","M","$","?","M","R","B",null,"M"],"character_chosen":"DEFECT","items_purchased":[],"campfire_rested":2,"item_purchase_floors":[],"current_hp_per_floor":[75,75,74,69,66,25,45,7,7,3,3,3,3,3,23,5,69,51],"gold":264,"neow_bonus":"RANDOM_COMMON_RELIC","is_prod":false,"is_daily":false,"chose_seed":false,"campfire_upgraded":0,"win_rate":0,"timestamp":1569172195,"path_taken":["M","$","M","?","M","E","R","E","T","E","M","?","?","M","R","BOSS","M"],"build_version":"2019-07-17","purchased_purges":2,"victory":false,"max_hp_per_floor":[75,75,75,69,69,69,69,69,69,69,69,69,69,69,69,69,69,69],"card_choices":[{"not_picked":["Ball Lightning","Steam"],"picked":"Hologram","floor":1.0},{"not_picked":["Chaos","Scrape"],"picked":"Rebound","floor":3},{"not_picked":["Sunder","Streamline","Rebound"],"picked":"SKIP","floor":5},{"not_picked":["Rainbow","Streamline"],"picked":"Coolheaded","floor":6},{"not_picked":["Darkness","Streamline"],"picked":"Conserve Battery","floor":8},{"not_picked":["Stack","Ball Lightning","Compile Driver"],"picked":"SKIP","floor":10},{"not_picked":["Force Field","Genetic Algorithm"],"picked":"Skim","floor":11},{"not_picked":["Doom and Gloom","Steam"],"picked":"Capacitor","floor":14},{"not_picked":["Fission","Hyperbeam"],"picked":"Biased Cognition","floor":16}],"player_experience":240670,"relics_obtained":[{"floor":6,"key":"Bag of Marbles"},{"floor":8,"key":"Anchor"},{"floor":9,"key":"PreservedInsect"},{"floor":10,"key":"Happy Flower"}],"event_choices":[{"damage_healed":0,"gold_gain":0,"player_choice":"Lose Max HP","damage_taken":0,"relics_obtained":["Golden Idol"],"max_hp_gain":0,"max_hp_loss":6,"event_name":"Golden Idol","floor":4,"gold_loss":0},{"cards_removed":["Defend_B"],"damage_healed":0,"gold_gain":0,"player_choice":"Forget","damage_taken":0,"max_hp_gain":0,"max_hp_loss":0,"event_name":"Living Wall","floor":13,"gold_loss":0}],"is_beta":false,"boss_relics":[{"not_picked":["Lizard Tail","Busted Crown"],"picked":"Philosopher\u0027s Stone"}],"items_purged_floors":[2,12],"is_endless":false,"potions_floor_spawned":[3,6,10],"killed_by":"Shell Parasite","ascension_level":1}