{"gold_per_floor":[110,130,147,72,72,72,101,101,101,126,146,146,164,199,199,295,295,314,333,349,349,359,394,394,220,273,287,287,298,331,246,246,343,343,354,354,354,195,211,238,270,301,301,151,197,216,233,249,249,249],"floor_reached":51,"playtime":4745,"items_purged":["Defend_G","Strike_G","Strike_G","Strike_G"],"score":1047,"play_id":"d4157643-9097-4f65-81d6-da8b51c3789d","local_time":"20190911215624","is_ascension_mode":true,"campfire_choices":[{"data":"Neutralize","floor":6.0,"key":"SMITH"},{"data":"Dash","floor":8.0,"key":"SMITH"},{"data":"Cloak And Dagger","floor":12.0,"key":"SMITH"},{"data":"Well Laid Plans","floor":15.0,"key":"SMITH"},{"floor":24.0,"key":"REST"},{"floor":28.0,"key":"REST"},{"floor":32,"key":"REST"},{"floor":49,"key":"REST"}],"neow_cost":"NONE","seed_source_timestamp":0,"circlet_count":0,"master_deck":["Strike_G+1","Strike_G+1","Defend_G","Defend_G+1","Defend_G","Defend_G","Survivor+1","Neutralize+1","Dash+1","Well Laid Plans+1","Flying Knee+1","All Out Attack+1","Cloak And Dagger+1","Quick Slash+1","Phantasmal Killer","Noxious Fumes","Acrobatics+1","Backstab+1","Adrenaline","Escape Plan","Footwork+1","Calculated Gamble","Expertise+1","Masterful Stab+1","Backstab+1","Distraction+1"],"special_seed":0,"relics":["Ring of the Snake","Molten Egg 2","FossilizedHelix","Ornamental Fan","Whetstone","Sundial","Black Star","Mummified Hand","War Paint","PreservedInsect","Bag of Preparation","Snake Skull","Dream Catcher","Fusion Hammer","Thread and Needle","Strawberry","WingedGreaves","Shuriken","Toxic Egg 2","Letter Opener","Ancient Tea Set","Art of War","StoneCalendar"],"potions_floor_usage":[33,33],"damage_taken":[{"damage":4.0,"enemies":"Cultist","floor":1.0,"turns":4.0},{"damage":3.0,"enemies":"Jaw Worm","floor":2.0,"turns":3.0},{"damage":0.0,"enemies":"Small Slimes","floor":3.0,"turns":4.0},{"damage":15.0,"enemies":"Lagavulin","floor":7.0,"turns":10.0},{"damage":0.0,"enemies":"3 Sentries","floor":10.0,"turns":7.0},{"damage":0.0,"enemies":"Blue Slaver","floor":11.0,"turns":3.0},{"damage":0.0,"enemies":"Exordium Wildlife","floor":13.0,"turns":2.0},{"damage":0.0,"enemies":"Lagavulin","floor":14.0,"turns":5.0},{"damage":0.0,"enemies":"Hexaghost","floor":16.0,"turns":9.0},{"damage":0.0,"enemies":"Spheric Guardian","floor":18.0,"turns":3.0},{"damage":0.0,"enemies":"Shell Parasite","floor":19.0,"turns":5.0},{"damage":0.0,"enemies":"Cultist and Chosen","floor":20.0,"turns":6.0},{"damage":8.0,"enemies":"Centurion and Healer","floor":22.0,"turns":6.0},{"damage":18.0,"enemies":"Gremlin Leader","floor":23.0,"turns":7.0},{"damage":14.0,"enemies":"Snake Plant","floor":27.0,"turns":4.0},{"damage":7.0,"enemies":"Sentry and Sphere","floor":29.0,"turns":7.0},{"damage":0.0,"enemies":"Book of Stabbing","floor":30.0,"turns":5.0},{"damage":56,"enemies":"Champ","floor":33,"turns":16},{"damage":0,"enemies":"3 Shapes","floor":35,"turns":3},{"damage":0,"enemies":"Orb Walker","floor":39,"turns":2},{"damage":0,"enemies":"Nemesis","floor":40,"turns":7},{"damage":0,"enemies":"Giant Head","floor":41,"turns":7},{"damage":0,"enemies":"Nemesis","floor":42,"turns":5},{"damage":0,"enemies":"2 Orb Walkers","floor":45,"turns":3},{"damage":0,"enemies":"Spire Growth","floor":46,"turns":4},{"damage":0,"enemies":"Jaw Worm Horde","floor":47,"turns":3},{"damage":0,"enemies":"Transient","floor":48,"turns":5},{"damage":0,"enemies":"Donu and Deca","floor":50,"turns":7}],"seed_played":"4796491639241046789","potions_obtained":[{"floor":1.0,"key":"LiquidBronze"},{"floor":10.0,"key":"Poison Potion"},{"floor":11.0,"key":"AttackPotion"},{"floor":13.0,"key":"Strength Potion"},{"floor":16.0,"key":"Ancient Potion"},{"floor":20.0,"key":"Explosive Potion"},{"floor":30.0,"key":"AttackPotion"},{"floor":33,"key":"Regen Potion"},{"floor":41,"key":"Ancient Potion"},{"floor":45,"key":"Strength Potion"}],"is_trial":false,"path_per_floor":["M","M","M","$","T","R","E","R","T","E","M","R","M","E","R","B",null,"M","M","M","?","M","E","R","$","T","M","R","M","E","?","R","B",null,"M","?","T","$","M","E","E","E","T","$","?","M","M","M","R","B",null],"character_chosen":"THE_SILENT","items_purchased":["Noxious Fumes","Escape Plan"],"campfire_rested":4,"item_purchase_floors":[25,38],"current_hp_per_floor":[66,63,63,63,63,63,48,48,48,48,48,48,48,48,48,48,70,70,70,70,57,49,31,53,53,53,39,61,54,54,54,75,19,75,75,71,71,71,71,78,78,78,78,78,78,78,78,78,78,78],"gold":249,"neow_bonus":"THREE_CARDS","is_prod":false,"is_daily":false,"chose_seed":false,"campfire_upgraded":4,"win_rate":0,"timestamp":1568253384,"path_taken":["M","M","M","$","?","R","E","R","T","E","M","R","M","E","R","BOSS","M","M","M","?","M","E","R","$","T","M","R","M","E","?","R","BOSS","M","?","?","$","M","E","E","E","T","$","?","M","M","M","R","BOSS"],"build_version":"2019-07-17","purchased_purges":4,"victory":true,"max_hp_per_floor":[70,70,70,70,70,70,70,70,70,70,70,70,70,70,70,70,70,70,70,70,75,75,75,75,75,75,75,75,75,75,75,75,75,75,75,71,71,71,71,78,78,78,78,78,78,78,78,78,78,78],"card_choices":[{"not_picked":["Poisoned Stab","Blade Dance"],"picked":"Dash","floor":0.0},{"not_picked":["Riddle With Holes","Deflect","Poisoned Stab"],"picked":"SKIP","floor":1.0},{"not_picked":["Distraction","Acrobatics","Accuracy"],"picked":"SKIP","floor":2.0},{"not_picked":["Outmaneuver","Dagger Throw"],"picked":"Well Laid Plans","floor":3.0},{"not_picked":["Dodge and Roll","Poisoned Stab+1"],"picked":"Flying Knee+1","floor":7.0},{"not_picked":["Choke+1","Bouncing Flask"],"picked":"All Out Attack+1","floor":10.0},{"not_picked":["Concentrate","Dash+1"],"picked":"Cloak And Dagger","floor":11.0},{"not_picked":["Heel Hook+1","Poisoned Stab+1","Dodge and Roll"],"picked":"SKIP","floor":13.0},{"not_picked":["Outmaneuver","Bullet Time"],"picked":"Quick Slash+1","floor":14.0},{"not_picked":["Catalyst+1","Dagger Throw+1","Concentrate+1"],"picked":"SKIP","floor":18.0},{"not_picked":["Dagger Spray+1","Deadly Poison","Underhanded Strike+1"],"picked":"SKIP","floor":19.0},{"not_picked":["Slice+1","Terror+1","Blade Dance+1"],"picked":"SKIP","floor":20.0},{"not_picked":["Deflect","Sucker Punch+1","Outmaneuver+1"],"picked":"SKIP","floor":22.0},{"not_picked":["Cloak And Dagger+1","Deflect+1"],"picked":"Phantasmal Killer","floor":23.0},{"not_picked":["Expertise","Slice+1"],"picked":"Acrobatics+1","floor":27.0},{"not_picked":["Bane+1","Skewer+1","Dagger Throw+1"],"picked":"SKIP","floor":29.0},{"not_picked":["Outmaneuver","Predator+1"],"picked":"Backstab+1","floor":30.0},{"not_picked":["Burst","Night Terror"],"picked":"Adrenaline","floor":33},{"not_picked":["Acrobatics+1","Outmaneuver","PiercingWail+1"],"picked":"SKIP","floor":35},{"not_picked":["Skewer+1","Reflex"],"picked":"Footwork+1","floor":39},{"not_picked":["Expertise","Poisoned Stab+1"],"picked":"Calculated Gamble","floor":40},{"not_picked":["Finisher+1","Poisoned Stab+1","Skewer+1"],"picked":"SKIP","floor":41},{"not_picked":["Sucker Punch+1","Bane+1","PiercingWail+1"],"picked":"SKIP","floor":42},{"not_picked":["Bane+1","Grand Finale+1"],"picked":"Expertise+1","floor":45},{"not_picked":["Slice+1","Concentrate+1"],"picked":"Masterful Stab+1","floor":46},{"not_picked":["Deflect+1","Slice+1","Heel Hook+1"],"picked":"SKIP","floor":47},{"not_picked":["Finisher+1","Blade Dance+1"],"picked":"Backstab+1","floor":48},{"not_picked":["Storm of Steel+1","Outmaneuver+1"],"picked":"Distraction+1","floor":49}],"player_experience":115942,"relics_obtained":[{"floor":5.0,"key":"Molten Egg 2"},{"floor":7.0,"key":"FossilizedHelix"},{"floor":9.0,"key":"Ornamental Fan"},{"floor":10.0,"key":"Whetstone"},{"floor":14.0,"key":"Sundial"},{"floor":23.0,"key":"Mummified Hand"},{"floor":23.0,"key":"War Paint"},{"floor":26.0,"key":"PreservedInsect"},{"floor":30.0,"key":"Bag of Preparation"},{"floor":30.0,"key":"Snake Skull"},{"floor":37,"key":"Thread and Needle"},{"floor":40,"key":"Strawberry"},{"floor":40,"key":"WingedGreaves"},{"floor":41,"key":"Shuriken"},{"floor":41,"key":"Toxic Egg 2"},{"floor":42,"key":"Letter Opener"},{"floor":42,"key":"Ancient Tea Set"},{"floor":43,"key":"Art of War"},{"floor":45,"key":"StoneCalendar"}],"event_choices":[{"damage_healed":0.0,"max_hp_gain":5.0,"max_hp_loss":0.0,"gold_gain":0.0,"event_name":"Forgotten Altar","player_choice":"Shed Blood","floor":21.0,"gold_loss":0.0,"damage_taken":18.0},{"damage_healed":0.0,"max_hp_gain":0.0,"max_hp_loss":0.0,"gold_gain":0.0,"event_name":"Addict","player_choice":"Obtained Relic","floor":31.0,"gold_loss":85.0,"damage_taken":0.0,"relics_obtained":["Dream Catcher"]},{"damage_healed":0,"gold_gain":0,"player_choice":"Max HP","damage_taken":0,"max_hp_gain":0,"max_hp_loss":4,"event_name":"Winding Halls","floor":36,"gold_loss":0},{"damage_healed":0,"gold_gain":0,"player_choice":"Fight","damage_taken":0,"max_hp_gain":0,"max_hp_loss":0,"event_name":"Mysterious Sphere","floor":45,"gold_loss":0}],"is_beta":false,"boss_relics":[{"not_picked":["Cursed Key","Tiny House"],"picked":"Black Star"},{"not_picked":["Sozu","Pandora\u0027s Box"],"picked":"Fusion Hammer"}],"items_purged_floors":[4,25,38,44],"is_endless":false,"potions_floor_spawned":[1,10,11,13,16,20,22,23,30,33,41,42,45,47,48],"ascension_level":1}