{"gold_per_floor":[119,134,134,147,72,72,72,87,87,87,87,100,100,131,131,229,229,243,158,174,203,216,216,63,63,93,103,113,113,113,146,146,247,247,260,79,79,90,90,120,120,130,130,149,149,149,175,191,191,191],"floor_reached":51,"playtime":3630,"items_purged":["Pain","Strike_G"],"score":700,"play_id":"b4319389-9512-4414-a490-4c54a28f49cc","local_time":"20191005232414","is_ascension_mode":false,"campfire_choices":[{"data":"Dagger Spray","floor":6.0,"key":"SMITH"},{"data":"Crippling Poison","floor":10.0,"key":"SMITH"},{"data":"Bane","floor":13.0,"key":"SMITH"},{"floor":15.0,"key":"REST"},{"data":"Poisoned Stab","floor":23,"key":"SMITH"},{"data":"Backflip","floor":25,"key":"SMITH"},{"floor":30,"key":"REST"},{"floor":32,"key":"REST"},{"floor":41,"key":"REST"},{"floor":45,"key":"REST"},{"floor":49,"key":"REST"}],"neow_cost":"NONE","seed_source_timestamp":0,"circlet_count":0,"master_deck":["Strike_G+1","Strike_G","Defend_G","Defend_G","Defend_G","Survivor","Neutralize+1","Dagger Spray+1","Crippling Poison+1","Backflip+1","Bane+1","Poisoned Stab+1","Corpse Explosion","Tools of the Trade+1","Burst+1","Quick Slash+1","Well Laid Plans","After Image","Skewer","Poisoned Stab+1","Dodge and Roll+1","Backstab+1","Finesse","Heel Hook"],"special_seed":0,"relics":["Ring of the Snake","WarpedTongs","Matryoshka","Turnip","Astrolabe","Oddly Smooth Stone","Red Mask","Snake Skull","Tiny Chest","Lantern","Anchor","Fusion Hammer","Bottled Flame","Centennial Puzzle","Kunai","Happy Flower"],"potions_floor_usage":[31,33,38,40],"damage_taken":[{"damage":1.0,"enemies":"Jaw Worm","floor":1.0,"turns":6.0},{"damage":0.0,"enemies":"Cultist","floor":2.0,"turns":3.0},{"damage":6.0,"enemies":"Small Slimes","floor":4.0,"turns":4.0},{"damage":0.0,"enemies":"2 Fungi Beasts","floor":8.0,"turns":3.0},{"damage":4.0,"enemies":"Large Slime","floor":12.0,"turns":4.0},{"damage":9.0,"enemies":"Gremlin Nob","floor":14.0,"turns":4.0},{"damage":23.0,"enemies":"Hexaghost","floor":16.0,"turns":9.0},{"damage":1.0,"enemies":"Chosen","floor":18.0,"turns":3.0},{"damage":0,"enemies":"3 Byrds","floor":20,"turns":4},{"damage":6,"enemies":"Masked Bandits","floor":21,"turns":3},{"damage":3,"enemies":"Snake Plant","floor":22,"turns":4},{"damage":16,"enemies":"Snecko","floor":27,"turns":5},{"damage":10,"enemies":"Centurion and Healer","floor":28,"turns":3},{"damage":31,"enemies":"Slavers","floor":31,"turns":3},{"damage":24,"enemies":"Champ","floor":33,"turns":8},{"damage":3,"enemies":"Orb Walker","floor":35,"turns":3},{"damage":0,"enemies":"3 Darklings","floor":38,"turns":2},{"damage":15,"enemies":"Giant Head","floor":40,"turns":11},{"damage":11,"enemies":"Writhing Mass","floor":42,"turns":6},{"damage":0,"enemies":"4 Shapes","floor":44,"turns":3},{"damage":8,"enemies":"Nemesis","floor":47,"turns":7},{"damage":0,"enemies":"Jaw Worm Horde","floor":48,"turns":1},{"damage":16,"enemies":"Time Eater","floor":50,"turns":14}],"seed_played":"-648985760721647336","potions_obtained":[{"floor":1.0,"key":"Strength Potion"},{"floor":4.0,"key":"FairyPotion"},{"floor":16.0,"key":"PowerPotion"},{"floor":33,"key":"PowerPotion"},{"floor":35,"key":"SkillPotion"},{"floor":38,"key":"SkillPotion"}],"is_trial":false,"path_per_floor":["M","M","?","M","$","R","?","M","T","R","?","M","R","E","R","B",null,"M","?","M","?","M","R","$","R","T","M","M","?","R","E","R","B",null,"M","$","?","M","?","E","R","M","T","M","R","?","E","M","R","B",null],"character_chosen":"THE_SILENT","items_purchased":["Snake Skull","Skewer"],"campfire_rested":6,"item_purchase_floors":[24,36],"current_hp_per_floor":[76,76,76,70,70,70,55,55,55,55,55,51,51,42,65,42,77,76,76,76,70,67,67,67,67,67,51,41,41,64,33,56,32,77,74,74,74,74,74,59,77,66,66,66,77,77,69,69,77,61],"gold":191,"neow_bonus":"TEN_PERCENT_HP_BONUS","is_prod":false,"is_daily":false,"chose_seed":false,"campfire_upgraded":5,"win_rate":0,"timestamp":1570332254,"path_taken":["M","M","?","?","$","R","?","M","T","R","?","M","R","E","R","BOSS","M","?","M","?","M","R","$","R","T","M","M","?","R","E","R","BOSS","M","$","?","M","?","E","R","M","T","?","R","?","E","M","R","BOSS"],"build_version":"2019-07-17","purchased_purges":2,"victory":true,"max_hp_per_floor":[77,77,77,77,77,77,77,77,77,77,77,77,77,77,77,77,77,77,77,77,77,77,77,77,77,77,77,77,77,77,77,77,77,77,77,77,77,77,77,77,77,77,77,77,77,77,77,77,77,77],"card_choices":[{"not_picked":["Choke","Accuracy"],"picked":"Dagger Spray","floor":1.0},{"not_picked":["Bane","PiercingWail"],"picked":"Crippling Poison","floor":2.0},{"not_picked":["Deflect","Calculated Gamble"],"picked":"Backflip","floor":4.0},{"not_picked":["Acrobatics","Underhanded Strike"],"picked":"Bane","floor":8.0},{"not_picked":["Backflip","Reflex"],"picked":"Poisoned Stab","floor":12.0},{"not_picked":["Riddle With Holes","Masterful Stab","Choke"],"picked":"SKIP","floor":14.0},{"not_picked":["Grand Finale","A Thousand Cuts"],"picked":"Corpse Explosion","floor":16.0},{"not_picked":["Dagger Spray","Leg Sweep"],"picked":"Well Laid Plans","floor":18},{"not_picked":["Underhanded Strike","Endless Agony","Blade Dance"],"picked":"SKIP","floor":20},{"not_picked":["Quick Slash","Predator","Burst"],"picked":"SKIP","floor":22},{"not_picked":["Backflip","Concentrate","Blade Dance"],"picked":"SKIP","floor":27},{"not_picked":["Quick Slash","Backflip","Sucker Punch"],"picked":"SKIP","floor":28},{"not_picked":["Dagger Spray+1","Tactician+1","Sucker Punch"],"picked":"SKIP","floor":31},{"not_picked":["Doppelganger","Malaise"],"picked":"After Image","floor":33},{"not_picked":["Cloak And Dagger+1","Flying Knee","Dagger Throw+1"],"picked":"SKIP","floor":35},{"not_picked":["Doppelganger","Dodge and Roll+1"],"picked":"Poisoned Stab+1","floor":38},{"not_picked":["Sucker Punch+1","Backflip"],"picked":"Dodge and Roll+1","floor":40},{"not_picked":["Blade Dance","Sucker Punch","Predator"],"picked":"SKIP","floor":42},{"not_picked":["Acrobatics","Flying Knee"],"picked":"Backstab+1","floor":44},{"not_picked":["Chrysalis","Violence"],"picked":"Finesse","floor":46},{"not_picked":["Setup","Sucker Punch+1"],"picked":"Heel Hook","floor":47},{"not_picked":["Acrobatics","Sucker Punch+1","Poisoned Stab"],"picked":"SKIP","floor":48}],"player_experience":337110,"relics_obtained":[{"floor":9.0,"key":"Matryoshka"},{"floor":14.0,"key":"Turnip"},{"floor":21,"key":"Red Mask"},{"floor":26,"key":"Tiny Chest"},{"floor":26,"key":"Lantern"},{"floor":31,"key":"Anchor"},{"floor":40,"key":"Bottled Flame"},{"floor":43,"key":"Centennial Puzzle"},{"floor":43,"key":"Kunai"},{"floor":47,"key":"Happy Flower"}],"event_choices":[{"damage_healed":0.0,"max_hp_gain":0.0,"max_hp_loss":0.0,"gold_gain":0.0,"event_name":"Accursed Blacksmith","player_choice":"Rummage","floor":3.0,"gold_loss":0.0,"damage_taken":0.0,"relics_obtained":["WarpedTongs"],"cards_obtained":["Pain"]},{"damage_healed":0.0,"max_hp_gain":0.0,"max_hp_loss":0.0,"gold_gain":0.0,"event_name":"Shining Light","player_choice":"Entered Light","floor":7.0,"gold_loss":0.0,"damage_taken":15.0,"cards_upgraded":["Strike_G","Neutralize"]},{"cards_removed":["Strike_G"],"damage_healed":0.0,"max_hp_gain":0.0,"max_hp_loss":0.0,"gold_gain":0.0,"event_name":"Living Wall","player_choice":"Forget","floor":11.0,"gold_loss":0.0,"damage_taken":0.0},{"damage_healed":0,"gold_gain":0,"player_choice":"Obtained Relic","damage_taken":0,"relics_obtained":["Oddly Smooth Stone"],"max_hp_gain":0,"max_hp_loss":0,"event_name":"Addict","floor":19,"gold_loss":85},{"damage_healed":0,"gold_gain":0,"player_choice":"Fought Bandits","damage_taken":0,"max_hp_gain":0,"max_hp_loss":0,"event_name":"Masked Bandits","floor":21,"gold_loss":0},{"damage_healed":0,"gold_gain":0,"player_choice":"Obtain J.A.X.","damage_taken":0,"max_hp_gain":0,"max_hp_loss":0,"event_name":"Drug Dealer","floor":29,"gold_loss":0,"cards_obtained":["J.A.X."]},{"cards_removed":["J.A.X."],"damage_healed":0,"gold_gain":0,"player_choice":"Removed Skill","damage_taken":0,"max_hp_gain":0,"max_hp_loss":0,"event_name":"Falling","floor":37,"gold_loss":0},{"damage_healed":0,"gold_gain":0,"player_choice":"Ignored","damage_taken":0,"max_hp_gain":0,"max_hp_loss":0,"event_name":"NoteForYourself","floor":39,"gold_loss":0},{"damage_healed":0,"gold_gain":0,"player_choice":"Memory 1","damage_taken":0,"max_hp_gain":0,"max_hp_loss":0,"event_name":"SensoryStone","floor":46,"gold_loss":0}],"is_beta":false,"boss_relics":[{"not_picked":["WristBlade","Runic Pyramid"],"picked":"Astrolabe"},{"not_picked":["White Beast Statue","Calling Bell"],"picked":"Fusion Hammer"}],"items_purged_floors":[5,36],"is_endless":false,"potions_floor_spawned":[1,4,16,18,21,33,35,38],"ascension_level":0}