{"gold_per_floor":[118,131,145,164,264,294,1,19,19,29,104,104,114,144,144,240,240,258,269,281,292,32,57,57],"floor_reached":24,"playtime":4781,"items_purged":["Strike_R","Strike_R"],"score":232,"play_id":"bb700175-15d8-4b58-84d6-a3e3ac992dfe","local_time":"20190901112222","is_ascension_mode":false,"campfire_choices":[{"data":"Pommel Strike","floor":12.0,"key":"SMITH"},{"floor":15.0,"key":"REST"}],"neow_cost":"","seed_source_timestamp":0,"circlet_count":0,"master_deck":["Strike_R","Strike_R","Strike_R","Defend_R","Defend_R","Defend_R","Defend_R","Bash","Pommel Strike+1","Iron Wave","Pommel Strike","Perfected Strike","Flex","Deep Breath","Brutality","Whirlwind","Warcry","Iron Wave","Twin Strike","Impervious","Warcry","Clash","Metallicize+1","Sever Soul","Second Wind","Armaments","Disarm+1"],"special_seed":0,"relics":["Burning Blood","Thread and Needle","Mango","Magic Flower","Mark of Pain","Paper Frog"],"potions_floor_usage":[23,24],"damage_taken":[{"damage":5.0,"enemies":"Jaw Worm","floor":1.0,"turns":5.0},{"damage":6.0,"enemies":"Cultist","floor":2.0,"turns":3.0},{"damage":5.0,"enemies":"Small Slimes","floor":3.0,"turns":3.0},{"damage":6.0,"enemies":"Blue Slaver","floor":4.0,"turns":4.0},{"damage":22.0,"enemies":"Gremlin Nob","floor":6.0,"turns":4.0},{"damage":2.0,"enemies":"Lots of Slimes","floor":8.0,"turns":4.0},{"damage":19.0,"enemies":"Gremlin Gang","floor":10.0,"turns":5.0},{"damage":3.0,"enemies":"Looter","floor":13.0,"turns":3.0},{"damage":20.0,"enemies":"Lagavulin","floor":14.0,"turns":7.0},{"damage":67.0,"enemies":"The Guardian","floor":16.0,"turns":12.0},{"damage":3,"enemies":"2 Thieves","floor":18,"turns":4},{"damage":27,"enemies":"Shell Parasite","floor":19,"turns":9},{"damage":3,"enemies":"Centurion and Healer","floor":20,"turns":5},{"damage":27,"enemies":"Snake Plant","floor":21,"turns":6},{"damage":45,"enemies":"Book of Stabbing","floor":23,"turns":7},{"damage":28,"enemies":"Sentry and Sphere","floor":24,"turns":8}],"seed_played":"-7846535495098504458","potions_obtained":[{"floor":4.0,"key":"SteroidPotion"},{"floor":8.0,"key":"PowerPotion"},{"floor":14.0,"key":"BloodPotion"},{"floor":16.0,"key":"Fire Potion"},{"floor":21,"key":"EssenceOfSteel"}],"is_trial":false,"path_per_floor":["M","M","M","M","?","E","$","M","T","M","?","R","M","E","R","B",null,"M","M","M","M","$","E","M"],"character_chosen":"IRONCLAD","items_purchased":["Deep Breath","Brutality","Sever Soul","Second Wind","Armaments"],"campfire_rested":1,"item_purchase_floors":[7,7,22,22,22],"current_hp_per_floor":[80,80,80,80,80,64,64,68,82,69,58,58,61,47,75,52,94,94,76,82,64,64,28,0],"gold":57,"neow_bonus":"","is_prod":false,"is_daily":false,"chose_seed":false,"campfire_upgraded":1,"win_rate":0.0,"timestamp":1567351342,"path_taken":["M","M","M","M","?","E","$","?","T","M","?","R","M","E","R","BOSS","M","M","M","M","$","E","M"],"build_version":"2019-07-17","purchased_purges":2,"victory":false,"max_hp_per_floor":[80,80,80,80,80,80,80,80,94,94,94,94,94,94,94,94,94,94,94,94,94,94,94,94],"card_choices":[{"not_picked":["Iron Wave","Flame Barrier"],"picked":"Pommel Strike","floor":1.0},{"not_picked":["Body Slam","True Grit"],"picked":"Iron Wave","floor":2.0},{"not_picked":["Clothesline","Impervious"],"picked":"Pommel Strike","floor":3.0},{"not_picked":["Dropkick","Twin Strike"],"picked":"Perfected Strike","floor":4.0},{"not_picked":["Thunderclap","Body Slam"],"picked":"Flex","floor":6.0},{"not_picked":["Rupture","Sever Soul"],"picked":"Whirlwind","floor":8.0},{"not_picked":["Cleave","Feel No Pain"],"picked":"Warcry","floor":10.0},{"not_picked":["Clash","Reckless Charge"],"picked":"Iron Wave","floor":13.0},{"not_picked":["Body Slam","Combust"],"picked":"Twin Strike","floor":14.0},{"not_picked":["Brutality","Feed"],"picked":"Impervious","floor":16.0},{"not_picked":["Perfected Strike","Thunderclap"],"picked":"Warcry","floor":18},{"not_picked":["Warcry","Metallicize"],"picked":"Clash","floor":19},{"not_picked":["Dropkick","Pummel"],"picked":"Metallicize+1","floor":20},{"not_picked":["Cleave","Twin Strike","Perfected Strike"],"picked":"SKIP","floor":21},{"not_picked":["Battle Trance","Whirlwind"],"picked":"Disarm+1","floor":23}],"player_experience":0,"relics_obtained":[{"floor":6.0,"key":"Thread and Needle"},{"floor":9.0,"key":"Mango"},{"floor":14.0,"key":"Magic Flower"},{"floor":23,"key":"Paper Frog"}],"event_choices":[{"damage_healed":0.0,"max_hp_gain":0.0,"max_hp_loss":0.0,"gold_gain":100.0,"event_name":"Golden Shrine","player_choice":"Pray","floor":5.0,"gold_loss":0.0,"damage_taken":0.0},{"damage_healed":0.0,"max_hp_gain":0.0,"max_hp_loss":0.0,"gold_gain":75.0,"event_name":"World of Goop","player_choice":"Gather Gold","floor":11.0,"gold_loss":0.0,"damage_taken":11.0}],"is_beta":false,"boss_relics":[{"not_picked":["Runic Dome","Fusion Hammer"],"picked":"Mark of Pain"}],"items_purged_floors":[7,22],"is_endless":false,"potions_floor_spawned":[4,8,14,16,21],"killed_by":"Sentry and Sphere","ascension_level":0}