{"gold_per_floor":[117,117,192,192,211,246,275,305,328,356,49,74,107,135,135,231,281,300,300,17,17,47,76,111,166,166,9,9,9,40,65,65,165,165,175,10,21,36,390,415,395,425,475,40,71,104,121,150,150,249,249,261,272,292,138,152,152,185,202,202,30,65,65,91,121,121,217,217,232,232,30,55,85,110,110,144,174,52,77,108,133,144,144,246,246,257,309,55,82,102,130,14,14,39,39,73,73,73,73,73,176,176],"floor_reached":102,"playtime":53600,"items_purged":["Shame"],"score":3875,"play_id":"3f701a49-83ef-4ea3-a961-ec9b1b4489c6","local_time":"20190922001205","daily_mods":["Draft","Diverse","Flight","DeadlyEvents","Elite Swarm"],"is_ascension_mode":true,"campfire_choices":[{"data":"Corpse Explosion","floor":15.0,"key":"SMITH"},{"data":"Apotheosis","floor":29.0,"key":"SMITH"},{"data":"Backstab","floor":32.0,"key":"SMITH"},{"data":"BootSequence","floor":49.0,"key":"SMITH"},{"data":"Backstab","floor":57.0,"key":"SMITH"},{"data":"Seek","floor":63.0,"key":"SMITH"},{"data":"Seek","floor":66.0,"key":"SMITH"},{"data":"Seek","floor":75.0,"key":"SMITH"},{"data":"BootSequence","floor":83.0,"key":"SMITH"},{"data":"1","floor":93.0,"key":"LIFT"},{"data":"2","floor":97.0,"key":"LIFT"},{"data":"3","floor":98.0,"key":"LIFT"},{"data":"Reboot","floor":100.0,"key":"SMITH"}],"neow_cost":"","seed_source_timestamp":0,"circlet_count":0,"master_deck":["Pommel Strike","Skewer","Pommel Strike","Beam Cell+1","Conserve Battery","BootSequence+1","Blade Dance","Heatsinks+1","FTL","Seeing Red","Backstab+1","Hologram+1","Genetic Algorithm","Pummel","Backstab+1","Seek+1","Corpse Explosion+1","Wraith Form v2","After Image","Self Repair","Trip","Seek+1","Envenom","A Thousand Cuts","Reaper","Apotheosis+1","Bash","Bandage Up+1","Infinite Blades","Outmaneuver","Anger","Dagger Spray","Steam","Flex+1","Reboot","Envenom","Intimidate","Shockwave+1","After Image","Adrenaline","Conserve Battery","Accuracy","Seek","Backstab+1","Double Tap","Infernal Blade","Seek+1","Prepared","Go for the Eyes","Brutality","BootSequence+1","Reboot+1","Offering","Adrenaline","Feed","Barricade","Offering"],"special_seed":0,"relics":["Burning Blood","Whetstone","Red Skull","Unceasing Top","Anchor","The Courier","Bag of Marbles","Letter Opener","Dream Catcher","Bottled Lightning","Bottled Flame","Tiny House","Oddly Smooth Stone","Brimstone","Magic Flower","Regal Pillow","Mummified Hand","Tiny Chest","Meat on the Bone","Vajra","Prayer Wheel","White Beast Statue","Strange Spoon","Old Coin","Self Forming Clay","Torii","Lantern","Ornamental Fan","Peace Pipe","War Paint","Omamori","Centennial Puzzle","Busted Crown","DollysMirror","Question Card","Eternal Feather","Gremlin Horn","Blood Vial","Black Star","Girya","Membership Card","Shuriken","Bird Faced Urn","Runic Dome"],"potions_floor_usage":[],"damage_taken":[{"damage":0.0,"enemies":"Small Slimes","floor":1.0,"turns":2.0},{"damage":0.0,"enemies":"2 Louse","floor":5.0,"turns":2.0},{"damage":16.0,"enemies":"Gremlin Nob","floor":6.0,"turns":3.0},{"damage":11.0,"enemies":"Lagavulin","floor":7.0,"turns":4.0},{"damage":17.0,"enemies":"Gremlin Nob","floor":8.0,"turns":4.0},{"damage":0.0,"enemies":"Lagavulin","floor":10.0,"turns":3.0},{"damage":4.0,"enemies":"Gremlin Nob","floor":12.0,"turns":3.0},{"damage":0.0,"enemies":"Lagavulin","floor":13.0,"turns":3.0},{"damage":0.0,"enemies":"Gremlin Nob","floor":14.0,"turns":2.0},{"damage":26.0,"enemies":"Hexaghost","floor":16.0,"turns":6.0},{"damage":0.0,"enemies":"Spheric Guardian","floor":18.0,"turns":3.0},{"damage":0.0,"enemies":"Gremlin Leader","floor":22.0,"turns":2.0},{"damage":4.0,"enemies":"Book of Stabbing","floor":23.0,"turns":3.0},{"damage":0.0,"enemies":"Slavers","floor":24.0,"turns":1.0},{"damage":20.0,"enemies":"Book of Stabbing","floor":25.0,"turns":3.0},{"damage":0.0,"enemies":"Slavers","floor":30.0,"turns":1.0},{"damage":0.0,"enemies":"Gremlin Leader","floor":31.0,"turns":3.0},{"damage":17.0,"enemies":"Automaton","floor":33.0,"turns":5.0},{"damage":0.0,"enemies":"3 Shapes","floor":35.0,"turns":1.0},{"damage":0.0,"enemies":"3 Darklings","floor":37.0,"turns":1.0},{"damage":27.0,"enemies":"Writhing Mass","floor":38.0,"turns":4.0},{"damage":0.0,"enemies":"2 Orb Walkers","floor":39.0,"turns":1.0},{"damage":5.0,"enemies":"Giant Head","floor":40.0,"turns":4.0},{"damage":10.0,"enemies":"Nemesis","floor":42.0,"turns":3.0},{"damage":3.0,"enemies":"Reptomancer","floor":45.0,"turns":3.0},{"damage":0.0,"enemies":"Nemesis","floor":46.0,"turns":3.0},{"damage":2.0,"enemies":"Transient","floor":47.0,"turns":5.0},{"damage":0.0,"enemies":"Giant Head","floor":48.0,"turns":4.0},{"damage":1.0,"enemies":"Donu and Deca","floor":50.0,"turns":3.0},{"damage":0.0,"enemies":"Cultist","floor":52.0,"turns":2.0},{"damage":0.0,"enemies":"Jaw Worm","floor":53.0,"turns":1.0},{"damage":0.0,"enemies":"2 Louse","floor":54.0,"turns":1.0},{"damage":0.0,"enemies":"2 Fungi Beasts","floor":56.0,"turns":1.0},{"damage":0.0,"enemies":"Lagavulin","floor":58.0,"turns":2.0},{"damage":0.0,"enemies":"Looter","floor":59.0,"turns":1.0},{"damage":0.0,"enemies":"Gremlin Nob","floor":62.0,"turns":1.0},{"damage":0.0,"enemies":"3 Sentries","floor":64.0,"turns":1.0},{"damage":0.0,"enemies":"Gremlin Nob","floor":65.0,"turns":2.0},{"damage":1.0,"enemies":"Slime Boss","floor":67.0,"turns":2.0},{"damage":0.0,"enemies":"3 Byrds","floor":69.0,"turns":1.0},{"damage":0.0,"enemies":"Slavers","floor":72.0,"turns":1.0},{"damage":0.0,"enemies":"Gremlin Leader","floor":73.0,"turns":2.0},{"damage":0.0,"enemies":"Slavers","floor":74.0,"turns":1.0},{"damage":7.0,"enemies":"Book of Stabbing","floor":76.0,"turns":2.0},{"damage":0.0,"enemies":"Slavers","floor":77.0,"turns":1.0},{"damage":6.0,"enemies":"Gremlin Leader","floor":79.0,"turns":1.0},{"damage":2.0,"enemies":"Book of Stabbing","floor":80.0,"turns":3.0},{"damage":6.0,"enemies":"Gremlin Leader","floor":81.0,"turns":2.0},{"damage":0.0,"enemies":"Chosen","floor":82.0,"turns":1.0},{"damage":7.0,"enemies":"Collector","floor":84.0,"turns":2.0},{"damage":6.0,"enemies":"Orb Walker","floor":86.0,"turns":1.0},{"damage":0.0,"enemies":"2 Orb Walkers","floor":87.0,"turns":1.0},{"damage":6.0,"enemies":"Nemesis","floor":89.0,"turns":1.0},{"damage":0.0,"enemies":"3 Darklings","floor":90.0,"turns":1.0},{"damage":7.0,"enemies":"Reptomancer","floor":91.0,"turns":2.0},{"damage":6.0,"enemies":"Giant Head","floor":94.0,"turns":2.0},{"damage":12.0,"enemies":"Nemesis","floor":96.0,"turns":1.0},{"damage":6.0,"enemies":"Donu and Deca","floor":101.0,"turns":2.0}],"seed_played":"-8448331108158407686","potions_obtained":[{"floor":5.0,"key":"Energy Potion"},{"floor":7.0,"key":"Strength Potion"},{"floor":12.0,"key":"Regen Potion"},{"floor":14.0,"key":"SkillPotion"},{"floor":16.0,"key":"Block Potion"},{"floor":17.0,"key":"Energy Potion"},{"floor":22.0,"key":"EssenceOfSteel"},{"floor":23.0,"key":"SteroidPotion"},{"floor":31.0,"key":"Block Potion"},{"floor":35.0,"key":"Regen Potion"},{"floor":37.0,"key":"Dexterity Potion"},{"floor":38.0,"key":"BloodPotion"},{"floor":39.0,"key":"Poison Potion"},{"floor":40.0,"key":"SkillPotion"},{"floor":41.0,"key":"Fruit Juice"},{"floor":42.0,"key":"Dexterity Potion"},{"floor":45.0,"key":"Explosive Potion"},{"floor":47.0,"key":"Block Potion"},{"floor":48.0,"key":"FearPotion"},{"floor":50.0,"key":"EssenceOfSteel"},{"floor":52.0,"key":"Regen Potion"},{"floor":53.0,"key":"EntropicBrew"},{"floor":54.0,"key":"Weak Potion"},{"floor":62.0,"key":"Strength Potion"},{"floor":65.0,"key":"AttackPotion"},{"floor":67.0,"key":"GamblersBrew"},{"floor":69.0,"key":"FairyPotion"},{"floor":72.0,"key":"FearPotion"},{"floor":73.0,"key":"FairyPotion"},{"floor":80.0,"key":"AttackPotion"},{"floor":81.0,"key":"AttackPotion"},{"floor":82.0,"key":"PowerPotion"},{"floor":84.0,"key":"EssenceOfSteel"},{"floor":86.0,"key":"Strength Potion"},{"floor":87.0,"key":"Swift Potion"},{"floor":89.0,"key":"Swift Potion"},{"floor":91.0,"key":"Energy Potion"},{"floor":101.0,"key":"Weak Potion"}],"is_trial":true,"path_per_floor":["?","?","?","M","E","?","?","E","?","E","M","?","?","M","E","?","E","E","$","E","M","?","$","E","M","$"],"character_chosen":"IRONCLAD","items_purchased":["Bag of Marbles","Letter Opener","Brimstone","Trip","Apotheosis","Strange Spoon","Ornamental Fan","Peace Pipe","DollysMirror","Seek","Prepared","Go for the Eyes","Gremlin Horn","Blood Vial","Membership Card","Shuriken","Bird Faced Urn"],"campfire_rested":0,"item_purchase_floors":[11,11,20,20,27,36,44,44,55,61,61,61,71,78,88,88,92],"current_hp_per_floor":[80,80,69,80,80,70,65,54,54,60,60,62,77,80,80,60,85,85,85,85,85,85,85,85,85,85,85,85,85,85,85,85,85,85,85,85,85,68,85,85,90,90,90,90,90,90,90,90,90,90,90,90,90,90,90,90,90,90,90,90,90,90,90,90,90,90,90,90,90,100,100,100,100,100,100,100,100,100,104,104,108,108,108,108,108,108,112,112,112,112,112,112,112,116,116,116,116,116,116,116,116,116],"gold":176,"neow_bonus":"","is_prod":false,"is_daily":false,"chose_seed":false,"campfire_upgraded":10,"win_rate":0,"timestamp":1569136325,"path_taken":["M","?","?","?","?","E","?","E","T","E","$","E","E","E","R","BOSS","M","?","$","?","?","E","E","E","T","$","?","R","E","?","R","BOSS","M","$","M","?","?","E","?","E","T","$","E","E","M","E","R","BOSS","M","M","M","$","?","R","E","M","T","$","E","R","E","?","R","BOSS","M","?","$","?","?","E","R","E","E","?","E","E","?","?","R","BOSS","M","?","?","?","?","E","$","R","E","?","E","R","R","$","R","BOSS"],"build_version":"2019-01-23","purchased_purges":1,"victory":false,"max_hp_per_floor":[80,80,80,80,80,80,80,80,80,80,80,80,80,80,80,80,85,85,85,85,85,85,85,85,85,85,85,85,85,85,85,85,85,85,85,85,85,85,85,85,90,90,90,90,90,90,90,90,90,90,90,90,90,90,90,90,90,90,90,90,90,90,90,90,90,90,90,90,90,100,100,100,100,100,100,100,100,100,104,104,108,108,108,108,108,108,112,112,112,112,112,112,112,116,116,116,116,116,116,116,116,116],"card_choices":[{"not_picked":["Poisoned Stab","Armaments"],"picked":"Pommel Strike","floor":0.0},{"not_picked":["Pommel Strike","Capacitor"],"picked":"Skewer","floor":0.0},{"not_picked":["Expertise","Stack"],"picked":"Pommel Strike","floor":0.0},{"not_picked":["Defragment","Cloak And Dagger"],"picked":"Beam Cell","floor":0.0},{"not_picked":["Wild Strike","Infernal Blade"],"picked":"Conserve Battery","floor":0.0},{"not_picked":["Body Slam","Headbutt"],"picked":"BootSequence","floor":0.0},{"not_picked":["Anger","Underhanded Strike"],"picked":"Blade Dance","floor":0.0},{"not_picked":["True Grit","Sever Soul"],"picked":"Bouncing Flask","floor":0.0},{"not_picked":["Pommel Strike","Gash"],"picked":"Heatsinks","floor":0.0},{"not_picked":["Barrage","Well Laid Plans"],"picked":"FTL","floor":0.0},{"not_picked":["Scrape","Twin Strike"],"picked":"Seeing Red","floor":0.0},{"not_picked":["Riddle With Holes","Heatsinks"],"picked":"Backstab","floor":0.0},{"not_picked":["Perfected Strike","Backflip"],"picked":"Hologram","floor":0.0},{"not_picked":["Clash","Rebound"],"picked":"Genetic Algorithm","floor":0.0},{"not_picked":["Ball Lightning","Perfected Strike"],"picked":"Pummel","floor":0.0},{"not_picked":["Warcry","Sentinel","Gash"],"picked":"SKIP","floor":1.0},{"not_picked":["Deflect","Endless Agony"],"picked":"Backstab","floor":5.0},{"not_picked":["Phantasmal Killer","Brutality"],"picked":"Seek","floor":6.0},{"not_picked":["Glass Knife","Night Terror"],"picked":"Corpse Explosion","floor":7.0},{"not_picked":["Unload","Thunder Strike","Grand Finale"],"picked":"SKIP","floor":8.0},{"not_picked":["Venomology","Fiend Fire","Brutality"],"picked":"SKIP","floor":10.0},{"not_picked":["Rainbow","Corpse Explosion"],"picked":"Wraith Form v2","floor":12.0},{"not_picked":["Immolate","Glass Knife","Venomology"],"picked":"SKIP","floor":13.0},{"not_picked":["Reboot","Venomology"],"picked":"After Image","floor":14.0},{"not_picked":["Undo","Flying Knee"],"picked":"Self Repair","floor":17.0},{"not_picked":["Evolve","Force Field","Dodge and Roll"],"picked":"SKIP","floor":18.0},{"not_picked":["Doppelganger","Berserk"],"picked":"Envenom","floor":22.0},{"not_picked":["Fiend Fire","Immolate"],"picked":"A Thousand Cuts","floor":23.0},{"not_picked":["Bludgeon","Juggernaut","Grand Finale"],"picked":"SKIP","floor":24.0},{"not_picked":["Juggernaut","All For One"],"picked":"Reaper","floor":25.0},{"not_picked":["Night Terror","Creative AI","Bullet Time"],"picked":"SKIP","floor":30.0},{"not_picked":["Bludgeon","Impervious"],"picked":"Brutality","floor":31.0},{"not_picked":["Deadly Poison","Sever Soul+1"],"picked":"Infinite Blades","floor":35.0},{"not_picked":["Clash+1","Underhanded Strike"],"picked":"Outmaneuver","floor":35.0},{"not_picked":["Deflect+1","Blood for Blood+1"],"picked":"Anger","floor":37.0},{"not_picked":["Rebound+1","Barrage+1","Compile Driver+1"],"picked":"SKIP","floor":37.0},{"not_picked":["Undo+1","Underhanded Strike+1"],"picked":"Dagger Spray","floor":38.0},{"not_picked":["Battle Trance","Rip and Tear"],"picked":"Steam","floor":38.0},{"not_picked":["Uppercut","Redo+1"],"picked":"Flex+1","floor":39.0},{"not_picked":["Reaper","Wraith Form v2","Unload"],"picked":"SKIP","floor":40.0},{"not_picked":["Unload","Demon Form","Immolate"],"picked":"SKIP","floor":42.0},{"not_picked":["Envenom","Bludgeon"],"picked":"Reboot","floor":45.0},{"not_picked":["Meteor Strike","Reboot"],"picked":"Envenom","floor":46.0},{"not_picked":["Coolheaded+1","Redo+1"],"picked":"Intimidate","floor":47.0},{"not_picked":["Genetic Algorithm","Ball Lightning+1"],"picked":"Shockwave+1","floor":47.0},{"not_picked":["Exhume","Hyperbeam"],"picked":"After Image","floor":48.0},{"not_picked":["Core Surge","Night Terror"],"picked":"Adrenaline","floor":50.0},{"not_picked":["Rebound"],"picked":"SKIP","floor":52.0},{"not_picked":["Cloak And Dagger"],"picked":"SKIP","floor":52.0},{"not_picked":[],"picked":"Conserve Battery","floor":53.0},{"not_picked":["Thunderclap"],"picked":"SKIP","floor":53.0},{"not_picked":[],"picked":"Accuracy","floor":54.0},{"not_picked":["Compile Driver"],"picked":"SKIP","floor":54.0},{"not_picked":[],"picked":"Backstab","floor":56.0},{"not_picked":["Clothesline"],"picked":"SKIP","floor":56.0},{"not_picked":[],"picked":"Double Tap","floor":58.0},{"not_picked":[],"picked":"Infernal Blade","floor":59.0},{"not_picked":["Streamline"],"picked":"SKIP","floor":59.0},{"not_picked":["Buffer"],"picked":"Brutality","floor":62.0},{"not_picked":["Core Surge","Creative AI"],"picked":"SKIP","floor":64.0},{"not_picked":["All For One","Double Tap"],"picked":"SKIP","floor":65.0},{"not_picked":["All For One","Double Tap"],"picked":"SKIP","floor":65.0},{"not_picked":["Stack"],"picked":"BootSequence","floor":69.0},{"not_picked":["Blood for Blood","Headbutt+1"],"picked":"SKIP","floor":69.0},{"not_picked":["Electrodynamics"],"picked":"Reboot","floor":72.0},{"not_picked":["Unload"],"picked":"Offering","floor":73.0},{"not_picked":["Rainbow"],"picked":"Adrenaline","floor":74.0},{"not_picked":["Double Tap"],"picked":"Feed","floor":76.0},{"not_picked":["Double Tap","Rainbow"],"picked":"SKIP","floor":77.0},{"not_picked":["Phantasmal Killer","Bludgeon"],"picked":"SKIP","floor":79.0},{"not_picked":["Fission","Rainbow"],"picked":"SKIP","floor":80.0},{"not_picked":["Multi-Cast"],"picked":"Barricade","floor":81.0},{"not_picked":["Compile Driver","Wild Strike"],"picked":"SKIP","floor":82.0},{"not_picked":["Chill","Genetic Algorithm"],"picked":"SKIP","floor":82.0},{"not_picked":["Burst"],"picked":"Offering","floor":84.0},{"not_picked":["Clothesline+1","Sword Boomerang"],"picked":"SKIP","floor":86.0},{"not_picked":["Distraction+1","Tempest"],"picked":"SKIP","floor":86.0},{"not_picked":["Die Die Die","Grand Finale"],"picked":"SKIP","floor":89.0},{"not_picked":["Headbutt+1","Heavy Blade"],"picked":"SKIP","floor":90.0},{"not_picked":["True Grit+1","Cloak And Dagger+1"],"picked":"SKIP","floor":90.0},{"not_picked":["Corpse Explosion","Juggernaut"],"picked":"SKIP","floor":91.0},{"not_picked":["Biased Cognition","Wraith Form v2"],"picked":"SKIP","floor":94.0},{"not_picked":["Immolate","Rainbow"],"picked":"SKIP","floor":96.0}],"player_experience":151915,"relics_obtained":[{"floor":6.0,"key":"Whetstone"},{"floor":7.0,"key":"Red Skull"},{"floor":8.0,"key":"Unceasing Top"},{"floor":9.0,"key":"Anchor"},{"floor":10.0,"key":"The Courier"},{"floor":12.0,"key":"Dream Catcher"},{"floor":13.0,"key":"Bottled Lightning"},{"floor":14.0,"key":"Bottled Flame"},{"floor":22.0,"key":"Magic Flower"},{"floor":23.0,"key":"Regal Pillow"},{"floor":24.0,"key":"Mummified Hand"},{"floor":25.0,"key":"Tiny Chest"},{"floor":26.0,"key":"Meat on the Bone"},{"floor":30.0,"key":"Vajra"},{"floor":31.0,"key":"Prayer Wheel"},{"floor":39.0,"key":"Old Coin"},{"floor":40.0,"key":"Self Forming Clay"},{"floor":42.0,"key":"Torii"},{"floor":43.0,"key":"Lantern"},{"floor":45.0,"key":"War Paint"},{"floor":46.0,"key":"Omamori"},{"floor":48.0,"key":"Centennial Puzzle"},{"floor":60.0,"key":"Question Card"},{"floor":87.0,"key":"Girya"}],"event_choices":[{"damage_healed":0.0,"max_hp_gain":0.0,"max_hp_loss":0.0,"gold_gain":0.0,"event_name":"The Cleric","player_choice":"Leave","floor":2.0,"gold_loss":0.0,"damage_taken":0.0},{"damage_healed":0.0,"max_hp_gain":0.0,"max_hp_loss":0.0,"gold_gain":75.0,"event_name":"World of Goop","player_choice":"Gather Gold","floor":3.0,"gold_loss":0.0,"damage_taken":11.0},{"cards_removed":["Bouncing Flask"],"damage_healed":11.0,"max_hp_gain":0.0,"max_hp_loss":0.0,"gold_gain":0.0,"event_name":"Bonfire Elementals","player_choice":"Offered Uncommon","floor":4.0,"gold_loss":0.0,"damage_taken":0.0},{"damage_healed":0.0,"max_hp_gain":0.0,"max_hp_loss":0.0,"gold_gain":0.0,"event_name":"Addict","player_choice":"Stole Relic","floor":19.0,"gold_loss":0.0,"damage_taken":0.0,"relics_obtained":["Oddly Smooth Stone"],"cards_obtained":["Shame"]},{"damage_healed":0.0,"max_hp_gain":0.0,"max_hp_loss":0.0,"gold_gain":0.0,"event_name":"Duplicator","player_choice":"Copied","floor":21.0,"gold_loss":0.0,"damage_taken":0.0,"cards_obtained":["Seek"]},{"damage_healed":0.0,"max_hp_gain":0.0,"max_hp_loss":0.0,"gold_gain":0.0,"event_name":"Match and Keep!","player_choice":"2 cards matched","floor":28.0,"gold_loss":0.0,"damage_taken":0.0,"cards_obtained":["Bash","Bandage Up"]},{"damage_healed":0.0,"max_hp_gain":0.0,"max_hp_loss":0.0,"gold_gain":0.0,"event_name":"Match and Keep!","player_choice":"2 cards matched","floor":28.0,"gold_loss":0.0,"damage_taken":0.0,"cards_obtained":["Bash","Bandage Up"]},{"damage_healed":0.0,"max_hp_gain":0.0,"max_hp_loss":0.0,"gold_gain":0.0,"event_name":"Mysterious Sphere","player_choice":"Fight","floor":39.0,"gold_loss":0.0,"damage_taken":0.0},{"damage_healed":0.0,"max_hp_gain":0.0,"max_hp_loss":0.0,"gold_gain":0.0,"event_name":"The Woman in Blue","player_choice":"Bought 1 Potion","floor":41.0,"gold_loss":0.0,"damage_taken":0.0},{"cards_removed":["Brutality"],"damage_healed":0.0,"max_hp_gain":10.0,"max_hp_loss":0.0,"gold_gain":0.0,"event_name":"Bonfire Elementals","player_choice":"Offered Rare","floor":70.0,"gold_loss":0.0,"damage_taken":0.0},{"damage_healed":0.0,"max_hp_gain":0.0,"max_hp_loss":0.0,"gold_gain":0.0,"event_name":"Mysterious Sphere","player_choice":"Fight","floor":87.0,"gold_loss":0.0,"damage_taken":0.0}],"is_beta":false,"boss_relics":[{"not_picked":["Cursed Key","Lizard Tail"],"picked":"Tiny House"},{"not_picked":["Fusion Hammer","Orrery"],"picked":"White Beast Statue"},{"not_picked":["Black Blood","Velvet Choker"],"picked":"Busted Crown"},{"not_picked":["Lizard Tail","Snecko Eye"],"picked":"Eternal Feather"},{"not_picked":["Orrery","Velvet Choker"],"picked":"Black Star"},{"not_picked":["Calling Bell","Black Blood"],"picked":"Runic Dome"}],"items_purged_floors":[20],"is_endless":true,"potions_floor_spawned":[5,7,12,14,16,22,23,31,35,37,38,39,40,42,45,46,47,48,50,52,53,54,56,58,59,62,64,65,67,69,72,73,74,76,77,79,80,81,82,84,86,87,89,90,91,94,96,101],"ascension_level":1}