{"gold_per_floor":[117,137,62,62,80,115,115,65,65,81,81,81,92,92,92,212,212,198,223,123,38,57,57,77,77,77,2,20,20,63,87,87,216,216,240,80,103,103,121,121,137,137,214,258,282,282,305,26,26,26],"floor_reached":51,"playtime":3594,"items_purged":["Strike_R","Anger","Parasite"],"score":759,"play_id":"a9ecdfbf-7884-4d1c-ae4f-f24bc5c53d4e","local_time":"20190915103307","is_ascension_mode":true,"campfire_choices":[{"floor":7.0,"key":"REST"},{"data":"Armaments","floor":11.0,"key":"SMITH"},{"floor":15.0,"key":"REST"},{"data":"Demon Form","floor":23.0,"key":"SMITH"},{"data":"Cleave","floor":25.0,"key":"SMITH"},{"data":"True Grit","floor":29.0,"key":"SMITH"},{"data":"Shrug It Off","floor":32.0,"key":"SMITH"},{"data":"Barricade","floor":40.0,"key":"SMITH"},{"data":"Iron Wave","floor":42.0,"key":"SMITH"},{"data":"Power Through","floor":46.0,"key":"SMITH"},{"data":"Flame Barrier","floor":49,"key":"SMITH"}],"neow_cost":"NONE","seed_source_timestamp":0,"circlet_count":0,"master_deck":["Cleave+1","Reaper","Iron Wave+1","Armaments+1","Battle Trance","Demon Form+1","Power Through+1","Clothesline","Battle Trance","Fire Breathing","Flame Barrier+1","Pommel Strike+1","True Grit+1","Shrug It Off+1","Barricade+1","Body Slam+1","Offering","Heavy Blade+1","Ghostly Armor+1","Metallicize+1"],"special_seed":0,"relics":["Burning Blood","Bronze Scales","Orichalcum","Letter Opener","Golden Idol","Pandora\u0027s Box","Strawberry","Regal Pillow","PreservedInsect","Sozu","Ornamental Fan","Question Card","Pen Nib"],"potions_floor_usage":[],"damage_taken":[{"damage":1.0,"enemies":"2 Louse","floor":1.0,"turns":3.0},{"damage":0.0,"enemies":"Small Slimes","floor":2.0,"turns":3.0},{"damage":3.0,"enemies":"Jaw Worm","floor":5.0,"turns":4.0},{"damage":63.0,"enemies":"Lagavulin","floor":6.0,"turns":7.0},{"damage":5.0,"enemies":"2 Fungi Beasts","floor":10.0,"turns":3.0},{"damage":13.0,"enemies":"Exordium Wildlife","floor":13.0,"turns":7.0},{"damage":54.0,"enemies":"Hexaghost","floor":16.0,"turns":11.0},{"damage":2.0,"enemies":"2 Thieves","floor":18.0,"turns":4.0},{"damage":0.0,"enemies":"3 Byrds","floor":19.0,"turns":1.0},{"damage":22.0,"enemies":"Centurion and Healer","floor":22.0,"turns":7.0},{"damage":36.0,"enemies":"Cultist and Chosen","floor":24.0,"turns":7.0},{"damage":4.0,"enemies":"Chosen and Byrds","floor":28.0,"turns":8.0},{"damage":12.0,"enemies":"Book of Stabbing","floor":30.0,"turns":6.0},{"damage":20.0,"enemies":"Snake Plant","floor":31.0,"turns":5.0},{"damage":54.0,"enemies":"Collector","floor":33.0,"turns":10.0},{"damage":5.0,"enemies":"3 Shapes","floor":35.0,"turns":6.0},{"damage":14.0,"enemies":"3 Darklings","floor":37.0,"turns":5.0},{"damage":28.0,"enemies":"Transient","floor":39.0,"turns":5.0},{"damage":6.0,"enemies":"Spire Growth","floor":41.0,"turns":6.0},{"damage":6.0,"enemies":"Giant Head","floor":44.0,"turns":7.0},{"damage":6.0,"enemies":"Writhing Mass","floor":45.0,"turns":6.0},{"damage":16.0,"enemies":"3 Darklings","floor":47.0,"turns":5.0},{"damage":24,"enemies":"Donu and Deca","floor":50,"turns":11}],"seed_played":"335859476381991217","potions_obtained":[{"floor":2.0,"key":"Swift Potion"},{"floor":6.0,"key":"AttackPotion"},{"floor":10.0,"key":"Explosive Potion"},{"floor":16.0,"key":"EssenceOfSteel"}],"is_trial":false,"path_per_floor":["M","M","$","?","M","E","R","?","T","M","R","?","M","?","R","B",null,"M","M","$","?","M","R","M","R","T","?","M","R","E","M","R","B",null,"M","$","M","?","M","R","M","R","T","E","M","R","M","$","R","B",null],"character_chosen":"IRONCLAD","items_purchased":["Offering","Pen Nib"],"campfire_rested":2,"item_purchase_floors":[36,48],"current_hp_per_floor":[80,80,80,73,76,25,49,49,49,58,58,58,51,51,73,32,74,74,74,74,81,80,80,63,63,63,63,65,65,78,64,64,35,81,81,81,73,73,65,65,79,79,79,81,81,81,81,78,78,78],"gold":26,"neow_bonus":"RANDOM_COMMON_RELIC","is_prod":false,"is_daily":false,"chose_seed":false,"campfire_upgraded":9,"win_rate":0,"timestamp":1568557987,"path_taken":["M","M","$","?","M","E","R","?","T","M","R","?","?","?","R","BOSS","M","M","$","?","M","R","M","R","T","?","M","R","E","M","R","BOSS","M","$","M","?","M","R","M","R","T","E","M","R","M","$","R","BOSS"],"build_version":"2019-07-17","purchased_purges":3,"victory":true,"max_hp_per_floor":[80,80,80,80,80,80,80,80,80,80,80,80,80,74,74,74,74,74,74,74,81,81,81,81,81,81,81,81,81,81,81,81,81,81,81,81,81,81,81,81,81,81,81,81,81,81,81,78,78,78],"card_choices":[{"not_picked":["Shockwave","Heavy Blade"],"picked":"Cleave","floor":1.0},{"not_picked":["Thunderclap","Anger","Warcry"],"picked":"SKIP","floor":2.0},{"not_picked":["Sword Boomerang","Shrug It Off"],"picked":"Reaper","floor":5.0},{"not_picked":["Perfected Strike","Immolate"],"picked":"Iron Wave","floor":6.0},{"not_picked":["Anger","Pummel"],"picked":"Armaments","floor":10.0},{"not_picked":["Flex","Shrug It Off"],"picked":"Battle Trance","floor":13.0},{"not_picked":["Impervious","Juggernaut"],"picked":"Demon Form","floor":16.0},{"not_picked":["Clash","Pommel Strike+1"],"picked":"Flame Barrier","floor":18.0},{"not_picked":["Armaments","Iron Wave"],"picked":"Pommel Strike+1","floor":19.0},{"not_picked":["Iron Wave","Bludgeon","Feel No Pain"],"picked":"SKIP","floor":22.0},{"not_picked":["Searing Blow","Cleave","Sword Boomerang"],"picked":"SKIP","floor":24.0},{"not_picked":["Ghostly Armor","Armaments"],"picked":"True Grit","floor":28.0},{"not_picked":["Thunderclap","Pommel Strike"],"picked":"Shrug It Off","floor":30.0},{"not_picked":["Twin Strike","Fiend Fire","Spot Weakness+1"],"picked":"SKIP","floor":31.0},{"not_picked":["Offering","Exhume"],"picked":"Barricade","floor":33.0},{"not_picked":["Flex+1","Headbutt+1"],"picked":"Body Slam+1","floor":35.0},{"not_picked":["Twin Strike","Pommel Strike+1","Second Wind"],"picked":"SKIP","floor":37.0},{"not_picked":["Perfected Strike","Thunderclap"],"picked":"Heavy Blade+1","floor":39.0},{"not_picked":["Warcry+1","Dropkick"],"picked":"Ghostly Armor+1","floor":41.0},{"not_picked":["Rampage","Body Slam","Iron Wave+1"],"picked":"SKIP","floor":44.0},{"not_picked":["Flex","Sword Boomerang+1","Rupture+1"],"picked":"Metallicize+1","floor":45.0},{"not_picked":["True Grit","Sentinel+1","Second Wind","Cleave+1"],"picked":"SKIP","floor":47.0}],"player_experience":181661,"relics_obtained":[{"floor":6.0,"key":"Orichalcum"},{"floor":9.0,"key":"Letter Opener"},{"floor":26.0,"key":"Regal Pillow"},{"floor":30.0,"key":"PreservedInsect"},{"floor":43.0,"key":"Ornamental Fan"},{"floor":44.0,"key":"Question Card"}],"event_choices":[{"cards_removed":["Strike_R"],"damage_healed":0.0,"max_hp_gain":0.0,"max_hp_loss":0.0,"gold_gain":0.0,"event_name":"Golden Wing","player_choice":"Card Removal","floor":4.0,"gold_loss":0.0,"damage_taken":7.0},{"cards_removed":["Defend_R"],"damage_healed":0.0,"max_hp_gain":0.0,"max_hp_loss":0.0,"gold_gain":0.0,"event_name":"The Cleric","player_choice":"Card Removal","floor":8.0,"gold_loss":50.0,"damage_taken":0.0},{"damage_healed":0.0,"max_hp_gain":0.0,"max_hp_loss":0.0,"gold_gain":0.0,"event_name":"Liars Game","player_choice":"Ignored","floor":12.0,"gold_loss":0.0,"damage_taken":0.0},{"damage_healed":0.0,"max_hp_gain":0.0,"max_hp_loss":6.0,"gold_gain":0.0,"event_name":"Golden Idol","player_choice":"Lose Max HP","floor":14.0,"gold_loss":0.0,"damage_taken":0.0,"relics_obtained":["Golden Idol"]},{"damage_healed":0.0,"max_hp_gain":0.0,"max_hp_loss":0.0,"gold_gain":0.0,"event_name":"Addict","player_choice":"Obtained Relic","floor":21.0,"gold_loss":85.0,"damage_taken":0.0,"relics_obtained":["Strawberry"]},{"cards_removed":["Bash"],"damage_healed":0.0,"max_hp_gain":0.0,"max_hp_loss":0.0,"gold_gain":0.0,"event_name":"Beggar","player_choice":"Gave Gold","floor":27.0,"gold_loss":75.0,"damage_taken":0.0},{"cards_removed":["Rage"],"damage_healed":0.0,"max_hp_gain":0.0,"max_hp_loss":0.0,"gold_gain":0.0,"event_name":"Purifier","player_choice":"Purged","floor":38.0,"gold_loss":0.0,"damage_taken":0.0}],"is_beta":false,"boss_relics":[{"not_picked":["Ectoplasm","Fusion Hammer"],"picked":"Pandora\u0027s Box"},{"not_picked":["Lizard Tail","Tiny House"],"picked":"Sozu"}],"items_purged_floors":[3,20,48],"is_endless":false,"potions_floor_spawned":[2,6,10,16,28,31,37,41,47],"ascension_level":1}