{"gold_per_floor":[118,138,138,63,82,82,62,62,110,110,121,154,154,178,178,277,277,289,302,312,186,186,186],"floor_reached":23,"playtime":1388,"items_purged":["Strike_B","Defend_B"],"score":189,"play_id":"7c8ff2e0-bd13-4a5a-9b9c-196f33565ebd","local_time":"20190920234153","is_ascension_mode":false,"campfire_choices":[{"data":"Barrage","floor":6,"key":"SMITH"},{"data":"Blizzard","floor":8,"key":"SMITH"},{"data":"Zap","floor":10,"key":"SMITH"},{"data":"Self Repair","floor":13,"key":"SMITH"},{"floor":15,"key":"REST"}],"neow_cost":"NONE","seed_source_timestamp":785436682145800,"circlet_count":0,"master_deck":["Strike_B","Strike_B","Defend_B","Defend_B","Zap+1","Dualcast","Coolheaded","Barrage+1","Blizzard+1","Self Repair+1","Biased Cognition","Redo+1","Coolheaded"],"relics":["Cracked Core","Ancient Tea Set","Art of War","Ornamental Fan","Blood Vial","Empty Cage"],"potions_floor_usage":[11,20],"damage_taken":[{"damage":0,"enemies":"2 Louse","floor":1,"turns":2},{"damage":0,"enemies":"Cultist","floor":2,"turns":4},{"damage":4,"enemies":"Jaw Worm","floor":5,"turns":4},{"damage":13,"enemies":"Gremlin Gang","floor":11,"turns":5},{"damage":12,"enemies":"Gremlin Nob","floor":12,"turns":3},{"damage":62,"enemies":"The Guardian","floor":16,"turns":13},{"damage":43,"enemies":"3 Byrds","floor":18,"turns":6},{"damage":0,"enemies":"Chosen","floor":19,"turns":5},{"damage":24,"enemies":"Snake Plant","floor":20,"turns":4},{"damage":76,"enemies":"Slavers","floor":23,"turns":6}],"seed_played":"-1265999770085985875","potions_obtained":[{"floor":2,"key":"GamblersBrew"},{"floor":5,"key":"Fire Potion"},{"floor":7,"key":"Poison Potion"},{"floor":16,"key":"FearPotion"},{"floor":19,"key":"SkillPotion"}],"is_trial":false,"path_per_floor":["M","M","?","$","M","R","?","R","T","R","M","E","R","T","R","B",null,"M","M","M","$","?","E"],"character_chosen":"DEFECT","items_purchased":["Coolheaded"],"campfire_rested":1,"item_purchase_floors":[21],"current_hp_per_floor":[75,75,75,75,71,71,71,71,71,71,58,46,46,46,68,18,75,42,54,42,42,67,0],"gold":186,"neow_bonus":"RANDOM_COMMON_RELIC","is_prod":false,"is_daily":false,"chose_seed":false,"campfire_upgraded":4,"win_rate":0.0,"timestamp":1569037313,"path_taken":["M","M","?","$","?","R","?","R","T","R","?","E","R","?","R","BOSS","M","M","M","$","?","E"],"build_version":"2019-07-17","purchased_purges":2,"victory":false,"max_hp_per_floor":[75,75,75,75,75,75,75,75,75,75,75,75,75,75,75,75,75,75,75,75,75,75,75],"card_choices":[{"not_picked":["Cold Snap","Undo"],"picked":"Coolheaded","floor":1},{"not_picked":["Chaos","Fusion"],"picked":"Barrage","floor":2},{"not_picked":["Genetic Algorithm","Rebound"],"picked":"Blizzard","floor":5},{"not_picked":["Compile Driver","Gash","Tempest"],"picked":"SKIP","floor":11},{"not_picked":["Storm","Sweeping Beam"],"picked":"Self Repair","floor":12},{"not_picked":["Thunder Strike","Multi-Cast"],"picked":"Biased Cognition","floor":16},{"not_picked":["Barrage","Steam+1"],"picked":"Redo+1","floor":18},{"not_picked":["Lockon","Consume","Genetic Algorithm"],"picked":"SKIP","floor":19},{"not_picked":["Compile Driver","Barrage","Sweeping Beam"],"picked":"SKIP","floor":20}],"player_experience":222037,"relics_obtained":[{"floor":9,"key":"Art of War"},{"floor":12,"key":"Ornamental Fan"},{"floor":14,"key":"Blood Vial"}],"event_choices":[{"damage_healed":0,"gold_gain":0,"player_choice":"Ignored","damage_taken":0,"max_hp_gain":0,"max_hp_loss":0,"event_name":"NoteForYourself","floor":3,"gold_loss":0},{"damage_healed":0,"gold_gain":0,"player_choice":"Bought 1 Potion","damage_taken":0,"max_hp_gain":0,"max_hp_loss":0,"event_name":"The Woman in Blue","floor":7,"gold_loss":0},{"damage_healed":25,"gold_gain":0,"player_choice":"Heal","damage_taken":0,"max_hp_gain":0,"max_hp_loss":0,"event_name":"The Library","floor":22,"gold_loss":0}],"is_beta":false,"boss_relics":[{"not_picked":["Sozu","Tiny House"],"picked":"Empty Cage"}],"items_purged_floors":[4,21],"is_endless":false,"potions_floor_spawned":[2,5,16,18,19],"killed_by":"Slavers","ascension_level":0}