{"gold_per_floor":[116,116,126,51,1,1,34,34,34,62,62,393,393,423,423,522,522,511,107,124,144,144,179,179,6,52,52,84,84,84,104,104,104],"floor_reached":33,"playtime":2015,"items_purged":["Strike_R","Defend_R","Defend_R"],"score":398,"play_id":"1a71c35c-84ad-4fad-8ebf-8a0791203e64","local_time":"20190916235728","is_ascension_mode":true,"campfire_choices":[{"data":"Bash","floor":6.0,"key":"SMITH"},{"data":"Whirlwind","floor":8.0,"key":"SMITH"},{"floor":15.0,"key":"REST"},{"data":"Metallicize","floor":24.0,"key":"SMITH"},{"data":"Pommel Strike","floor":30,"key":"SMITH"},{"data":"Flex","floor":32,"key":"SMITH"}],"neow_cost":"NONE","seed_source_timestamp":439964182244800,"circlet_count":0,"master_deck":["Strike_R","Strike_R","Defend_R","Defend_R","Bash+1","Whirlwind+1","Headbutt","Impervious","Flex+1","Reaper","Impervious","Flash of Steel","Shrug It Off+1","Metallicize+1","Pommel Strike+1","Writhe"],"special_seed":0,"relics":["Burning Blood","NeowsBlessing","Dream Catcher","Meat on the Bone","Shuriken","Old Coin","Self Forming Clay","Velvet Choker","Medical Kit","Nilry\u0027s Codex","WingedGreaves","Lantern","Pen Nib","Sundial"],"potions_floor_usage":[33,33],"damage_taken":[{"damage":0.0,"enemies":"Cultist","floor":1.0,"turns":1.0},{"damage":0.0,"enemies":"2 Louse","floor":3.0,"turns":1.0},{"damage":0.0,"enemies":"Gremlin Nob","floor":7.0,"turns":1.0},{"damage":27.0,"enemies":"Lagavulin","floor":10.0,"turns":6.0},{"damage":25.0,"enemies":"Gremlin Nob","floor":12.0,"turns":4.0},{"damage":20.0,"enemies":"Lagavulin","floor":14.0,"turns":5.0},{"damage":74.0,"enemies":"The Guardian","floor":16.0,"turns":14.0},{"damage":12.0,"enemies":"2 Thieves","floor":18.0,"turns":4.0},{"damage":2.0,"enemies":"Chosen","floor":20.0,"turns":5.0},{"damage":5.0,"enemies":"Centurion and Healer","floor":21.0,"turns":8.0},{"damage":40.0,"enemies":"Book of Stabbing","floor":23.0,"turns":7.0},{"damage":9.0,"enemies":"Slavers","floor":28.0,"turns":6.0},{"damage":6,"enemies":"Shelled Parasite and Fungi","floor":31,"turns":6},{"damage":86,"enemies":"Collector","floor":33,"turns":7}],"seed_played":"548009716965474953","potions_obtained":[{"floor":1.0,"key":"SkillPotion"},{"floor":10.0,"key":"Weak Potion"},{"floor":20.0,"key":"Block Potion"},{"floor":23.0,"key":"Energy Potion"},{"floor":28.0,"key":"Swift Potion"}],"is_trial":false,"path_per_floor":["M","?","M","$","?","R","E","R","T","E","$","E","?","E","R","B",null,"M","$","M","M","?","E","R","$","T","?","E","?","R","M","R","B"],"character_chosen":"IRONCLAD","items_purchased":["Medical Kit","Flash of Steel","Pommel Strike"],"campfire_rested":1,"item_purchase_floors":[19,19,25],"current_hp_per_floor":[80,85,85,85,85,85,85,85,85,64,64,57,57,55,80,24,85,85,85,85,85,69,53,53,53,53,53,62,62,62,69,69,0],"gold":104,"neow_bonus":"THREE_ENEMY_KILL","is_prod":false,"is_daily":false,"chose_seed":false,"campfire_upgraded":5,"win_rate":0,"timestamp":1568692648,"path_taken":["M","?","M","$","?","R","E","R","T","E","?","E","?","E","R","BOSS","M","$","M","M","?","E","R","$","T","?","E","?","R","M","R","BOSS"],"build_version":"2019-07-17","purchased_purges":3,"victory":false,"max_hp_per_floor":[80,85,85,85,85,85,85,85,85,85,85,85,85,85,85,85,85,85,85,85,85,85,85,85,85,85,85,85,85,85,85,85,85],"card_choices":[{"not_picked":["Carnage","Wild Strike"],"picked":"Whirlwind","floor":1.0},{"not_picked":["Sword Boomerang","Pummel"],"picked":"Headbutt","floor":3.0},{"not_picked":["Warcry","Feel No Pain"],"picked":"Impervious","floor":7.0},{"not_picked":["Clash","Heavy Blade"],"picked":"Flex","floor":10.0},{"not_picked":["Sentinel","Combust","Flex"],"picked":"SKIP","floor":12.0},{"not_picked":["Rupture","Thunderclap"],"picked":"Reaper","floor":14.0},{"not_picked":["Reaper","Bludgeon"],"picked":"Impervious","floor":16.0},{"not_picked":["Intimidate","Dropkick+1","Sword Boomerang"],"picked":"SKIP","floor":18.0},{"not_picked":["Evolve","Wild Strike"],"picked":"Shrug It Off+1","floor":20.0},{"not_picked":["Combust+1","Headbutt+1","Wild Strike"],"picked":"SKIP","floor":21.0},{"not_picked":["Anger","Warcry+1"],"picked":"Metallicize","floor":23.0},{"not_picked":["Havoc+1","Perfected Strike+1","Burning Pact+1"],"picked":"SKIP","floor":28.0},{"not_picked":["Twin Strike","Thunderclap","Havoc+1"],"picked":"SKIP","floor":31}],"player_experience":200075,"relics_obtained":[{"floor":7.0,"key":"Dream Catcher"},{"floor":9.0,"key":"Meat on the Bone"},{"floor":10.0,"key":"Shuriken"},{"floor":12.0,"key":"Old Coin"},{"floor":14.0,"key":"Self Forming Clay"},{"floor":22.0,"key":"Nilry\u0027s Codex"},{"floor":23.0,"key":"WingedGreaves"},{"floor":26.0,"key":"Lantern"},{"floor":28.0,"key":"Pen Nib"}],"event_choices":[{"damage_healed":0.0,"max_hp_gain":5.0,"max_hp_loss":0.0,"gold_gain":0.0,"event_name":"Big Fish","player_choice":"Donut","floor":2.0,"gold_loss":0.0,"damage_taken":0.0},{"cards_removed":["Strike_R"],"damage_healed":0.0,"max_hp_gain":0.0,"max_hp_loss":0.0,"gold_gain":0.0,"event_name":"The Cleric","player_choice":"Card Removal","floor":5.0,"gold_loss":50.0,"damage_taken":0.0},{"cards_removed":["Strike_R"],"damage_healed":0.0,"max_hp_gain":0.0,"max_hp_loss":0.0,"gold_gain":0.0,"event_name":"Living Wall","player_choice":"Forget","floor":13.0,"gold_loss":0.0,"damage_taken":0.0},{"damage_healed":0.0,"max_hp_gain":0.0,"max_hp_loss":0.0,"gold_gain":0.0,"event_name":"Cursed Tome","player_choice":"Obtained Book","floor":22.0,"gold_loss":0.0,"damage_taken":16.0},{"damage_healed":0.0,"max_hp_gain":0.0,"max_hp_loss":0.0,"gold_gain":0.0,"event_name":"Ghosts","player_choice":"Ignored","floor":27.0,"gold_loss":0.0,"damage_taken":0.0},{"damage_healed":0.0,"max_hp_gain":0.0,"max_hp_loss":0.0,"gold_gain":0.0,"event_name":"The Mausoleum","player_choice":"Opened","floor":29.0,"gold_loss":0.0,"damage_taken":0.0,"relics_obtained":["Sundial"],"cards_obtained":["Writhe"]}],"is_beta":false,"boss_relics":[{"not_picked":["Black Star","Busted Crown"],"picked":"Velvet Choker"}],"items_purged_floors":[4,19,25],"is_endless":false,"potions_floor_spawned":[1,10,20,23,28],"killed_by":"Collector","ascension_level":4}