{"gold_per_floor":[214,214,214,231,17,46,46,59,85,85,6,18,34,34,34,34],"floor_reached":16,"playtime":563,"items_purged":[],"score":195,"play_id":"b5a528c4-69dd-4fbf-a681-257cea69182b","local_time":"20191006163602","is_ascension_mode":true,"campfire_choices":[{"floor":7.0,"key":"REST"},{"data":"Defragment","floor":10.0,"key":"SMITH"},{"floor":15.0,"key":"REST"}],"neow_cost":"NONE","seed_source_timestamp":475017291500,"circlet_count":0,"master_deck":["AscendersBane","Strike_B","Strike_B","Strike_B","Defend_B","Defend_B+1","Defend_B","Defend_B","Zap+1","Dualcast","Reinforced Body+1","Streamline","Defragment+1","Skim","Gash","White Noise","Melter","Sunder","Turbo","Self Repair"],"special_seed":0,"relics":["Cracked Core","Happy Flower","War Paint"],"potions_floor_usage":[16,16],"damage_taken":[{"damage":6.0,"enemies":"2 Louse","floor":1.0,"turns":3.0},{"damage":0.0,"enemies":"Cultist","floor":4.0,"turns":3.0},{"damage":21.0,"enemies":"Lagavulin","floor":6.0,"turns":6.0},{"damage":3.0,"enemies":"Small Slimes","floor":8.0,"turns":3.0},{"damage":14.0,"enemies":"3 Louse","floor":12.0,"turns":3.0},{"damage":13.0,"enemies":"Large Slime","floor":13.0,"turns":5.0},{"damage":43,"enemies":"Hexaghost","floor":16,"turns":9}],"seed_played":"-4952475189884204311","potions_obtained":[{"floor":1.0,"key":"SpeedPotion"},{"floor":8.0,"key":"FocusPotion"}],"is_trial":false,"path_per_floor":["M","?","?","M","$","E","R","M","T","R","$","M","M","?","R","B"],"character_chosen":"DEFECT","items_purchased":["Defragment","Skim","Block Potion","White Noise"],"campfire_rested":2,"item_purchase_floors":[5,5,5,11],"current_hp_per_floor":[58,51,51,51,51,30,51,48,48,48,48,34,21,21,42,0],"gold":34,"neow_bonus":"HUNDRED_GOLD","is_prod":false,"is_daily":false,"chose_seed":false,"campfire_upgraded":1,"win_rate":0,"timestamp":1570404962,"path_taken":["M","?","?","M","$","E","R","M","T","R","$","M","M","?","R","BOSS"],"build_version":"2019-07-17","purchased_purges":0,"victory":false,"max_hp_per_floor":[71,71,71,71,71,71,71,71,71,71,71,71,71,71,71,71],"card_choices":[{"not_picked":["Heatsinks","Leap"],"picked":"Reinforced Body","floor":1.0},{"not_picked":["Turbo","Stack"],"picked":"Streamline","floor":4.0},{"not_picked":["Beam Cell","BootSequence"],"picked":"Gash","floor":6.0},{"not_picked":["Doom and Gloom","Steam","Turbo"],"picked":"SKIP","floor":8.0},{"not_picked":["Storm","Hyperbeam"],"picked":"Melter","floor":12.0},{"not_picked":["Compile Driver","Hologram"],"picked":"Sunder","floor":13.0}],"player_experience":679590,"relics_obtained":[{"floor":6.0,"key":"Happy Flower"},{"floor":9.0,"key":"War Paint"}],"event_choices":[{"cards_removed":["Strike_B"],"damage_healed":0.0,"max_hp_gain":0.0,"max_hp_loss":0.0,"gold_gain":0.0,"event_name":"Golden Wing","player_choice":"Card Removal","floor":2.0,"gold_loss":0.0,"damage_taken":7.0},{"damage_healed":0.0,"max_hp_gain":0.0,"max_hp_loss":0.0,"gold_gain":0.0,"event_name":"Living Wall","player_choice":"Grow","floor":3.0,"gold_loss":0.0,"damage_taken":0.0,"cards_upgraded":["Zap"]},{"damage_healed":0.0,"max_hp_gain":0.0,"max_hp_loss":0.0,"gold_gain":0.0,"event_name":"Match and Keep!","player_choice":"2 cards matched","floor":14.0,"gold_loss":0.0,"damage_taken":0.0,"cards_obtained":["Turbo","Self Repair"]}],"is_beta":false,"boss_relics":[],"items_purged_floors":[],"is_endless":false,"potions_floor_spawned":[1,8,13],"killed_by":"Hexaghost","ascension_level":19}