{"gold_per_floor":[113,127,302,302,315,315,349,349,349,360,373,390,64,90,90,187,187,205,205,205,205,205,205,238,238,238,249,53,83,83,93,93,195,195,214,214,224,244,466,501,512,512,538,548,648,13,13,30,30,30],"floor_reached":51,"playtime":4039,"items_purged":["Doubt","Writhe","Strike_G"],"score":730,"play_id":"7621d11f-cd78-47f6-a2b3-87f1dca136b7","local_time":"20191006010326","is_ascension_mode":false,"campfire_choices":[{"data":"Dash","floor":6.0,"key":"SMITH"},{"data":"Neutralize","floor":8.0,"key":"SMITH"},{"data":"Heel Hook","floor":15.0,"key":"SMITH"},{"data":"Backflip","floor":23.0,"key":"SMITH"},{"data":"Defend_G","floor":25.0,"key":"PURGE"},{"data":"Strike_G","floor":30.0,"key":"PURGE"},{"floor":32.0,"key":"REST"},{"data":"Defend_G","floor":42,"key":"PURGE"},{"data":"Defend_G","floor":47,"key":"PURGE"},{"data":"Strike_G","floor":49,"key":"PURGE"}],"neow_cost":"NONE","seed_source_timestamp":0,"circlet_count":0,"master_deck":["Strike_G","Defend_G","Defend_G","Survivor","Neutralize+1","Dagger Spray","Cloak And Dagger","Dagger Spray","Dash+1","Die Die Die","Leg Sweep","Heel Hook+1","Backflip+1","Adrenaline","Heel Hook","Footwork","Escape Plan","Sucker Punch","Terror+1","Malaise","Blur+1","Well Laid Plans+1","Prepared+1","Secret Weapon"],"special_seed":0,"relics":["Ring of the Serpent","Paper Crane","Meat on the Bone","Mercury Hourglass","Kunai","Peace Pipe","Ginger","Shuriken","The Courier","Red Mask","Eternal Feather","Molten Egg 2","Orichalcum","The Specimen","Membership Card","Happy Flower","Juzu Bracelet","Thread and Needle","Sundial"],"potions_floor_usage":[41,50],"damage_taken":[{"damage":0.0,"enemies":"Jaw Worm","floor":1.0,"turns":5.0},{"damage":6.0,"enemies":"Cultist","floor":2.0,"turns":4.0},{"damage":0.0,"enemies":"Small Slimes","floor":5.0,"turns":2.0},{"damage":19.0,"enemies":"3 Sentries","floor":7.0,"turns":8.0},{"damage":1.0,"enemies":"Looter","floor":10.0,"turns":3.0},{"damage":0.0,"enemies":"3 Louse","floor":11.0,"turns":1.0},{"damage":5.0,"enemies":"Exordium Wildlife","floor":12.0,"turns":4.0},{"damage":9.0,"enemies":"Gremlin Nob","floor":14.0,"turns":5.0},{"damage":4.0,"enemies":"Slime Boss","floor":16.0,"turns":10.0},{"damage":9.0,"enemies":"Spheric Guardian","floor":18.0,"turns":4.0},{"damage":23.0,"enemies":"Gremlin Leader","floor":24.0,"turns":8.0},{"damage":2.0,"enemies":"2 Thieves","floor":27.0,"turns":4.0},{"damage":8.0,"enemies":"Masked Bandits","floor":29.0,"turns":3.0},{"damage":0.0,"enemies":"Centurion and Healer","floor":31.0,"turns":4.0},{"damage":35.0,"enemies":"Champ","floor":33.0,"turns":14.0},{"damage":0,"enemies":"Orb Walker","floor":35,"turns":3},{"damage":0,"enemies":"3 Shapes","floor":37,"turns":4},{"damage":4,"enemies":"Writhing Mass","floor":38,"turns":10},{"damage":12,"enemies":"Nemesis","floor":40,"turns":7},{"damage":0,"enemies":"Jaw Worm Horde","floor":41,"turns":4},{"damage":23,"enemies":"Sphere and 2 Shapes","floor":44,"turns":14},{"damage":0,"enemies":"Mind Bloom Boss Battle","floor":45,"turns":7},{"damage":7,"enemies":"Spire Growth","floor":48,"turns":6},{"damage":0,"enemies":"Time Eater","floor":50,"turns":13}],"seed_played":"-1039550860477275304","potions_obtained":[{"floor":2.0,"key":"EntropicBrew"},{"floor":10.0,"key":"PowerPotion"},{"floor":14.0,"key":"LiquidBronze"},{"floor":16.0,"key":"AttackPotion"},{"floor":33.0,"key":"Dexterity Potion"},{"floor":37,"key":"Energy Potion"},{"floor":41,"key":"Dexterity Potion"},{"floor":44,"key":"SkillPotion"}],"is_trial":false,"path_per_floor":["M","M","?","?","M","R","E","R","T","M","M","M","$","E","R","B",null,"M","?","?","?","T","R","E","R","T","M","$","?","R","M","R","B",null,"M","?","M","M","?","E","M","R","T","M","?","$","R","M","R","B",null],"character_chosen":"THE_SILENT","items_purchased":["Mercury Hourglass","Footwork","Escape Plan","Membership Card","Happy Flower","Juzu Bracelet","Secret Weapon","Thread and Needle","Sundial"],"campfire_rested":1,"item_purchase_floors":[13,28,28,46,46,46,46,46,46],"current_hp_per_floor":[70,64,64,64,64,64,45,45,45,44,44,39,39,42,42,38,70,61,48,48,48,48,48,37,37,37,47,47,39,39,39,61,38,75,75,71,71,67,67,55,55,70,70,47,47,47,62,55,70,70],"gold":30,"neow_bonus":"THREE_CARDS","is_prod":false,"is_daily":false,"chose_seed":false,"campfire_upgraded":4,"win_rate":0,"timestamp":1570338206,"path_taken":["M","M","?","?","M","R","E","R","T","?","M","M","$","E","R","BOSS","M","?","?","?","?","R","E","R","T","M","$","?","R","M","R","BOSS","M","?","M","M","?","E","M","R","T","M","?","$","R","M","R","BOSS"],"build_version":"2019-07-17","purchased_purges":3,"victory":true,"max_hp_per_floor":[70,70,70,70,70,70,70,70,70,70,70,70,70,70,70,70,70,70,75,75,75,75,75,75,75,75,75,75,75,75,75,75,75,75,75,71,71,71,71,71,71,71,71,71,71,71,71,71,71,71],"card_choices":[{"not_picked":["Backflip","Deadly Poison"],"picked":"Dagger Spray","floor":0.0},{"not_picked":["Outmaneuver","Deadly Poison"],"picked":"Cloak And Dagger","floor":1.0},{"not_picked":["Slice","Underhanded Strike"],"picked":"Dagger Spray","floor":2.0},{"not_picked":["Sucker Punch","Blade Dance"],"picked":"Dash","floor":5.0},{"not_picked":["Expertise","Flying Knee"],"picked":"Die Die Die","floor":7.0},{"not_picked":["Slice","Flying Knee","Blade Dance"],"picked":"SKIP","floor":10.0},{"not_picked":["Bouncing Flask","Backflip"],"picked":"Leg Sweep","floor":11.0},{"not_picked":["Bane","Sucker Punch"],"picked":"Heel Hook","floor":12.0},{"not_picked":["Bane","Night Terror"],"picked":"Backflip","floor":14.0},{"not_picked":["Die Die Die","Envenom"],"picked":"Adrenaline","floor":16.0},{"not_picked":["Noxious Fumes+1","Concentrate","Endless Agony"],"picked":"SKIP","floor":18.0},{"not_picked":["Dagger Spray+1","Venomology"],"picked":"Heel Hook","floor":24.0},{"not_picked":["Slice","Dagger Spray","Reflex+1"],"picked":"SKIP","floor":27.0},{"not_picked":["Noxious Fumes","Flechettes"],"picked":"Sucker Punch","floor":29.0},{"not_picked":["Expertise","Cloak And Dagger+1"],"picked":"Terror+1","floor":31.0},{"not_picked":["Burst","Die Die Die"],"picked":"Malaise","floor":33.0},{"not_picked":["Reflex+1","All Out Attack"],"picked":"Blur+1","floor":35},{"not_picked":["Cloak And Dagger","Quick Slash"],"picked":"Well Laid Plans+1","floor":37},{"not_picked":["Backflip+1","Blade Dance"],"picked":"Prepared+1","floor":38},{"not_picked":["Bane+1","Prepared+1","Dagger Spray+1"],"picked":"SKIP","floor":40},{"not_picked":["Quick Slash+1","Slice+1","Riddle With Holes+1"],"picked":"SKIP","floor":41},{"not_picked":["Bouncing Flask","Dagger Spray+1","Corpse Explosion"],"picked":"SKIP","floor":44},{"not_picked":["Bane+1","Bouncing Flask+1","Underhanded Strike+1"],"picked":"SKIP","floor":48}],"player_experience":340740,"relics_obtained":[{"floor":7.0,"key":"Paper Crane"},{"floor":9.0,"key":"Meat on the Bone"},{"floor":14.0,"key":"Kunai"},{"floor":22.0,"key":"Ginger"},{"floor":24.0,"key":"Shuriken"},{"floor":26.0,"key":"The Courier"},{"floor":29.0,"key":"Red Mask"},{"floor":40,"key":"Molten Egg 2"},{"floor":43,"key":"Orichalcum"},{"floor":45,"key":"The Specimen"}],"event_choices":[{"damage_healed":0.0,"max_hp_gain":0.0,"max_hp_loss":0.0,"gold_gain":175.0,"event_name":"Liars Game","player_choice":"AGREE","floor":3.0,"gold_loss":0.0,"damage_taken":0.0,"cards_obtained":["Doubt"]},{"damage_healed":0.0,"max_hp_gain":0.0,"max_hp_loss":0.0,"gold_gain":0.0,"event_name":"NoteForYourself","player_choice":"Ignored","floor":4.0,"gold_loss":0.0,"damage_taken":0.0},{"damage_healed":0.0,"max_hp_gain":5.0,"max_hp_loss":0.0,"gold_gain":0.0,"event_name":"Forgotten Altar","player_choice":"Shed Blood","floor":19.0,"gold_loss":0.0,"damage_taken":18.0},{"cards_removed":["Strike_G"],"damage_healed":0.0,"max_hp_gain":0.0,"max_hp_loss":0.0,"gold_gain":0.0,"event_name":"Back to Basics","player_choice":"Elegance","floor":20.0,"gold_loss":0.0,"damage_taken":0.0},{"damage_healed":0.0,"max_hp_gain":0.0,"max_hp_loss":0.0,"gold_gain":0.0,"event_name":"The Mausoleum","player_choice":"Opened","floor":21.0,"gold_loss":0.0,"damage_taken":0.0,"relics_obtained":["Peace Pipe"],"cards_obtained":["Writhe"]},{"damage_healed":0.0,"max_hp_gain":0.0,"max_hp_loss":0.0,"gold_gain":0.0,"event_name":"Masked Bandits","player_choice":"Fought Bandits","floor":29.0,"gold_loss":0.0,"damage_taken":0.0},{"damage_healed":0,"gold_gain":0,"player_choice":"Max HP","damage_taken":0,"max_hp_gain":0,"max_hp_loss":4,"event_name":"Winding Halls","floor":36,"gold_loss":0},{"damage_healed":0,"gold_gain":222,"player_choice":"Wore Mask","damage_taken":0,"max_hp_gain":0,"max_hp_loss":0,"event_name":"Tomb of Lord Red Mask","floor":39,"gold_loss":0},{"damage_healed":0,"gold_gain":0,"player_choice":"Fight","damage_taken":0,"max_hp_gain":0,"max_hp_loss":0,"event_name":"MindBloom","floor":45,"gold_loss":0}],"is_beta":false,"boss_relics":[{"not_picked":["Tiny House","HoveringKite"],"picked":"Ring of the Serpent"},{"not_picked":["Runic Dome","Busted Crown"],"picked":"Eternal Feather"}],"items_purged_floors":[13,28,46],"is_endless":false,"potions_floor_spawned":[2,10,14,16,33,37,40,41,44],"ascension_level":0}