{"gold_per_floor":[109,122,122,12,12,39,39,73,73,73,103,103,120,136,136,236,236,256,256,271,291,191,191,207,207,234,244,244,119,131,146,146,243,243,253,253,253,265,265,265,294,46,72,72,72,83,93,42,42,42],"floor_reached":51,"playtime":2741,"items_purged":["Defend_R","Strike_R","Strike_R"],"score":851,"play_id":"fc968e03-5e8e-48a0-85c9-d71ee47aabbf","local_time":"20190920002744","is_ascension_mode":true,"campfire_choices":[{"data":"Bash","floor":7.0,"key":"SMITH"},{"floor":12.0,"key":"REST"},{"data":"Immolate","floor":15.0,"key":"SMITH"},{"data":"Iron Wave","floor":23.0,"key":"SMITH"},{"data":"Juggernaut","floor":25.0,"key":"SMITH"},{"data":"Shrug It Off","floor":28.0,"key":"SMITH"},{"data":"True Grit","floor":32,"key":"SMITH"},{"floor":40,"key":"REST"},{"floor":49,"key":"REST"}],"neow_cost":"NONE","seed_source_timestamp":0,"circlet_count":0,"master_deck":["Defend_R+1","Defend_R+1","Defend_R+1","Bash+1","Thunderclap+1","Shrug It Off+1","Metallicize+1","Pommel Strike+1","Immolate+1","Battle Trance+1","Juggernaut+1","Iron Wave+1","Body Slam+1","Iron Wave+1","Shrug It Off+1","True Grit+1","Iron Wave+1","Panacea+1"],"special_seed":0,"relics":["Burning Blood","Blood Vial","Meat on the Bone","Bottled Flame","Self Forming Clay","Orrery","Bag of Marbles","Runic Dome","Mark of the Bloom","Strawberry","Bottled Lightning","Happy Flower"],"potions_floor_usage":[33,33,33,50,50,50],"damage_taken":[{"damage":7.0,"enemies":"Small Slimes","floor":1.0,"turns":3.0},{"damage":8.0,"enemies":"Jaw Worm","floor":2.0,"turns":4.0},{"damage":31.0,"enemies":"3 Sentries","floor":6.0,"turns":12.0},{"damage":40.0,"enemies":"Lagavulin","floor":8.0,"turns":8.0},{"damage":0.0,"enemies":"2 Louse","floor":13.0,"turns":1.0},{"damage":3.0,"enemies":"Exordium Thugs","floor":14.0,"turns":5.0},{"damage":33.0,"enemies":"Slime Boss","floor":16.0,"turns":8.0},{"damage":12.0,"enemies":"2 Thieves","floor":18.0,"turns":4.0},{"damage":8.0,"enemies":"Spheric Guardian","floor":20.0,"turns":4.0},{"damage":52.0,"enemies":"Cultist and Chosen","floor":21.0,"turns":6.0},{"damage":10.0,"enemies":"Sentry and Sphere","floor":24.0,"turns":8.0},{"damage":0.0,"enemies":"3 Cultists","floor":27.0,"turns":3.0},{"damage":13.0,"enemies":"Shelled Parasite and Fungi","floor":30.0,"turns":5.0},{"damage":6,"enemies":"Snecko","floor":31,"turns":3},{"damage":42,"enemies":"Champ","floor":33,"turns":12},{"damage":10,"enemies":"3 Darklings","floor":35,"turns":4},{"damage":0,"enemies":"3 Shapes","floor":38,"turns":1},{"damage":22,"enemies":"Nemesis","floor":41,"turns":9},{"damage":4,"enemies":"Transient","floor":46,"turns":5},{"damage":0,"enemies":"Jaw Worm Horde","floor":47,"turns":2},{"damage":44,"enemies":"Time Eater","floor":50,"turns":10}],"seed_played":"1579092082130011140","potions_obtained":[{"floor":8.0,"key":"Strength Potion"},{"floor":13.0,"key":"Energy Potion"},{"floor":16.0,"key":"SteroidPotion"},{"floor":20.0,"key":"Poison Potion"},{"floor":21.0,"key":"LiquidBronze"},{"floor":33,"key":"Poison Potion"},{"floor":46,"key":"Regen Potion"},{"floor":47,"key":"Fire Potion"}],"is_trial":false,"path_per_floor":["M","M","?","$","?","E","R","E","T","$","?","R","M","M","R","B",null,"M","?","M","M","$","R","M","R","T","M","R","$","M","M","R","B",null,"M","?","?","M","?","R","E","$","T","?","?","M","M","$","R","B",null],"character_chosen":"IRONCLAD","items_purchased":["Metallicize","Bottled Lightning","Fire Potion"],"campfire_rested":3,"item_purchase_floors":[4,42,48],"current_hp_per_floor":[73,73,66,66,66,43,43,23,23,23,23,47,55,60,60,47,72,68,68,68,36,36,36,46,46,46,54,54,54,49,51,51,29,67,65,65,65,73,73,73,51,51,51,51,51,47,47,47,47,3],"gold":42,"neow_bonus":"RANDOM_COMMON_RELIC","is_prod":false,"is_daily":false,"chose_seed":false,"campfire_upgraded":6,"win_rate":0,"timestamp":1568953664,"path_taken":["M","M","?","$","?","E","R","E","T","?","?","R","?","M","R","BOSS","M","?","M","M","$","R","M","R","T","M","R","$","M","M","R","BOSS","M","?","?","M","?","R","E","$","T","?","?","M","M","$","R","BOSS"],"build_version":"2019-07-17","purchased_purges":3,"victory":true,"max_hp_per_floor":[80,80,80,80,80,80,80,80,80,80,80,80,80,80,80,80,80,80,80,80,80,80,80,80,80,80,80,80,80,80,80,80,80,80,80,80,80,80,80,80,87,87,87,87,87,87,87,87,87,87],"card_choices":[{"not_picked":["True Grit","Pummel"],"picked":"Thunderclap","floor":1.0},{"not_picked":["Bloodletting","Feel No Pain"],"picked":"Shrug It Off","floor":2.0},{"not_picked":["Shrug It Off","Dark Embrace"],"picked":"Pommel Strike","floor":6.0},{"not_picked":["Dual Wield","Thunderclap"],"picked":"Immolate","floor":8.0},{"not_picked":["Cleave","True Grit","Rupture"],"picked":"SKIP","floor":13.0},{"not_picked":["Flex","Power Through"],"picked":"Battle Trance","floor":14.0},{"not_picked":["Feed","Offering"],"picked":"Juggernaut","floor":16.0},{"not_picked":["Rage","Clothesline"],"picked":"Iron Wave","floor":17.0},{"not_picked":["Anger","Heavy Blade"],"picked":"Body Slam","floor":17.0},{"not_picked":["Shockwave","Power Through"],"picked":"Warcry","floor":17.0},{"not_picked":["Anger","Battle Trance"],"picked":"Iron Wave+1","floor":18.0},{"not_picked":["Sword Boomerang+1","Bloodletting+1","Body Slam"],"picked":"SKIP","floor":20.0},{"not_picked":["Heavy Blade","Fiend Fire"],"picked":"Shrug It Off+1","floor":21.0},{"not_picked":["Dropkick","Combust","Body Slam"],"picked":"SKIP","floor":24.0},{"not_picked":["Pommel Strike","Blood for Blood","Wild Strike+1"],"picked":"SKIP","floor":27.0},{"not_picked":["Clash+1","Twin Strike","Thunderclap+1"],"picked":"SKIP","floor":30},{"not_picked":["Evolve","Dual Wield"],"picked":"True Grit","floor":31},{"not_picked":["Reckless Charge+1","Anger+1"],"picked":"Iron Wave+1","floor":35},{"not_picked":["Good Instincts","Trip"],"picked":"Panacea","floor":37},{"not_picked":["True Grit","Heavy Blade+1","Perfected Strike"],"picked":"SKIP","floor":38},{"not_picked":["Sword Boomerang","Cleave+1","Rupture"],"picked":"SKIP","floor":41},{"not_picked":["Intimidate+1","Fiend Fire","Pommel Strike+1"],"picked":"SKIP","floor":46},{"not_picked":["Warcry+1","Sword Boomerang+1","Clash"],"picked":"SKIP","floor":47}],"player_experience":214311,"relics_obtained":[{"floor":6.0,"key":"Meat on the Bone"},{"floor":8.0,"key":"Bottled Flame"},{"floor":9.0,"key":"Self Forming Clay"},{"floor":26.0,"key":"Bag of Marbles"},{"floor":41,"key":"Strawberry"},{"floor":43,"key":"Happy Flower"}],"event_choices":[{"cards_removed":["Strike_R"],"damage_healed":0.0,"max_hp_gain":0.0,"max_hp_loss":0.0,"gold_gain":0.0,"event_name":"Golden Wing","player_choice":"Card Removal","floor":3.0,"gold_loss":0.0,"damage_taken":7.0},{"cards_removed":["Strike_R"],"damage_healed":0.0,"max_hp_gain":0.0,"max_hp_loss":0.0,"gold_gain":0.0,"event_name":"Living Wall","player_choice":"Forget","floor":5.0,"gold_loss":0.0,"damage_taken":0.0},{"damage_healed":0.0,"max_hp_gain":0.0,"max_hp_loss":0.0,"gold_gain":30.0,"event_name":"Dead Adventurer","player_choice":"Searched \u00272\u0027 times","floor":11.0,"gold_loss":0.0,"damage_taken":0.0},{"cards_removed":["Strike_R"],"damage_healed":0.0,"max_hp_gain":0.0,"max_hp_loss":0.0,"gold_gain":0.0,"event_name":"Back to Basics","player_choice":"Elegance","floor":19.0,"gold_loss":0.0,"damage_taken":0.0},{"damage_healed":0,"gold_gain":0,"player_choice":"Ignored","damage_taken":0,"max_hp_gain":0,"max_hp_loss":0,"event_name":"Tomb of Lord Red Mask","floor":36,"gold_loss":0},{"damage_healed":0,"gold_gain":0,"player_choice":"Memory 1","damage_taken":0,"max_hp_gain":0,"max_hp_loss":0,"event_name":"SensoryStone","floor":37,"gold_loss":0},{"damage_healed":0,"gold_gain":0,"player_choice":"Upgrade","damage_taken":0,"relics_obtained":["Mark of the Bloom"],"max_hp_gain":0,"max_hp_loss":0,"event_name":"MindBloom","floor":39,"gold_loss":0,"cards_upgraded":["Defend_R","Defend_R","Defend_R","Thunderclap","Metallicize","Pommel Strike","Battle Trance","Body Slam","Warcry","Panacea"]},{"damage_healed":0,"gold_gain":0,"player_choice":"Ignored","damage_taken":0,"max_hp_gain":0,"max_hp_loss":0,"event_name":"Mysterious Sphere","floor":44,"gold_loss":0},{"cards_removed":["Warcry"],"damage_healed":0,"gold_gain":0,"player_choice":"Removed Skill","damage_taken":0,"max_hp_gain":0,"max_hp_loss":0,"event_name":"Falling","floor":45,"gold_loss":0}],"is_beta":false,"boss_relics":[{"not_picked":["Calling Bell","Empty Cage"],"picked":"Orrery"},{"not_picked":["Sozu","Black Blood"],"picked":"Runic Dome"}],"items_purged_floors":[4,22,29],"is_endless":false,"potions_floor_spawned":[8,13,16,20,21,33,46,47],"ascension_level":6}