{"gold_per_floor":[209,48,63,63,78,78,106,181,181,181,211,222,52,66,66,161,161,180,195,70,70,70,97,97,111,111,128,128,108,108,139,139,139],"floor_reached":33,"playtime":3508,"items_purged":["Strike_B","Defend_B","Defend_B"],"score":352,"play_id":"d819130e-8845-4dad-84bb-83640a0f1a66","local_time":"20190924202918","is_ascension_mode":true,"campfire_choices":[{"data":"Defragment","floor":6.0,"key":"SMITH"},{"data":"Chill","floor":10.0,"key":"SMITH"},{"data":"Coolheaded","floor":15.0,"key":"SMITH"},{"floor":24,"key":"REST"},{"floor":28,"key":"REST"},{"data":"Recycle","floor":30,"key":"SMITH"},{"floor":32,"key":"REST"}],"neow_cost":"NONE","seed_source_timestamp":0,"circlet_count":0,"master_deck":["Strike_B","Strike_B","Strike_B","Defend_B","Defend_B","Zap","Dualcast+1","Defragment+1","Chill+1","Conserve Battery","Hologram","Coolheaded+1","Tempest+1","Buffer+1","Hologram","Cold Snap","Aggregate","Recycle+1","Sweeping Beam","Streamline"],"special_seed":0,"relics":["Cracked Core","Dead Branch","Gremlin Horn","Pocketwatch","Potion Belt","Orrery","Ancient Tea Set","War Paint","Dream Catcher"],"potions_floor_usage":[23,31,31,33],"damage_taken":[{"damage":1.0,"enemies":"Cultist","floor":1.0,"turns":3.0},{"damage":0.0,"enemies":"Small Slimes","floor":3.0,"turns":3.0},{"damage":0.0,"enemies":"2 Louse","floor":5.0,"turns":3.0},{"damage":3.0,"enemies":"3 Sentries","floor":7.0,"turns":7.0},{"damage":7.0,"enemies":"Lagavulin","floor":11.0,"turns":6.0},{"damage":4.0,"enemies":"Blue Slaver","floor":12.0,"turns":3.0},{"damage":3.0,"enemies":"Exordium Wildlife","floor":14.0,"turns":4.0},{"damage":17.0,"enemies":"Hexaghost","floor":16.0,"turns":10.0},{"damage":8.0,"enemies":"Shell Parasite","floor":18.0,"turns":9.0},{"damage":0,"enemies":"Chosen","floor":19,"turns":6},{"damage":52,"enemies":"Slavers","floor":23,"turns":11},{"damage":5,"enemies":"Shelled Parasite and Fungi","floor":25,"turns":10},{"damage":22,"enemies":"3 Cultists","floor":27,"turns":7},{"damage":28,"enemies":"Gremlin Leader","floor":31,"turns":7},{"damage":56,"enemies":"Collector","floor":33,"turns":15}],"seed_played":"785150060881339014","potions_obtained":[{"floor":3.0,"key":"Dexterity Potion"},{"floor":7.0,"key":"Block Potion"},{"floor":11.0,"key":"SteroidPotion"},{"floor":16.0,"key":"Energy Potion"},{"floor":23,"key":"FocusPotion"},{"floor":27,"key":"SpeedPotion"},{"floor":29,"key":"Regen Potion"}],"is_trial":false,"path_per_floor":["M","$","M","?","M","R","E","?","T","R","E","M","$","M","R","B",null,"M","M","$","?","?","E","R","M","T","M","R","?","R","E","R","B"],"character_chosen":"DEFECT","items_purchased":["Chill","Conserve Battery","Tempest"],"campfire_rested":3,"item_purchase_floors":[2,2,13],"current_hp_per_floor":[74,74,74,67,67,67,64,53,53,53,46,42,42,39,39,22,75,67,67,67,67,67,15,37,32,32,10,32,32,32,19,41,0],"gold":139,"neow_bonus":"HUNDRED_GOLD","is_prod":false,"is_daily":false,"chose_seed":false,"campfire_upgraded":4,"win_rate":0,"timestamp":1569371358,"path_taken":["M","?","M","?","M","R","E","?","T","R","E","M","?","M","R","BOSS","M","M","$","?","?","E","R","M","T","?","R","?","R","E","R","BOSS"],"build_version":"2019-07-17","purchased_purges":3,"victory":false,"max_hp_per_floor":[75,75,75,75,75,75,75,75,75,75,75,75,75,75,75,75,75,75,75,75,75,75,75,75,75,75,75,75,75,75,75,75,75],"card_choices":[{"not_picked":["Hologram","Rebound"],"picked":"Defragment","floor":1.0},{"not_picked":["Compile Driver","Reinforced Body","Steam"],"picked":"SKIP","floor":3.0},{"not_picked":["Capacitor","Compile Driver","Lockon"],"picked":"SKIP","floor":5.0},{"not_picked":["Undo","Gash"],"picked":"Hologram","floor":7.0},{"not_picked":["Turbo","Amplify"],"picked":"Coolheaded","floor":11.0},{"not_picked":["Conserve Battery","Steam","Gash"],"picked":"SKIP","floor":12.0},{"not_picked":["Barrage","Force Field","Consume"],"picked":"SKIP","floor":14.0},{"not_picked":["Thunder Strike","Biased Cognition"],"picked":"Buffer","floor":16.0},{"not_picked":["Double Energy","Barrage"],"picked":"Hologram","floor":17.0},{"not_picked":["Rebound","Steam"],"picked":"Cold Snap","floor":17.0},{"not_picked":["Cold Snap+1","Hologram","Sunder"],"picked":"SKIP","floor":18},{"not_picked":["Hologram+1","Beam Cell","Sunder"],"picked":"SKIP","floor":19},{"not_picked":["Gash","Turbo"],"picked":"Aggregate","floor":23},{"not_picked":["Meteor Strike","Rebound"],"picked":"Recycle","floor":25},{"not_picked":["Beam Cell","Hologram","Rebound+1"],"picked":"SKIP","floor":27},{"not_picked":["Steam","Coolheaded+1"],"picked":"Sweeping Beam","floor":31},{"not_picked":["Go for the Eyes","Aggregate"],"picked":"Streamline","floor":32}],"player_experience":267686,"relics_obtained":[{"floor":7.0,"key":"Gremlin Horn"},{"floor":9.0,"key":"Pocketwatch"},{"floor":11.0,"key":"Potion Belt"},{"floor":23,"key":"Ancient Tea Set"},{"floor":26,"key":"War Paint"},{"floor":31,"key":"Dream Catcher"}],"event_choices":[{"damage_healed":0.0,"max_hp_gain":0.0,"max_hp_loss":0.0,"gold_gain":0.0,"event_name":"Scrap Ooze","player_choice":"Success","floor":4.0,"gold_loss":0.0,"damage_taken":7.0,"relics_obtained":["Dead Branch"]},{"damage_healed":0.0,"max_hp_gain":0.0,"max_hp_loss":0.0,"gold_gain":75.0,"event_name":"World of Goop","player_choice":"Gather Gold","floor":8.0,"gold_loss":0.0,"damage_taken":11.0},{"damage_healed":0,"gold_gain":0,"player_choice":"Ignored","damage_taken":0,"max_hp_gain":0,"max_hp_loss":0,"event_name":"Ghosts","floor":21,"gold_loss":0},{"damage_healed":0,"gold_gain":0,"player_choice":"Forge","damage_taken":0,"max_hp_gain":0,"max_hp_loss":0,"event_name":"Accursed Blacksmith","floor":22,"gold_loss":0,"cards_upgraded":["Buffer"]},{"damage_healed":0,"gold_gain":0,"player_choice":"Bought 1 Potion","damage_taken":0,"max_hp_gain":0,"max_hp_loss":0,"event_name":"The Woman in Blue","floor":29,"gold_loss":0}],"is_beta":false,"boss_relics":[{"not_picked":["Runic Dome","Calling Bell"],"picked":"Orrery"}],"items_purged_floors":[2,13,20],"is_endless":false,"potions_floor_spawned":[3,7,11,16,23,27],"killed_by":"Collector","ascension_level":4}