{"gold_per_floor":[114,134,14,14,30,61,61,80,80,80,106,106,120,137,137,232,232,249,249,265,21,35,65,65,80,104,104,115,165,165,181,181,181],"floor_reached":33,"playtime":1953,"items_purged":["Strike_R","Strike_R"],"score":279,"play_id":"99862beb-4f87-46ca-a531-800796210d38","local_time":"20190914120613","is_ascension_mode":false,"campfire_choices":[{"data":"Armaments","floor":7,"key":"SMITH"},{"floor":10,"key":"REST"},{"data":"Barricade","floor":12,"key":"SMITH"},{"floor":15,"key":"REST"},{"data":"Thunderclap","floor":24,"key":"SMITH"},{"data":"Sentinel","floor":27,"key":"SMITH"},{"floor":30,"key":"REST"},{"data":"Bludgeon","floor":32,"key":"SMITH"}],"neow_cost":"NONE","seed_source_timestamp":224708605721900,"circlet_count":0,"master_deck":["Defend_R","Defend_R","Defend_R","Defend_R","Bash+1","Bludgeon+1","Corruption+1","Warcry","Armaments+1","Thunderclap+1","Barricade+1","Body Slam","Brutality","Clash+1","Perfected Strike+1","Reckless Charge+1","Shrug It Off","Offering","Sentinel+1"],"relics":["Burning Blood","Art of War","PreservedInsect","Paper Frog","Astrolabe","Centennial Puzzle","Omamori","Orichalcum"],"potions_floor_usage":[8,33,33],"damage_taken":[{"damage":5,"enemies":"2 Louse","floor":1,"turns":2},{"damage":5,"enemies":"Small Slimes","floor":2,"turns":2},{"damage":0,"enemies":"Cultist","floor":5,"turns":2},{"damage":21,"enemies":"Lagavulin","floor":6,"turns":6},{"damage":14,"enemies":"3 Louse","floor":8,"turns":3},{"damage":6,"enemies":"Gremlin Nob","floor":11,"turns":3},{"damage":10,"enemies":"Red Slaver","floor":13,"turns":4},{"damage":21,"enemies":"Exordium Wildlife","floor":14,"turns":5},{"damage":30,"enemies":"Slime Boss","floor":16,"turns":10},{"damage":22,"enemies":"Shell Parasite","floor":18,"turns":4},{"damage":8,"enemies":"Spheric Guardian","floor":20,"turns":3},{"damage":8,"enemies":"3 Cultists","floor":22,"turns":4},{"damage":15,"enemies":"Gremlin Leader","floor":23,"turns":4},{"damage":0,"enemies":"Snecko","floor":25,"turns":5},{"damage":25,"enemies":"Snake Plant","floor":28,"turns":4},{"damage":6,"enemies":"Cultist and Chosen","floor":31,"turns":4},{"damage":70,"enemies":"Champ","floor":33,"turns":9}],"seed_played":"8520610784709261047","potions_obtained":[{"floor":1,"key":"PowerPotion"},{"floor":2,"key":"Energy Potion"},{"floor":11,"key":"GamblersBrew"},{"floor":13,"key":"Poison Potion"},{"floor":14,"key":"Strength Potion"},{"floor":22,"key":"Dexterity Potion"}],"is_trial":false,"path_per_floor":["M","M","$","?","M","E","R","M","T","R","E","R","M","M","R","B",null,"M","?","M","$","M","E","R","M","T","R","M","?","R","M","R","B"],"character_chosen":"IRONCLAD","items_purchased":["Armaments","Centennial Puzzle"],"campfire_rested":3,"item_purchase_floors":[3,21],"current_hp_per_floor":[80,80,80,64,70,55,55,47,47,71,71,71,67,52,76,52,80,64,64,62,62,60,51,51,57,57,57,38,38,62,62,62,0],"gold":181,"neow_bonus":"ONE_RANDOM_RARE_CARD","is_prod":false,"is_daily":false,"chose_seed":false,"campfire_upgraded":5,"win_rate":0,"timestamp":1568477173,"path_taken":["M","M","$","?","M","E","R","M","T","R","E","R","M","M","R","BOSS","M","?","M","$","M","E","R","M","T","R","?","?","R","M","R","BOSS"],"build_version":"2019-07-17","purchased_purges":2,"victory":false,"max_hp_per_floor":[80,80,80,80,80,80,80,80,80,80,80,80,80,80,80,80,80,80,80,80,80,80,80,80,80,80,80,80,80,80,80,80,80],"card_choices":[{"not_picked":["Blood for Blood","Anger"],"picked":"Corruption","floor":1},{"not_picked":["Perfected Strike","Clothesline"],"picked":"Warcry","floor":2},{"not_picked":["Armaments","Entrench"],"picked":"Thunderclap","floor":5},{"not_picked":["Sentinel","Shrug It Off"],"picked":"Barricade","floor":6},{"not_picked":["Twin Strike","Thunderclap"],"picked":"Body Slam","floor":8},{"not_picked":["Intimidate","Wild Strike","Pommel Strike"],"picked":"SKIP","floor":11},{"not_picked":["Searing Blow","Twin Strike","Clash"],"picked":"SKIP","floor":13},{"not_picked":["Entrench","Havoc","Dropkick"],"picked":"SKIP","floor":14},{"not_picked":["Limit Break","Bludgeon"],"picked":"Brutality","floor":16},{"not_picked":["True Grit+1","Twin Strike"],"picked":"Shrug It Off","floor":18},{"not_picked":["Heavy Blade","Sword Boomerang+1","Pommel Strike"],"picked":"SKIP","floor":20},{"not_picked":["Sword Boomerang","Clothesline+1","Clash"],"picked":"SKIP","floor":22},{"not_picked":["Blood for Blood","Thunderclap+1","Intimidate"],"picked":"SKIP","floor":23},{"not_picked":["Perfected Strike","Carnage"],"picked":"Sentinel","floor":25},{"not_picked":["Headbutt","Searing Blow","Clothesline+1"],"picked":"SKIP","floor":28},{"not_picked":["Blood for Blood","Thunderclap+1","Twin Strike+1"],"picked":"SKIP","floor":31}],"player_experience":157846,"relics_obtained":[{"floor":6,"key":"Art of War"},{"floor":9,"key":"PreservedInsect"},{"floor":11,"key":"Paper Frog"},{"floor":23,"key":"Omamori"},{"floor":26,"key":"Orichalcum"}],"event_choices":[{"damage_healed":0,"gold_gain":0,"player_choice":"Entered Light","damage_taken":16,"max_hp_gain":0,"max_hp_loss":0,"event_name":"Shining Light","floor":4,"gold_loss":0,"cards_upgraded":["Corruption","Bash"]},{"damage_healed":0,"gold_gain":0,"player_choice":"1 cards matched","damage_taken":0,"max_hp_gain":0,"max_hp_loss":0,"event_name":"Match and Keep!","floor":19,"gold_loss":0,"cards_obtained":["Offering"]},{"damage_healed":0,"gold_gain":100,"player_choice":"Bet on Murderer","damage_taken":0,"max_hp_gain":0,"max_hp_loss":0,"event_name":"The Joust","floor":29,"gold_loss":50}],"is_beta":false,"boss_relics":[{"not_picked":["Black Blood","Ectoplasm"],"picked":"Astrolabe"}],"items_purged_floors":[3,21],"is_endless":false,"potions_floor_spawned":[1,2,11,13,14,18,22,28],"killed_by":"Champ","ascension_level":0}