{"gold_per_floor":[212,222,222,3,3,3,36,36,61,61,74,101,119,132,132,237,237,257,131,131,141,153,153,170,170,248,275,298,298,309,325,325,422,422,433,447,447,447,124,141,141,141,141,158,158,173,173,190,190,190],"floor_reached":51,"playtime":4333,"items_purged":["Strike_R","Defend_R","Strike_R"],"score":729,"play_id":"957e94c9-fe02-4cb7-9927-217457afd4a1","local_time":"20190902234321","is_ascension_mode":false,"campfire_choices":[{"data":"Iron Wave","floor":6.0,"key":"SMITH"},{"data":"Double Tap","floor":8.0,"key":"SMITH"},{"data":"Headbutt","floor":10.0,"key":"SMITH"},{"data":"Bash","floor":15.0,"key":"SMITH"},{"data":"Thunderclap","floor":23.0,"key":"SMITH"},{"data":"Clothesline","floor":25.0,"key":"SMITH"},{"data":"Defend_R","floor":29.0,"key":"SMITH"},{"data":"Hemokinesis","floor":32,"key":"SMITH"},{"floor":42,"key":"REST"},{"floor":45,"key":"REST"},{"floor":47,"key":"REST"},{"floor":49,"key":"REST"}],"neow_cost":"NONE","seed_source_timestamp":0,"circlet_count":0,"master_deck":["Strike_R","Strike_R+1","Defend_R","Defend_R","Defend_R+1","Bash+1","Iron Wave+1","Headbutt+1","Double Tap+1","True Grit+1","Burning Pact+1","Armaments+1","Limit Break+1","Havoc+1","Shrug It Off+1","Thunderclap+1","Flex+1","Clothesline+1","Disarm+1","Battle Trance+1","Pommel Strike+1"],"special_seed":0,"relics":["Burning Blood","Vajra","Meat on the Bone","Oddly Smooth Stone","Toxic Egg 2","Runic Pyramid","Gremlin Horn","PreservedInsect","Lantern","Fusion Hammer","Toy Ornithopter","Ornamental Fan"],"potions_floor_usage":[33,50],"damage_taken":[{"damage":11.0,"enemies":"Jaw Worm","floor":1.0,"turns":4.0},{"damage":1.0,"enemies":"Cultist","floor":2.0,"turns":4.0},{"damage":20.0,"enemies":"3 Sentries","floor":7.0,"turns":8.0},{"damage":3.0,"enemies":"Small Slimes","floor":11.0,"turns":2.0},{"damage":30.0,"enemies":"Lagavulin","floor":12.0,"turns":7.0},{"damage":0.0,"enemies":"Exordium Wildlife","floor":13.0,"turns":4.0},{"damage":5.0,"enemies":"Lots of Slimes","floor":14.0,"turns":4.0},{"damage":23.0,"enemies":"Hexaghost","floor":16.0,"turns":11.0},{"damage":15.0,"enemies":"Spheric Guardian","floor":18.0,"turns":6.0},{"damage":15.0,"enemies":"Shell Parasite","floor":21.0,"turns":7.0},{"damage":14.0,"enemies":"Snake Plant","floor":22.0,"turns":7.0},{"damage":14.0,"enemies":"Shelled Parasite and Fungi","floor":24.0,"turns":6.0},{"damage":11.0,"enemies":"Book of Stabbing","floor":27.0,"turns":7.0},{"damage":1.0,"enemies":"Snecko","floor":30.0,"turns":4.0},{"damage":6.0,"enemies":"3 Cultists","floor":31.0,"turns":6.0},{"damage":46,"enemies":"Automaton","floor":33,"turns":8},{"damage":9,"enemies":"3 Darklings","floor":35,"turns":5},{"damage":17,"enemies":"3 Shapes","floor":36,"turns":3},{"damage":0,"enemies":"3 Darklings","floor":40,"turns":4},{"damage":0,"enemies":"Transient","floor":44,"turns":5},{"damage":26,"enemies":"4 Shapes","floor":46,"turns":3},{"damage":2,"enemies":"Jaw Worm Horde","floor":48,"turns":3},{"damage":47,"enemies":"Time Eater","floor":50,"turns":6}],"seed_played":"-326535317922086978","potions_obtained":[{"floor":2.0,"key":"FearPotion"},{"floor":3.0,"key":"SkillPotion"},{"floor":3.0,"key":"Poison Potion"},{"floor":7.0,"key":"SkillPotion"},{"floor":13.0,"key":"Energy Potion"},{"floor":16.0,"key":"Ancient Potion"},{"floor":18.0,"key":"FearPotion"},{"floor":22.0,"key":"Block Potion"},{"floor":27.0,"key":"FearPotion"},{"floor":33,"key":"PowerPotion"},{"floor":35,"key":"Explosive Potion"},{"floor":40,"key":"Fire Potion"}],"is_trial":false,"path_per_floor":["M","M","?","$","?","R","E","R","T","R","M","E","M","M","R","B",null,"M","$","?","M","M","R","M","R","T","E","T","R","M","M","R","B",null,"M","M","?","?","$","M","$","R","T","M","R","M","R","M","R","B",null],"character_chosen":"IRONCLAD","items_purchased":["Vajra","Shrug It Off+1","Toy Ornithopter"],"campfire_rested":4,"item_purchase_floors":[4,19,39],"current_hp_per_floor":[75,80,80,80,80,80,66,66,66,66,69,57,63,64,64,47,80,71,71,71,62,54,54,58,58,58,53,53,53,58,58,58,30,80,77,66,66,66,66,72,72,80,80,80,80,60,80,80,80,51],"gold":190,"neow_bonus":"HUNDRED_GOLD","is_prod":false,"is_daily":false,"chose_seed":false,"campfire_upgraded":8,"win_rate":0,"timestamp":1567482201,"path_taken":["M","M","?","?","?","R","E","R","T","R","M","E","M","M","R","BOSS","M","$","?","M","M","R","M","R","T","E","?","R","M","M","R","BOSS","M","M","?","?","$","M","$","R","T","M","R","?","R","M","R","BOSS"],"build_version":"2019-07-17","purchased_purges":3,"victory":true,"max_hp_per_floor":[80,80,80,80,80,80,80,80,80,80,80,80,80,80,80,80,80,80,80,80,80,80,80,80,80,80,80,80,80,80,80,80,80,80,80,80,80,80,80,80,80,80,80,80,80,80,80,80,80,80],"card_choices":[{"not_picked":["Headbutt","Inflame"],"picked":"Iron Wave","floor":1.0},{"not_picked":["Heavy Blade","Havoc"],"picked":"Headbutt","floor":2.0},{"not_picked":["Burning Pact","Sentinel"],"picked":"Double Tap","floor":7.0},{"not_picked":["Reckless Charge","Anger","Rupture"],"picked":"SKIP","floor":11.0},{"not_picked":["Feel No Pain","Rage"],"picked":"True Grit","floor":12.0},{"not_picked":["Dual Wield+1","Headbutt"],"picked":"Burning Pact+1","floor":13.0},{"not_picked":["Perfected Strike","Headbutt"],"picked":"Armaments+1","floor":14.0},{"not_picked":["Juggernaut","Dark Embrace"],"picked":"Limit Break+1","floor":16.0},{"not_picked":["Body Slam+1","Bloodletting+1"],"picked":"Havoc+1","floor":18.0},{"not_picked":["Ghostly Armor+1","Twin Strike"],"picked":"Thunderclap","floor":21.0},{"not_picked":["Havoc+1","Twin Strike"],"picked":"Flex+1","floor":22.0},{"not_picked":["Searing Blow","Clash"],"picked":"Clothesline","floor":24.0},{"not_picked":["Sever Soul","Ghostly Armor+1"],"picked":"Disarm+1","floor":27.0},{"not_picked":["Perfected Strike","Disarm+1","Armaments+1"],"picked":"SKIP","floor":30.0},{"not_picked":["Dual Wield+1","True Grit+1"],"picked":"Hemokinesis","floor":31.0},{"not_picked":["Flex+1","Warcry+1","Armaments+1"],"picked":"SKIP","floor":35},{"not_picked":["Intimidate+1","Inflame","Headbutt"],"picked":"SKIP","floor":36},{"not_picked":["Sentinel+1","Bloodletting+1"],"picked":"Battle Trance+1","floor":40},{"not_picked":["Warcry+1","Corruption","Dual Wield+1"],"picked":"SKIP","floor":44},{"not_picked":["Headbutt+1","Rage+1"],"picked":"Pommel Strike+1","floor":46},{"not_picked":["Infernal Blade+1","Iron Wave","Sentinel+1"],"picked":"SKIP","floor":48}],"player_experience":44189,"relics_obtained":[{"floor":7.0,"key":"Meat on the Bone"},{"floor":9.0,"key":"Oddly Smooth Stone"},{"floor":12.0,"key":"Toxic Egg 2"},{"floor":26.0,"key":"Gremlin Horn"},{"floor":27.0,"key":"PreservedInsect"},{"floor":28.0,"key":"Lantern"},{"floor":43,"key":"Ornamental Fan"}],"event_choices":[{"damage_healed":0.0,"max_hp_gain":0.0,"max_hp_loss":0.0,"gold_gain":0.0,"event_name":"Lab","player_choice":"Got Potions","floor":3.0,"gold_loss":0.0,"damage_taken":0.0},{"damage_healed":0.0,"max_hp_gain":0.0,"max_hp_loss":0.0,"gold_gain":0.0,"event_name":"Liars Game","player_choice":"Ignored","floor":5.0,"gold_loss":0.0,"damage_taken":0.0},{"cards_removed":["Strike_R"],"damage_healed":0.0,"max_hp_gain":0.0,"max_hp_loss":0.0,"gold_gain":0.0,"event_name":"Back to Basics","player_choice":"Elegance","floor":20.0,"gold_loss":0.0,"damage_taken":0.0},{"cards_removed":["Hemokinesis"],"damage_healed":0,"gold_gain":0,"player_choice":"Removed Attack","damage_taken":0,"max_hp_gain":0,"max_hp_loss":0,"event_name":"Falling","floor":37,"gold_loss":0},{"damage_healed":0,"gold_gain":0,"player_choice":"Forge","damage_taken":0,"max_hp_gain":0,"max_hp_loss":0,"event_name":"Accursed Blacksmith","floor":38,"gold_loss":0,"cards_upgraded":["Strike_R"]}],"is_beta":false,"boss_relics":[{"not_picked":["Black Star","Black Blood"],"picked":"Runic Pyramid"},{"not_picked":["Philosopher\u0027s Stone","Sozu"],"picked":"Fusion Hammer"}],"items_purged_floors":[4,19,39],"is_endless":false,"potions_floor_spawned":[2,7,13,16,18,22,24,27,33,35,40,46],"ascension_level":0}