{"gold_per_floor":[110,120,136,136,147,174,193,213,213,238,257,257,272,283,283,382,382,396,410,22,41,41,76,76,96,96,96,96,130,130,146,146,243,243,259,278,41,55,74,74,84,98,98,108,108,135,135,72,72,72],"floor_reached":51,"playtime":4772,"items_purged":["Strike_G","Defend_G","Writhe"],"score":887,"play_id":"dadfd6ae-7c2b-4d23-8fa5-25429287d056","local_time":"20190909212037","is_ascension_mode":false,"campfire_choices":[{"data":"Backflip","floor":12.0,"key":"SMITH"},{"data":"Quick Slash","floor":15.0,"key":"SMITH"},{"data":"Bouncing Flask","floor":24.0,"key":"SMITH"},{"data":"Cloak And Dagger","floor":27.0,"key":"SMITH"},{"data":"Neutralize","floor":32.0,"key":"SMITH"},{"data":"Footwork","floor":40,"key":"SMITH"},{"data":"Envenom","floor":45,"key":"SMITH"},{"data":"Tools of the Trade","floor":47,"key":"SMITH"},{"data":"Calculated Gamble","floor":49,"key":"SMITH"}],"neow_cost":"NONE","seed_source_timestamp":0,"circlet_count":0,"master_deck":["Strike_G","Strike_G","Strike_G","Strike_G+1","Defend_G+1","Defend_G+1","Defend_G","Defend_G","Survivor","Neutralize+1","Cloak And Dagger+1","Dagger Spray+1","Bouncing Flask+1","Quick Slash+1","Backflip+1","Backstab","Die Die Die","Calculated Gamble+1","Terror+1","Envenom+1","Dash","Footwork+1","Tools of the Trade+1"],"special_seed":0,"relics":["Ring of the Snake","War Paint","Singing Bowl","Whetstone","Runic Pyramid","Shuriken","The Courier","Kunai","MutagenicStrength","Blood Vial","Nloth\u0027s Gift","Velvet Choker","Membership Card","Art of War","Orichalcum"],"potions_floor_usage":[38,41,50,50,50],"damage_taken":[{"damage":0.0,"enemies":"Jaw Worm","floor":1.0,"turns":5.0},{"damage":0.0,"enemies":"Cultist","floor":2.0,"turns":5.0},{"damage":0.0,"enemies":"Small Slimes","floor":3.0,"turns":3.0},{"damage":2.0,"enemies":"3 Louse","floor":5.0,"turns":3.0},{"damage":15.0,"enemies":"Lagavulin","floor":6.0,"turns":8.0},{"damage":0.0,"enemies":"Exordium Wildlife","floor":7.0,"turns":2.0},{"damage":1.0,"enemies":"Exordium Thugs","floor":8.0,"turns":4.0},{"damage":8.0,"enemies":"3 Sentries","floor":10.0,"turns":8.0},{"damage":2.0,"enemies":"Looter","floor":11.0,"turns":3.0},{"damage":0.0,"enemies":"3 Louse","floor":13.0,"turns":3.0},{"damage":0.0,"enemies":"Exordium Wildlife","floor":14.0,"turns":2.0},{"damage":28.0,"enemies":"Hexaghost","floor":16.0,"turns":10.0},{"damage":11.0,"enemies":"Spheric Guardian","floor":18.0,"turns":7.0},{"damage":0.0,"enemies":"3 Byrds","floor":19.0,"turns":2.0},{"damage":8.0,"enemies":"Shelled Parasite and Fungi","floor":21.0,"turns":6.0},{"damage":16.0,"enemies":"Book of Stabbing","floor":23.0,"turns":6.0},{"damage":0.0,"enemies":"3 Cultists","floor":25.0,"turns":4.0},{"damage":0.0,"enemies":"Gremlin Leader","floor":29.0,"turns":5.0},{"damage":1.0,"enemies":"Chosen and Byrds","floor":31.0,"turns":4.0},{"damage":54.0,"enemies":"Automaton","floor":33.0,"turns":15.0},{"damage":11.0,"enemies":"Orb Walker","floor":35.0,"turns":5.0},{"damage":8.0,"enemies":"3 Shapes","floor":36.0,"turns":3.0},{"damage":7,"enemies":"Spire Growth","floor":38,"turns":5},{"damage":0,"enemies":"Maw","floor":39,"turns":6},{"damage":19,"enemies":"3 Darklings","floor":41,"turns":8},{"damage":12,"enemies":"Spire Growth","floor":42,"turns":5},{"damage":0,"enemies":"Jaw Worm Horde","floor":44,"turns":4},{"damage":0,"enemies":"Giant Head","floor":46,"turns":8},{"damage":9,"enemies":"Donu and Deca","floor":50,"turns":12}],"seed_played":"7146111322443559201","potions_obtained":[{"floor":3.0,"key":"FearPotion"},{"floor":5.0,"key":"PowerPotion"},{"floor":8.0,"key":"EssenceOfSteel"},{"floor":10.0,"key":"Dexterity Potion"},{"floor":13.0,"key":"AttackPotion"},{"floor":14.0,"key":"Weak Potion"},{"floor":23.0,"key":"GamblersBrew"},{"floor":29.0,"key":"AttackPotion"},{"floor":33.0,"key":"EssenceOfSteel"},{"floor":35.0,"key":"Regen Potion"},{"floor":38,"key":"SkillPotion"},{"floor":39,"key":"Regen Potion"},{"floor":42,"key":"Swift Potion"}],"is_trial":false,"path_per_floor":["M","M","M","?","M","E","M","M","T","E","M","R","M","M","R","B",null,"M","M","$","M","?","E","R","M","T","R","?","E","?","M","R","B",null,"M","M","$","M","M","R","M","M","T","M","R","E","R","$","R","B",null],"character_chosen":"THE_SILENT","items_purchased":["Calculated Gamble","Shuriken","Membership Card","Tools of the Trade"],"campfire_rested":0,"item_purchase_floors":[20,20,37,37],"current_hp_per_floor":[77,77,77,70,68,53,53,52,52,46,44,44,46,48,48,20,83,74,76,76,68,68,54,54,56,56,56,56,58,58,61,61,9,95,84,78,78,87,91,91,90,82,82,86,86,90,90,90,90,83],"gold":72,"neow_bonus":"TEN_PERCENT_HP_BONUS","is_prod":false,"is_daily":false,"chose_seed":false,"campfire_upgraded":9,"win_rate":0,"timestamp":1568078437,"path_taken":["M","M","M","?","M","E","?","M","T","E","M","R","M","?","R","BOSS","M","M","$","M","?","E","R","M","T","R","?","E","?","M","R","BOSS","M","M","$","M","M","R","M","M","T","M","R","E","R","$","R","BOSS"],"build_version":"2019-07-17","purchased_purges":3,"victory":true,"max_hp_per_floor":[77,77,77,77,77,77,77,77,77,79,79,79,81,83,83,83,83,85,87,87,87,87,89,89,91,91,91,91,93,93,95,95,95,95,95,95,95,97,99,99,101,103,103,105,105,107,107,107,107,107],"card_choices":[{"not_picked":["Deadly Poison","Blur"],"picked":"Cloak And Dagger","floor":1.0},{"not_picked":["Dodge and Roll","Sucker Punch"],"picked":"Dagger Spray","floor":2.0},{"not_picked":["Outmaneuver","Acrobatics"],"picked":"Bouncing Flask","floor":3.0},{"not_picked":["Cloak And Dagger","Outmaneuver"],"picked":"Quick Slash","floor":5.0},{"not_picked":["Quick Slash","Calculated Gamble"],"picked":"Backflip","floor":6.0},{"not_picked":["Dagger Throw","Prepared","Distraction"],"picked":"SKIP","floor":7.0},{"not_picked":["Dodge and Roll","Bane","Predator"],"picked":"SKIP","floor":8.0},{"not_picked":["Riddle With Holes","Predator","Accuracy"],"picked":"Singing Bowl","floor":10.0},{"not_picked":["Deadly Poison","Catalyst"],"picked":"Backstab","floor":11.0},{"not_picked":["Slice","Underhanded Strike","Accuracy"],"picked":"Singing Bowl","floor":13.0},{"not_picked":["Prepared","Cloak And Dagger","Malaise"],"picked":"Singing Bowl","floor":14.0},{"not_picked":["Night Terror","Unload"],"picked":"Die Die Die","floor":16.0},{"not_picked":["Dodge and Roll","Expertise+1","Poisoned Stab"],"picked":"Singing Bowl","floor":18.0},{"not_picked":["Heel Hook","Cloak And Dagger","Riddle With Holes"],"picked":"Singing Bowl","floor":19.0},{"not_picked":["Bane","Dodge and Roll"],"picked":"Terror+1","floor":21.0},{"not_picked":["Blade Dance","Catalyst","Predator"],"picked":"Singing Bowl","floor":23.0},{"not_picked":["Tactician+1","Terror","Blade Dance"],"picked":"Singing Bowl","floor":25.0},{"not_picked":["All Out Attack+1","Deadly Poison","Slice+1"],"picked":"Singing Bowl","floor":29.0},{"not_picked":["Outmaneuver","Bane","Underhanded Strike+1"],"picked":"Singing Bowl","floor":31.0},{"not_picked":["Wraith Form v2","Night Terror"],"picked":"Envenom","floor":33.0},{"not_picked":["Bane","Riddle With Holes+1"],"picked":"Dash","floor":35.0},{"not_picked":["Sucker Punch","Dagger Spray"],"picked":"Footwork","floor":36},{"not_picked":["Tactician+1","Deadly Poison","Dash"],"picked":"Singing Bowl","floor":38},{"not_picked":["Poisoned Stab+1","Backflip+1","Riddle With Holes+1"],"picked":"Singing Bowl","floor":39},{"not_picked":["Bane+1","Footwork+1","Backflip"],"picked":"Singing Bowl","floor":41},{"not_picked":["Blade Dance","Endless Agony+1","Underhanded Strike"],"picked":"Singing Bowl","floor":42},{"not_picked":["Prepared","Eviscerate+1","Burst"],"picked":"Singing Bowl","floor":44},{"not_picked":["Infinite Blades+1","Tactician","Quick Slash+1"],"picked":"Singing Bowl","floor":46}],"player_experience":101339,"relics_obtained":[{"floor":6.0,"key":"War Paint"},{"floor":9.0,"key":"Singing Bowl"},{"floor":10.0,"key":"Whetstone"},{"floor":23.0,"key":"Kunai"},{"floor":26.0,"key":"Paper Crane"},{"floor":29.0,"key":"Blood Vial"},{"floor":43,"key":"Art of War"},{"floor":46,"key":"Orichalcum"}],"event_choices":[{"damage_healed":0.0,"max_hp_gain":0.0,"max_hp_loss":0.0,"gold_gain":0.0,"event_name":"Wheel of Change","player_choice":"Damaged","floor":4.0,"gold_loss":0.0,"damage_taken":7.0},{"damage_healed":0.0,"max_hp_gain":0.0,"max_hp_loss":0.0,"gold_gain":0.0,"event_name":"The Mausoleum","player_choice":"Opened","floor":22.0,"gold_loss":0.0,"damage_taken":0.0,"relics_obtained":["The Courier"],"cards_obtained":["Writhe"]},{"damage_healed":0.0,"max_hp_gain":0.0,"max_hp_loss":0.0,"gold_gain":0.0,"event_name":"Drug Dealer","player_choice":"Inject Mutagens","floor":28.0,"gold_loss":0.0,"damage_taken":0.0,"relics_obtained":["MutagenicStrength"]},{"damage_healed":0.0,"max_hp_gain":0.0,"max_hp_loss":0.0,"gold_gain":0.0,"event_name":"N\u0027loth","player_choice":"Traded Relic","floor":30.0,"relics_lost":["Paper Crane"],"gold_loss":0.0,"damage_taken":0.0,"relics_obtained":["Nloth\u0027s Gift"]}],"is_beta":false,"boss_relics":[{"not_picked":["White Beast Statue","Cursed Key"],"picked":"Runic Pyramid"},{"not_picked":["Calling Bell","Snecko Eye"],"picked":"Velvet Choker"}],"items_purged_floors":[20,37,48],"is_endless":false,"potions_floor_spawned":[3,5,8,10,11,13,14,23,29,33,35,38,39,42],"ascension_level":0}