{"gold_per_floor":[112,122,136,91,107,107,32,32,81,81,7,22,22,97,97,198,198,182,192,192,192],"floor_reached":21,"playtime":1705,"items_purged":["Defend_G"],"score":169,"play_id":"f39392d6-5e4c-4477-8736-a9b6b9c882fa","local_time":"20190905005718","is_ascension_mode":false,"campfire_choices":[{"data":"Blur","floor":6,"key":"SMITH"},{"data":"Well Laid Plans","floor":8,"key":"SMITH"},{"data":"Tools of the Trade","floor":10,"key":"SMITH"},{"data":"Footwork","floor":13,"key":"SMITH"},{"data":"Finisher","floor":15,"key":"SMITH"}],"neow_cost":"TEN_PERCENT_HP_LOSS","seed_source_timestamp":309705896089100,"circlet_count":0,"master_deck":["Strike_G","Strike_G","Strike_G","Strike_G","Strike_G","Defend_G","Defend_G","Defend_G","Defend_G","Survivor","Neutralize","Tools of the Trade+1","Finisher+1","Backflip","Blur+1","Underhanded Strike","Well Laid Plans+1","Footwork+1","Doppelganger","Footwork"],"relics":["Ring of the Snake","Potion Belt","Runic Pyramid"],"potions_floor_usage":[],"damage_taken":[{"damage":0,"enemies":"Cultist","floor":1,"turns":5},{"damage":0,"enemies":"2 Louse","floor":2,"turns":3},{"damage":0,"enemies":"Jaw Worm","floor":3,"turns":5},{"damage":0,"enemies":"Looter","floor":4,"turns":5},{"damage":0,"enemies":"Exordium Wildlife","floor":5,"turns":8},{"damage":0,"enemies":"2 Fungi Beasts","floor":12,"turns":4},{"damage":3,"enemies":"The Guardian","floor":16,"turns":12},{"damage":14,"enemies":"2 Thieves","floor":18,"turns":4},{"damage":0,"enemies":"Chosen","floor":19,"turns":7},{"damage":50,"enemies":"Masked Bandits","floor":21,"turns":5}],"seed_played":"-3700896314336319445","potions_obtained":[{"floor":1,"key":"GamblersBrew"},{"floor":2,"key":"Ancient Potion"},{"floor":5,"key":"GamblersBrew"}],"is_trial":false,"path_per_floor":["M","M","M","M","M","R","$","R","T","R","$","M","R","?","R","B",null,"M","M","?","?"],"character_chosen":"THE_SILENT","items_purchased":["Footwork"],"campfire_rested":0,"item_purchase_floors":[11],"current_hp_per_floor":[63,63,63,63,63,63,63,63,63,63,63,63,63,52,52,49,63,49,49,49,0],"gold":192,"neow_bonus":"THREE_RARE_CARDS","is_prod":false,"is_daily":false,"chose_seed":false,"campfire_upgraded":5,"win_rate":0.0,"timestamp":1567659438,"path_taken":["M","?","M","M","M","R","$","R","T","R","$","M","R","?","R","BOSS","M","M","?","?"],"build_version":"2019-07-17","purchased_purges":1,"victory":false,"max_hp_per_floor":[63,63,63,63,63,63,63,63,63,63,63,63,63,63,63,63,63,63,63,63,63],"card_choices":[{"not_picked":["Venomology","Burst"],"picked":"Tools of the Trade","floor":0},{"not_picked":["PiercingWail","Poisoned Stab"],"picked":"Finisher","floor":1},{"not_picked":["Leg Sweep","Crippling Poison"],"picked":"Backflip","floor":2},{"not_picked":["Deadly Poison","Finisher"],"picked":"Blur","floor":3},{"not_picked":["Distraction","Leg Sweep"],"picked":"Underhanded Strike","floor":4},{"not_picked":["Bane","Underhanded Strike"],"picked":"Well Laid Plans","floor":5},{"not_picked":["Night Terror","Slice","Bouncing Flask"],"picked":"SKIP","floor":12},{"not_picked":["Unload","Bullet Time"],"picked":"Doppelganger","floor":16},{"not_picked":["Infinite Blades+1","PiercingWail","Crippling Poison"],"picked":"SKIP","floor":18},{"not_picked":["Deadly Poison","Sucker Punch+1"],"picked":"Footwork","floor":19}],"player_experience":67085,"relics_obtained":[{"floor":9,"key":"Potion Belt"}],"event_choices":[{"damage_healed":0,"gold_gain":75,"player_choice":"Gather Gold","damage_taken":11,"max_hp_gain":0,"max_hp_loss":0,"event_name":"World of Goop","floor":14,"gold_loss":0},{"damage_healed":0,"gold_gain":0,"player_choice":"Ignored","damage_taken":0,"max_hp_gain":0,"max_hp_loss":0,"event_name":"The Mausoleum","floor":20,"gold_loss":0},{"damage_healed":0,"gold_gain":0,"player_choice":"Fought Bandits","damage_taken":0,"max_hp_gain":0,"max_hp_loss":0,"event_name":"Masked Bandits","floor":21,"gold_loss":0}],"is_beta":false,"boss_relics":[{"not_picked":["Sozu","Orrery"],"picked":"Runic Pyramid"}],"items_purged_floors":[7],"is_endless":false,"potions_floor_spawned":[1,2,5],"killed_by":"Masked Bandits","ascension_level":0}