{"gold_per_floor":[112,212,224,82,101,101,133,133,157,45,45,45,62,89,89,186,186,198,113,13,32,42,42,72,72,72,90,90,123,123,158,158,259,259,269,281,281,293,293,293],"floor_reached":40,"playtime":2933,"items_purged":["Strike_B","Defend_B"],"score":580,"play_id":"3cbfba51-68da-4b68-8061-e5626f0ba292","local_time":"20190922225029","is_ascension_mode":true,"campfire_choices":[{"data":"Barrage","floor":6,"key":"SMITH"},{"data":"Genetic Algorithm","floor":8,"key":"SMITH"},{"data":"Doom and Gloom","floor":12,"key":"SMITH"},{"data":"Biased Cognition","floor":15,"key":"SMITH"},{"data":"Creative AI","floor":23,"key":"SMITH"},{"data":"Loop","floor":25,"key":"SMITH"},{"data":"Glacier","floor":30,"key":"SMITH"},{"data":"Coolheaded","floor":32,"key":"SMITH"}],"neow_cost":"NONE","seed_source_timestamp":953488253788100,"circlet_count":0,"master_deck":["Strike_B","Strike_B","Strike_B","Defend_B+1","Defend_B","Defend_B","Zap+1","Dualcast","Barrage+1","Coolheaded+1","BootSequence","Genetic Algorithm+1","Glacier+1","Doom and Gloom+1","Biased Cognition+1","Ball Lightning","Creative AI+1","Loop+1","Recycle+1","Electrodynamics+1"],"relics":["Cracked Core","Anchor","War Paint","Toxic Egg 2","Kunai","Nuclear Battery","Omamori","Meat on the Bone","Pocketwatch","Dead Branch","Pen Nib","Sozu"],"potions_floor_usage":[7,24,29,40],"damage_taken":[{"damage":5,"enemies":"Small Slimes","floor":1,"turns":3},{"damage":1,"enemies":"Cultist","floor":3,"turns":3},{"damage":0,"enemies":"Jaw Worm","floor":5,"turns":3},{"damage":18,"enemies":"3 Sentries","floor":7,"turns":9},{"damage":0,"enemies":"Gremlin Gang","floor":13,"turns":2},{"damage":11,"enemies":"Lagavulin","floor":14,"turns":7},{"damage":0,"enemies":"Slime Boss","floor":16,"turns":7},{"damage":3,"enemies":"3 Byrds","floor":18,"turns":4},{"damage":0,"enemies":"Chosen","floor":21,"turns":3},{"damage":21,"enemies":"Shelled Parasite and Fungi","floor":22,"turns":6},{"damage":22,"enemies":"Slavers","floor":24,"turns":6},{"damage":1,"enemies":"3 Cultists","floor":27,"turns":5},{"damage":3,"enemies":"Book of Stabbing","floor":29,"turns":4},{"damage":0,"enemies":"Gremlin Leader","floor":31,"turns":6},{"damage":14,"enemies":"Champ","floor":33,"turns":9},{"damage":2,"enemies":"3 Darklings","floor":35,"turns":2},{"damage":0,"enemies":"3 Shapes","floor":36,"turns":4},{"damage":43,"enemies":"Writhing Mass","floor":38,"turns":7},{"damage":53,"enemies":"Giant Head","floor":40,"turns":9}],"seed_played":"-7770526423474430703","potions_obtained":[{"floor":1,"key":"SkillPotion"},{"floor":13,"key":"PowerPotion"},{"floor":14,"key":"Dexterity Potion"},{"floor":18,"key":"Explosive Potion"},{"floor":24,"key":"Swift Potion"},{"floor":29,"key":"Weak Potion"}],"is_trial":false,"path_per_floor":["M","?","M","$","M","R","E","R","T","$","T","R","M","E","R","B",null,"M","?","$","M","M","R","E","R","T","M","?","E","R","E","R","B",null,"M","M","?","M","?","E"],"character_chosen":"DEFECT","items_purchased":["BootSequence","Glacier","Doom and Gloom"],"campfire_rested":0,"item_purchase_floors":[4,10,10],"current_hp_per_floor":[77,77,76,76,76,76,58,58,58,58,58,58,58,47,47,47,82,79,79,79,79,58,58,36,36,36,47,74,71,71,71,71,57,82,80,80,80,49,49,0],"gold":293,"neow_bonus":"TEN_PERCENT_HP_BONUS","is_prod":false,"is_daily":false,"chose_seed":false,"campfire_upgraded":8,"win_rate":0,"timestamp":1569207029,"path_taken":["M","?","M","$","M","R","E","R","T","?","?","R","?","E","R","BOSS","M","?","$","M","M","R","E","R","T","M","?","E","R","E","R","BOSS","M","M","?","?","?","E"],"build_version":"2019-07-17","purchased_purges":2,"victory":false,"max_hp_per_floor":[82,82,82,82,82,82,82,82,82,82,82,82,82,82,82,82,82,82,82,82,82,82,82,82,82,82,82,82,82,82,82,82,82,82,82,82,82,82,82,82],"card_choices":[{"not_picked":["Fusion","Beam Cell"],"picked":"Barrage","floor":1},{"not_picked":["Beam Cell","Stack"],"picked":"Coolheaded","floor":3},{"not_picked":["Beam Cell","BootSequence","Turbo"],"picked":"SKIP","floor":5},{"not_picked":["Stack","Beam Cell"],"picked":"Genetic Algorithm","floor":7},{"not_picked":["Sunder","Steam Power+1"],"picked":"Biased Cognition","floor":13},{"not_picked":["Blizzard","Leap+1"],"picked":"Ball Lightning","floor":14},{"not_picked":["All For One","Thunder Strike"],"picked":"Creative AI","floor":16},{"not_picked":["Conserve Battery+1","Undo+1"],"picked":"Loop","floor":18},{"not_picked":["Leap+1","Streamline","Turbo+1"],"picked":"SKIP","floor":21},{"not_picked":["Genetic Algorithm+1","Scrape","Turbo+1"],"picked":"SKIP","floor":22},{"not_picked":["Sweeping Beam+1","BootSequence+1","Turbo+1"],"picked":"SKIP","floor":24},{"not_picked":["Beam Cell","Reinforced Body+1","Loop"],"picked":"SKIP","floor":27},{"not_picked":["Go for the Eyes","Sunder","Stack+1"],"picked":"SKIP","floor":29},{"not_picked":["Ball Lightning","Redo+1"],"picked":"Recycle+1","floor":31},{"not_picked":["Machine Learning","Amplify+1"],"picked":"Electrodynamics","floor":33},{"not_picked":["Compile Driver","Genetic Algorithm+1","Beam Cell"],"picked":"SKIP","floor":35},{"not_picked":["Barrage+1","Cold Snap+1","Sweeping Beam"],"picked":"SKIP","floor":36},{"not_picked":["Storm","Ball Lightning","Leap+1"],"picked":"SKIP","floor":38}],"player_experience":250099,"relics_obtained":[{"floor":7,"key":"Anchor"},{"floor":9,"key":"War Paint"},{"floor":11,"key":"Toxic Egg 2"},{"floor":14,"key":"Kunai"},{"floor":24,"key":"Meat on the Bone"},{"floor":26,"key":"Pocketwatch"},{"floor":29,"key":"Dead Branch"},{"floor":31,"key":"Pen Nib"}],"event_choices":[{"damage_healed":0,"gold_gain":100,"player_choice":"Pray","damage_taken":0,"max_hp_gain":0,"max_hp_loss":0,"event_name":"Golden Shrine","floor":2,"gold_loss":0},{"damage_healed":0,"gold_gain":0,"player_choice":"Obtained Relic","damage_taken":0,"relics_obtained":["Omamori"],"max_hp_gain":0,"max_hp_loss":0,"event_name":"Addict","floor":19,"gold_loss":85},{"damage_healed":27,"gold_gain":0,"player_choice":"Heal","damage_taken":0,"max_hp_gain":0,"max_hp_loss":0,"event_name":"The Library","floor":28,"gold_loss":0},{"damage_healed":0,"gold_gain":0,"player_choice":"Upgraded","damage_taken":0,"max_hp_gain":0,"max_hp_loss":0,"event_name":"Upgrade Shrine","floor":37,"gold_loss":0,"cards_upgraded":["Electrodynamics"]},{"damage_healed":0,"gold_gain":0,"player_choice":"0 cards matched","damage_taken":0,"max_hp_gain":0,"max_hp_loss":0,"event_name":"Match and Keep!","floor":39,"gold_loss":0,"cards_obtained":[]}],"is_beta":false,"boss_relics":[{"not_picked":["FrozenCore","Runic Dome"],"picked":"Nuclear Battery"},{"not_picked":["Black Star","Snecko Eye"],"picked":"Sozu"}],"items_purged_floors":[4,20],"is_endless":false,"potions_floor_spawned":[1,13,14,18,24,29,31,33,36],"killed_by":"Giant Head","ascension_level":2}