{"gold_per_floor":[119,132,57,70,70,70,105,105,105,119,150,150,177,177,177,177],"floor_reached":16,"playtime":1186,"items_purged":["Strike_G"],"score":118,"play_id":"06f8daaa-e405-4bbf-8cb8-1469c91e736a","local_time":"20190908235057","is_ascension_mode":false,"campfire_choices":[{"data":"Sucker Punch","floor":6,"key":"SMITH"},{"floor":12,"key":"REST"},{"data":"Backflip","floor":15,"key":"SMITH"}],"neow_cost":"NONE","seed_source_timestamp":651859942117400,"circlet_count":0,"master_deck":["Strike_G","Strike_G","Strike_G","Strike_G","Defend_G","Defend_G+1","Defend_G","Defend_G","Defend_G","Survivor","Neutralize","Expertise+1","Flying Knee","Sucker Punch+1","Terror","PiercingWail","Backflip+1","Leg Sweep+1"],"relics":["Ring of the Snake","Smiling Mask","Mercury Hourglass","Molten Egg 2","Du-Vu Doll"],"potions_floor_usage":[11,13],"damage_taken":[{"damage":1,"enemies":"Cultist","floor":1,"turns":5},{"damage":2,"enemies":"Jaw Worm","floor":2,"turns":5},{"damage":0,"enemies":"Small Slimes","floor":4,"turns":3},{"damage":13,"enemies":"3 Sentries","floor":7,"turns":10},{"damage":0,"enemies":"Blue Slaver","floor":10,"turns":3},{"damage":14,"enemies":"Lagavulin","floor":11,"turns":8},{"damage":12,"enemies":"Gremlin Nob","floor":13,"turns":4},{"damage":35,"enemies":"Hexaghost","floor":16,"turns":16}],"seed_played":"-1404228556352953935","potions_obtained":[{"floor":4,"key":"Weak Potion"},{"floor":10,"key":"Dexterity Potion"},{"floor":11,"key":"Energy Potion"}],"is_trial":false,"path_per_floor":["M","M","$","M","$","R","E","?","T","M","E","R","E","?","R","B"],"character_chosen":"THE_SILENT","items_purchased":[],"campfire_rested":1,"item_purchase_floors":[],"current_hp_per_floor":[69,67,67,67,67,67,54,40,40,40,26,47,35,35,35,0],"gold":177,"neow_bonus":"THREE_CARDS","is_prod":false,"is_daily":false,"chose_seed":false,"campfire_upgraded":2,"win_rate":0,"timestamp":1568001057,"path_taken":["M","M","$","?","$","R","E","?","T","M","E","R","E","?","R","BOSS"],"build_version":"2019-07-17","purchased_purges":1,"victory":false,"max_hp_per_floor":[70,70,70,70,70,70,70,70,70,70,70,70,70,70,70,70],"card_choices":[{"not_picked":["Underhanded Strike","Masterful Stab"],"picked":"Expertise","floor":0},{"not_picked":["Poisoned Stab","Backflip"],"picked":"Flying Knee","floor":1},{"not_picked":["Poisoned Stab","Acrobatics"],"picked":"Sucker Punch","floor":2},{"not_picked":["Bane","Masterful Stab"],"picked":"Terror","floor":4},{"not_picked":["Slice","Calculated Gamble"],"picked":"PiercingWail","floor":7},{"not_picked":["Crippling Poison","Bane"],"picked":"Backflip","floor":10},{"not_picked":["Deadly Poison","Flying Knee"],"picked":"Leg Sweep","floor":11},{"not_picked":["Dodge and Roll","Eviscerate+1","Choke+1"],"picked":"SKIP","floor":13}],"player_experience":99819,"relics_obtained":[{"floor":7,"key":"Smiling Mask"},{"floor":9,"key":"Mercury Hourglass"},{"floor":11,"key":"Molten Egg 2"},{"floor":13,"key":"Du-Vu Doll"}],"event_choices":[{"damage_healed":0,"gold_gain":0,"player_choice":"Entered Light","damage_taken":14,"max_hp_gain":0,"max_hp_loss":0,"event_name":"Shining Light","floor":8,"gold_loss":0,"cards_upgraded":["Expertise","Defend_G"]},{"damage_healed":0,"gold_gain":0,"player_choice":"Upgraded","damage_taken":0,"max_hp_gain":0,"max_hp_loss":0,"event_name":"Upgrade Shrine","floor":14,"gold_loss":0,"cards_upgraded":["Leg Sweep"]}],"is_beta":false,"boss_relics":[],"items_purged_floors":[3],"is_endless":false,"potions_floor_spawned":[4,10,11],"killed_by":"Hexaghost","ascension_level":0}