{"gold_per_floor":[213,225,240,19,31,31,51,67,67,92,92,112,112,112,112,216,216,181,30,30,30,30,57,57,69,92,105,123,136,86,103,103,206,206,226,60,79,79,179,179,205,205,205,215,215,225,225,104,104,104],"floor_reached":51,"playtime":3557,"items_purged":["Strike_R","Strike_R","Injury","Strike_R+1","Strike_R+1"],"score":749,"play_id":"b18457ad-350c-4430-b31b-daec693ca267","local_time":"20190914182630","is_ascension_mode":false,"campfire_choices":[{"data":"Barricade","floor":6.0,"key":"SMITH"},{"data":"Armaments","floor":11.0,"key":"SMITH"},{"data":"Thunderclap","floor":13.0,"key":"SMITH"},{"data":"Iron Wave","floor":15.0,"key":"SMITH"},{"floor":24.0,"key":"REST"},{"floor":32.0,"key":"REST"},{"data":"Demon Form","floor":40.0,"key":"SMITH"},{"data":"Body Slam","floor":42.0,"key":"SMITH"},{"data":"Metallicize","floor":49,"key":"SMITH"}],"neow_cost":"NONE","seed_source_timestamp":0,"circlet_count":0,"master_deck":["Defend_R+1","Defend_R+1","Defend_R+1","Defend_R+1","Iron Wave+1","Pummel","Thunderclap+1","Barricade+1","Metallicize+1","Armaments+1","Demon Form+1","Headbutt","Body Slam+1","True Grit+1","Shrug It Off+1","Battle Trance+1","Impervious+1","Finesse+1","Shrug It Off+1","Metallicize+1","Clumsy","Impervious+1","Entrench+1"],"special_seed":0,"relics":["Burning Blood","Ancient Tea Set","Matryoshka","Bag of Marbles","Cursed Key","Toxic Egg 2","Smiling Mask","Lantern","Runic Dome","Charon\u0027s Ashes","Dream Catcher","Juzu Bracelet","FossilizedHelix"],"potions_floor_usage":[50],"damage_taken":[{"damage":7.0,"enemies":"2 Louse","floor":1.0,"turns":2.0},{"damage":1.0,"enemies":"Cultist","floor":2.0,"turns":4.0},{"damage":7.0,"enemies":"Small Slimes","floor":3.0,"turns":3.0},{"damage":16.0,"enemies":"Blue Slaver","floor":5.0,"turns":5.0},{"damage":0.0,"enemies":"Lots of Slimes","floor":7.0,"turns":4.0},{"damage":10.0,"enemies":"Looter","floor":8.0,"turns":3.0},{"damage":9.0,"enemies":"Lagavulin","floor":10.0,"turns":11.0},{"damage":3.0,"enemies":"Large Slime","floor":12.0,"turns":7.0},{"damage":15.0,"enemies":"Slime Boss","floor":16.0,"turns":15.0},{"damage":27.0,"enemies":"2 Thieves","floor":18.0,"turns":5.0},{"damage":36.0,"enemies":"Book of Stabbing","floor":23.0,"turns":6.0},{"damage":6.0,"enemies":"Spheric Guardian","floor":25.0,"turns":4.0},{"damage":0.0,"enemies":"Centurion and Healer","floor":27.0,"turns":7.0},{"damage":0.0,"enemies":"Snecko","floor":28.0,"turns":4.0},{"damage":0.0,"enemies":"Sentry and Sphere","floor":29.0,"turns":10.0},{"damage":7.0,"enemies":"Chosen and Byrds","floor":31.0,"turns":5.0},{"damage":30.0,"enemies":"Automaton","floor":33.0,"turns":10.0},{"damage":11.0,"enemies":"3 Shapes","floor":35.0,"turns":5.0},{"damage":0.0,"enemies":"Orb Walker","floor":37.0,"turns":3.0},{"damage":0.0,"enemies":"Mind Bloom Boss Battle","floor":39.0,"turns":7.0},{"damage":6.0,"enemies":"Reptomancer","floor":41.0,"turns":6.0},{"damage":0.0,"enemies":"3 Darklings","floor":44.0,"turns":5.0},{"damage":0.0,"enemies":"Jaw Worm Horde","floor":46.0,"turns":5.0},{"damage":0,"enemies":"Donu and Deca","floor":50,"turns":8}],"seed_played":"-1194247351063440517","potions_obtained":[{"floor":2.0,"key":"Strength Potion"},{"floor":5.0,"key":"Block Potion"},{"floor":10.0,"key":"SpeedPotion"},{"floor":12.0,"key":"SteroidPotion"},{"floor":18.0,"key":"PowerPotion"},{"floor":23.0,"key":"BloodPotion"},{"floor":27.0,"key":"Weak Potion"},{"floor":29.0,"key":"GamblersBrew"},{"floor":33.0,"key":"Block Potion"}],"is_trial":false,"path_per_floor":["M","M","M","$","M","R","M","M","T","E","R","M","R","?","R","B",null,"M","$","?","?","?","E","R","M","T","M","M","M","$","M","R","B",null,"M","$","M","?","?","R","E","R","T","M","?","M","?","$","R","B",null],"character_chosen":"IRONCLAD","items_purchased":["Ancient Tea Set","Body Slam","Finesse+1","Shrug It Off+1","Entrench+1"],"campfire_rested":2,"item_purchase_floors":[4,19,36,36,48],"current_hp_per_floor":[79,80,79,79,69,69,75,71,71,68,68,71,71,71,71,62,80,59,59,43,43,43,13,37,37,37,43,49,55,55,54,78,54,80,75,75,80,80,80,80,80,80,80,80,80,80,76,76,76,76],"gold":104,"neow_bonus":"HUNDRED_GOLD","is_prod":false,"is_daily":false,"chose_seed":false,"campfire_upgraded":7,"win_rate":0,"timestamp":1568499990,"path_taken":["M","M","M","$","M","R","M","M","T","E","R","M","R","?","R","BOSS","M","$","?","?","?","E","R","M","T","M","M","M","?","?","R","BOSS","M","$","M","?","?","R","E","R","T","M","?","M","?","$","R","BOSS"],"build_version":"2019-07-17","purchased_purges":5,"victory":true,"max_hp_per_floor":[80,80,80,80,80,80,80,80,80,80,80,80,80,80,80,80,80,80,80,80,80,80,80,80,80,80,80,80,80,80,80,80,80,80,80,80,80,80,80,80,80,80,80,80,80,80,76,76,76,76],"card_choices":[{"not_picked":["Uppercut","Clothesline"],"picked":"Iron Wave","floor":1.0},{"not_picked":["Dual Wield","Second Wind"],"picked":"Pummel","floor":2.0},{"not_picked":["Clash","True Grit"],"picked":"Thunderclap","floor":3.0},{"not_picked":["Armaments","Corruption"],"picked":"Barricade","floor":5.0},{"not_picked":["Feel No Pain","Sever Soul","Bloodletting"],"picked":"SKIP","floor":7.0},{"not_picked":["Seeing Red","Flex"],"picked":"Metallicize","floor":8.0},{"not_picked":["Sever Soul","Uppercut"],"picked":"Armaments","floor":10.0},{"not_picked":["Perfected Strike","Disarm","Intimidate"],"picked":"SKIP","floor":12.0},{"not_picked":["Brutality","Feed"],"picked":"Demon Form","floor":16.0},{"not_picked":["Warcry","Cleave"],"picked":"Headbutt","floor":18.0},{"not_picked":["Thunderclap","Heavy Blade"],"picked":"True Grit","floor":23.0},{"not_picked":["Intimidate+1","Twin Strike","Headbutt"],"picked":"SKIP","floor":25.0},{"not_picked":["Whirlwind","Ghostly Armor+1"],"picked":"Shrug It Off+1","floor":27.0},{"not_picked":["Iron Wave","Anger+1","True Grit+1"],"picked":"SKIP","floor":28.0},{"not_picked":["Anger","Carnage"],"picked":"Battle Trance+1","floor":29.0},{"not_picked":["Intimidate+1","Fire Breathing","Flex+1"],"picked":"SKIP","floor":31.0},{"not_picked":["Fiend Fire","Exhume+1"],"picked":"Impervious+1","floor":33.0},{"not_picked":["Wild Strike","Hemokinesis+1","Searing Blow+1"],"picked":"SKIP","floor":35.0},{"not_picked":["Headbutt+1","True Grit+1","Iron Wave+1"],"picked":"SKIP","floor":37.0},{"not_picked":["Battle Trance+1","Perfected Strike+1"],"picked":"Metallicize+1","floor":39.0},{"not_picked":["Combust+1","Perfected Strike","True Grit+1"],"picked":"SKIP","floor":41.0},{"not_picked":["Second Wind+1","Armaments+1","Pummel"],"picked":"SKIP","floor":44.0},{"not_picked":["Pommel Strike","Sword Boomerang"],"picked":"Impervious+1","floor":46}],"player_experience":166566,"relics_obtained":[{"floor":9.0,"key":"Matryoshka"},{"floor":10.0,"key":"Bag of Marbles"},{"floor":23.0,"key":"Toxic Egg 2"},{"floor":26.0,"key":"Smiling Mask"},{"floor":26.0,"key":"Lantern"},{"floor":39.0,"key":"Charon\u0027s Ashes"},{"floor":41.0,"key":"Dream Catcher"},{"floor":43.0,"key":"Juzu Bracelet"},{"floor":43.0,"key":"FossilizedHelix"}],"event_choices":[{"cards_removed":["Strike_R"],"damage_healed":0.0,"max_hp_gain":0.0,"max_hp_loss":0.0,"gold_gain":0.0,"event_name":"Bonfire Elementals","player_choice":"Offered Basic","floor":14.0,"gold_loss":0.0,"damage_taken":0.0},{"damage_healed":0.0,"max_hp_gain":0.0,"max_hp_loss":0.0,"gold_gain":0.0,"event_name":"Cursed Tome","player_choice":"Obtained Book","floor":20.0,"gold_loss":0.0,"damage_taken":16.0},{"damage_healed":0.0,"max_hp_gain":0.0,"max_hp_loss":0.0,"gold_gain":0.0,"event_name":"Back to Basics","player_choice":"Simplicity","floor":21.0,"gold_loss":0.0,"damage_taken":0.0,"cards_upgraded":["Strike_R","Strike_R","Defend_R","Defend_R","Defend_R","Defend_R"]},{"damage_healed":0.0,"max_hp_gain":0.0,"max_hp_loss":0.0,"gold_gain":0.0,"event_name":"The Mausoleum","player_choice":"Ignored","floor":22.0,"gold_loss":0.0,"damage_taken":0.0},{"cards_removed":["Bash"],"damage_healed":0.0,"max_hp_gain":0.0,"max_hp_loss":0.0,"gold_gain":0.0,"event_name":"Falling","player_choice":"Removed Attack","floor":38.0,"gold_loss":0.0,"damage_taken":0.0},{"damage_healed":0.0,"max_hp_gain":0.0,"max_hp_loss":0.0,"gold_gain":0.0,"event_name":"MindBloom","player_choice":"Fight","floor":39.0,"gold_loss":0.0,"damage_taken":0.0},{"damage_healed":0.0,"max_hp_gain":0.0,"max_hp_loss":0.0,"gold_gain":0.0,"event_name":"Tomb of Lord Red Mask","player_choice":"Ignored","floor":45.0,"gold_loss":0.0,"damage_taken":0.0},{"damage_healed":0,"gold_gain":0,"player_choice":"Max HP","damage_taken":0,"max_hp_gain":0,"max_hp_loss":4,"event_name":"Winding Halls","floor":47,"gold_loss":0}],"is_beta":false,"boss_relics":[{"not_picked":["Ectoplasm","Busted Crown"],"picked":"Cursed Key"},{"not_picked":["Lizard Tail","Runic Cube"],"picked":"Runic Dome"}],"items_purged_floors":[4,19,30,36,48],"is_endless":false,"potions_floor_spawned":[2,5,10,12,18,23,27,29,33,37,41,44],"ascension_level":0}