{"gold_per_floor":[116,136,136,155,169,169,169,183,183,202,202,127,127,137,137,233,233,250,250,65,78,78,78,97,97,97,97,126,225,80,80,80,182,232,245,263,263,281,281,281,294,294,343,343,145,145,145,159,159,159],"floor_reached":51,"playtime":4871,"items_purged":["Strike_R","Bash"],"score":730,"play_id":"2d4b4d42-2d9f-4c0a-a41d-1ea30c094305","local_time":"20190901204106","is_ascension_mode":false,"campfire_choices":[{"data":"Demon Form","floor":6.0,"key":"SMITH"},{"data":"True Grit","floor":11.0,"key":"SMITH"},{"data":"Pommel Strike","floor":13.0,"key":"SMITH"},{"data":"Defend_R","floor":15.0,"key":"SMITH"},{"data":"Armaments","floor":23.0,"key":"SMITH"},{"data":"Flame Barrier","floor":25.0,"key":"SMITH"},{"data":"Thunderclap","floor":27.0,"key":"SMITH"},{"floor":32.0,"key":"REST"},{"floor":40.0,"key":"REST"},{"floor":42,"key":"REST"},{"data":"Dark Embrace","floor":46,"key":"SMITH"},{"data":"Brutality","floor":49,"key":"SMITH"}],"neow_cost":"NONE","seed_source_timestamp":0,"circlet_count":0,"master_deck":["Strike_R+1","Strike_R+1","Strike_R+1","Defend_R+1","Defend_R+1","Defend_R+1","Defend_R+1","Corruption","True Grit+1","Body Slam","Clash","Demon Form+1","Pommel Strike+1","Brutality+1","Thunderclap+1","Flame Barrier+1","Iron Wave+1","Heavy Blade+1","Dark Embrace+1","Flash of Steel","Parasite","Bloodletting+1"],"special_seed":0,"relics":["Burning Blood","Pear","Lizard Tail","Lantern","Vajra","Red Skull","Magic Flower","Tiny House","Juzu Bracelet","Strange Spoon"],"potions_floor_usage":[48,48,50],"damage_taken":[{"damage":8.0,"enemies":"Jaw Worm","floor":1.0,"turns":6.0},{"damage":7.0,"enemies":"Small Slimes","floor":2.0,"turns":5.0},{"damage":0.0,"enemies":"Cultist","floor":4.0,"turns":4.0},{"damage":6.0,"enemies":"Large Slime","floor":5.0,"turns":5.0},{"damage":11.0,"enemies":"Lots of Slimes","floor":8.0,"turns":6.0},{"damage":0.0,"enemies":"Red Slaver","floor":10.0,"turns":4.0},{"damage":3.0,"enemies":"Blue Slaver","floor":14.0,"turns":3.0},{"damage":34.0,"enemies":"The Guardian","floor":16.0,"turns":10.0},{"damage":29.0,"enemies":"3 Byrds","floor":18.0,"turns":6.0},{"damage":13.0,"enemies":"Shell Parasite","floor":21.0,"turns":10.0},{"damage":21.0,"enemies":"Shelled Parasite and Fungi","floor":24.0,"turns":6.0},{"damage":13.0,"enemies":"Gremlin Leader","floor":28.0,"turns":6.0},{"damage":54.0,"enemies":"Automaton","floor":33.0,"turns":10.0},{"damage":11.0,"enemies":"3 Shapes","floor":35.0,"turns":7.0},{"damage":41.0,"enemies":"Orb Walker","floor":36.0,"turns":7.0},{"damage":35.0,"enemies":"Maw","floor":38.0,"turns":7.0},{"damage":36.0,"enemies":"Sphere and 2 Shapes","floor":41.0,"turns":9.0},{"damage":3,"enemies":"Writhing Mass","floor":48,"turns":7},{"damage":146,"enemies":"Awakened One","floor":50,"turns":10}],"seed_played":"8260696032883880821","potions_obtained":[{"floor":1.0,"key":"Poison Potion"},{"floor":2.0,"key":"FearPotion"},{"floor":14.0,"key":"BloodPotion"},{"floor":16.0,"key":"EssenceOfSteel"},{"floor":21.0,"key":"Explosive Potion"},{"floor":33.0,"key":"Weak Potion"},{"floor":34.0,"key":"GamblersBrew"},{"floor":36.0,"key":"EssenceOfSteel"},{"floor":41,"key":"Energy Potion"},{"floor":48,"key":"Energy Potion"}],"is_trial":false,"path_per_floor":["M","M","?","M","M","R","?","M","T","M","R","$","R","M","R","B",null,"M","?","$","M","T","R","M","R","T","R","E","?","$","?","R","B",null,"M","M","?","M","?","R","M","R","T","?","$","R","?","M","R","B",null],"character_chosen":"IRONCLAD","items_purchased":["Flame Barrier","Lantern","Heavy Blade","Strange Spoon"],"campfire_rested":3,"item_purchase_floors":[20,20,30,45],"current_hp_per_floor":[78,77,77,80,80,80,64,59,69,75,75,75,75,78,78,50,90,67,67,67,60,60,60,45,45,45,45,38,38,38,38,65,20,95,93,61,61,35,35,63,36,64,64,69,69,69,69,75,75,15],"gold":159,"neow_bonus":"TRANSFORM_CARD","is_prod":false,"is_daily":false,"chose_seed":false,"campfire_upgraded":9,"win_rate":0.0,"timestamp":1567384866,"path_taken":["M","M","?","M","M","R","?","M","T","M","R","$","R","M","R","BOSS","M","?","$","M","?","R","M","R","T","R","E","?","$","?","R","BOSS","M","M","?","M","?","R","M","R","T","?","?","R","?","M","R","BOSS"],"build_version":"2019-07-17","purchased_purges":2,"victory":true,"max_hp_per_floor":[80,80,80,80,80,80,80,80,90,90,90,90,90,90,90,90,90,90,90,90,90,90,90,90,90,90,90,90,90,90,90,90,90,95,95,95,95,95,95,95,95,95,95,95,95,95,90,90,90,90],"card_choices":[{"not_picked":["Seeing Red","Dual Wield"],"picked":"True Grit","floor":1.0},{"not_picked":["Shrug It Off","Perfected Strike"],"picked":"Body Slam","floor":2.0},{"not_picked":["Cleave","Sword Boomerang"],"picked":"Clash","floor":4.0},{"not_picked":["Hemokinesis","Anger"],"picked":"Demon Form","floor":5.0},{"not_picked":["Flex","Corruption","Clothesline"],"picked":"SKIP","floor":8.0},{"not_picked":["True Grit","Clash"],"picked":"Pommel Strike","floor":10.0},{"not_picked":["Sword Boomerang","Carnage","Body Slam"],"picked":"SKIP","floor":14.0},{"not_picked":["Feed","Reaper"],"picked":"Brutality","floor":16.0},{"not_picked":["Warcry","Heavy Blade"],"picked":"Thunderclap","floor":18.0},{"not_picked":["Flex","Infernal Blade"],"picked":"Armaments","floor":21.0},{"not_picked":["Iron Wave+1","Warcry","Inflame"],"picked":"SKIP","floor":24.0},{"not_picked":["Uppercut","Seeing Red+1"],"picked":"Iron Wave+1","floor":28.0},{"not_picked":["Fiend Fire","Brutality"],"picked":"Dark Embrace","floor":33.0},{"not_picked":["Clothesline","Carnage","Corruption"],"picked":"SKIP","floor":35.0},{"not_picked":["Cleave+1","Feel No Pain+1","Anger+1"],"picked":"SKIP","floor":36.0},{"not_picked":["Master of Strategy","Impatience"],"picked":"Flash of Steel","floor":37.0},{"not_picked":["Clash+1","Carnage+1","Armaments+1"],"picked":"SKIP","floor":38.0},{"not_picked":["True Grit+1","Clothesline","Cleave+1"],"picked":"SKIP","floor":41},{"not_picked":["Perfected Strike+1","Warcry"],"picked":"Bloodletting+1","floor":48}],"player_experience":13329,"relics_obtained":[{"floor":9.0,"key":"Pear"},{"floor":22.0,"key":"Vajra"},{"floor":26.0,"key":"Red Skull"},{"floor":28.0,"key":"Magic Flower"},{"floor":43,"key":"Juzu Bracelet"}],"event_choices":[{"damage_healed":0.0,"max_hp_gain":0.0,"max_hp_loss":0.0,"gold_gain":0.0,"event_name":"Liars Game","player_choice":"Ignored","floor":3.0,"gold_loss":0.0,"damage_taken":0.0},{"damage_healed":0.0,"max_hp_gain":0.0,"max_hp_loss":0.0,"gold_gain":0.0,"event_name":"Shining Light","player_choice":"Entered Light","floor":7.0,"gold_loss":0.0,"damage_taken":16.0,"cards_upgraded":["Defend_R","Defend_R"]},{"damage_healed":0.0,"max_hp_gain":0.0,"max_hp_loss":0.0,"gold_gain":0.0,"event_name":"Back to Basics","player_choice":"Simplicity","floor":19.0,"gold_loss":0.0,"damage_taken":0.0,"cards_upgraded":["Strike_R","Strike_R","Strike_R","Defend_R"]},{"damage_healed":0.0,"max_hp_gain":0.0,"max_hp_loss":0.0,"gold_gain":99.0,"event_name":"Nest","player_choice":"Stole From Cult","floor":29.0,"gold_loss":0.0,"damage_taken":0.0},{"damage_healed":0.0,"max_hp_gain":0.0,"max_hp_loss":0.0,"gold_gain":0.0,"event_name":"Lab","player_choice":"Got Potions","floor":31.0,"gold_loss":0.0,"damage_taken":0.0},{"damage_healed":0.0,"max_hp_gain":0.0,"max_hp_loss":0.0,"gold_gain":0.0,"event_name":"SensoryStone","player_choice":"Memory 1","floor":37.0,"gold_loss":0.0,"damage_taken":0.0},{"damage_healed":0.0,"max_hp_gain":0.0,"max_hp_loss":0.0,"gold_gain":0.0,"event_name":"NoteForYourself","player_choice":"Ignored","floor":39.0,"gold_loss":0.0,"damage_taken":0.0},{"cards_removed":["Armaments"],"damage_healed":5,"gold_gain":0,"player_choice":"Offered Common","damage_taken":0,"max_hp_gain":0,"max_hp_loss":0,"event_name":"Bonfire Elementals","floor":44,"gold_loss":0},{"cards_removed":["Armaments"],"damage_healed":5,"gold_gain":0,"player_choice":"Offered Special","damage_taken":0,"max_hp_gain":0,"max_hp_loss":0,"event_name":"Bonfire Elementals","floor":44,"gold_loss":0},{"damage_healed":0,"gold_gain":0,"player_choice":"Max HP","damage_taken":0,"max_hp_gain":0,"max_hp_loss":5,"event_name":"Winding Halls","floor":47,"gold_loss":0}],"is_beta":false,"boss_relics":[{"not_picked":["Calling Bell","Eternal Feather"],"picked":"Lizard Tail"},{"not_picked":["Astrolabe","Snecko Eye"],"picked":"Tiny House"}],"items_purged_floors":[12,30],"is_endless":false,"potions_floor_spawned":[1,2,14,16,18,21,33,36,41,48],"ascension_level":0}