{"gold_per_floor":[114,189,207,82,96,96,123,123,123,151,151,151,167,178,178,280,280,297,316,316,135,135,166,166,185,185,185,185,195,228,103,103,207,207,225,75,0,19,19,19,35,35,35,35,35,55,55,75,75,75],"floor_reached":51,"playtime":3158,"items_purged":["Strike_R","Defend_R","Writhe","Strike_R+1"],"score":829,"play_id":"bb1d2ec1-c452-4746-bb6e-c9bbaebfff97","local_time":"20190918234350","is_ascension_mode":true,"campfire_choices":[{"data":"Bash","floor":6.0,"key":"SMITH"},{"data":"Berserk","floor":8.0,"key":"SMITH"},{"floor":11.0,"key":"REST"},{"data":"Cleave","floor":15.0,"key":"SMITH"},{"data":"Shrug It Off","floor":24.0,"key":"SMITH"},{"data":"Shrug It Off","floor":27.0,"key":"SMITH"},{"floor":32.0,"key":"DIG"},{"floor":40.0,"key":"DIG"},{"floor":42.0,"key":"DIG"},{"floor":47.0,"key":"DIG"},{"floor":49,"key":"REST"}],"neow_cost":"NONE","seed_source_timestamp":0,"circlet_count":0,"master_deck":["Defend_R+1","Defend_R+1","Bash+1","Berserk+1","Shrug It Off+1","Shrug It Off+1","Pommel Strike","Cleave+1","Shrug It Off+1","Battle Trance+1","Double Tap+1","Corruption+1","Iron Wave+1","Rampage+1","Fire Breathing","Demon Form+1","Metallicize+1","Infernal Blade+1","Seeing Red+1"],"special_seed":0,"relics":["Burning Blood","Toxic Egg 2","Mummified Hand","Kunai","Astrolabe","Happy Flower","Ancient Tea Set","Shovel","Frozen Egg 2","War Paint","Whetstone","Eternal Feather","Red Mask","Red Skull","Paper Frog","Question Card","Dream Catcher"],"potions_floor_usage":[50],"damage_taken":[{"damage":6.0,"enemies":"2 Louse","floor":1.0,"turns":2.0},{"damage":10.0,"enemies":"Small Slimes","floor":3.0,"turns":3.0},{"damage":1.0,"enemies":"Cultist","floor":5.0,"turns":3.0},{"damage":41.0,"enemies":"Gremlin Nob","floor":7.0,"turns":5.0},{"damage":19.0,"enemies":"Lagavulin","floor":10.0,"turns":6.0},{"damage":6.0,"enemies":"Red Slaver","floor":13.0,"turns":3.0},{"damage":19.0,"enemies":"Exordium Wildlife","floor":14.0,"turns":5.0},{"damage":14.0,"enemies":"Slime Boss","floor":16.0,"turns":10.0},{"damage":11.0,"enemies":"Shell Parasite","floor":18.0,"turns":5.0},{"damage":7.0,"enemies":"Spheric Guardian","floor":19.0,"turns":4.0},{"damage":45.0,"enemies":"Slavers","floor":23.0,"turns":6.0},{"damage":2.0,"enemies":"Snecko","floor":25.0,"turns":4.0},{"damage":0.0,"enemies":"Centurion and Healer","floor":29.0,"turns":5.0},{"damage":23.0,"enemies":"Book of Stabbing","floor":30.0,"turns":5.0},{"damage":5.0,"enemies":"Champ","floor":33.0,"turns":9.0},{"damage":3.0,"enemies":"Orb Walker","floor":35.0,"turns":5.0},{"damage":0.0,"enemies":"3 Shapes","floor":38.0,"turns":2.0},{"damage":2.0,"enemies":"Maw","floor":41.0,"turns":6.0},{"damage":28.0,"enemies":"Jaw Worm Horde","floor":46.0,"turns":4.0},{"damage":33.0,"enemies":"4 Shapes","floor":48.0,"turns":5.0},{"damage":61,"enemies":"Donu and Deca","floor":50,"turns":10}],"seed_played":"5105928608554622413","potions_obtained":[{"floor":1.0,"key":"Strength Potion"},{"floor":5.0,"key":"FearPotion"},{"floor":16.0,"key":"BloodPotion"},{"floor":18.0,"key":"Swift Potion"},{"floor":23.0,"key":"Energy Potion"},{"floor":29.0,"key":"Fire Potion"},{"floor":30.0,"key":"Regen Potion"},{"floor":48.0,"key":"SkillPotion"}],"is_trial":false,"path_per_floor":["M","?","M","$","M","R","E","R","T","E","R","?","M","M","R","B",null,"M","M","?","$","T","E","R","M","T","R","?","M","E","$","R","B",null,"M","$","?","M","?","R","M","R","T","$","?","M","R","M","R","B",null],"character_chosen":"IRONCLAD","items_purchased":["Pommel Strike","Fire Breathing"],"campfire_rested":2,"item_purchase_floors":[4,21],"current_hp_per_floor":[80,69,65,65,70,70,35,35,35,22,46,72,72,59,59,51,73,68,67,67,67,67,48,48,52,52,52,52,58,41,41,41,42,71,74,74,74,80,76,76,76,76,76,76,76,59,68,41,72,17],"gold":75,"neow_bonus":"ONE_RANDOM_RARE_CARD","is_prod":false,"is_daily":false,"chose_seed":false,"campfire_upgraded":5,"win_rate":0,"timestamp":1568864630,"path_taken":["M","?","M","$","M","R","E","R","T","E","R","?","M","M","R","BOSS","M","M","?","$","?","E","R","?","T","R","?","M","E","$","R","BOSS","M","$","?","M","?","R","M","R","T","?","?","?","R","M","R","BOSS"],"build_version":"2019-07-17","purchased_purges":4,"victory":true,"max_hp_per_floor":[80,80,80,80,80,80,80,80,80,80,80,80,80,80,80,80,80,80,80,80,80,80,80,80,80,80,80,80,80,80,80,80,80,80,80,80,80,80,76,76,76,76,76,76,76,76,76,76,76,76],"card_choices":[{"not_picked":["Carnage","Rage"],"picked":"Shrug It Off","floor":1.0},{"not_picked":["Fire Breathing","Infernal Blade"],"picked":"Shrug It Off","floor":3.0},{"not_picked":["Infernal Blade","Dropkick","Warcry"],"picked":"SKIP","floor":5.0},{"not_picked":["Metallicize","Pommel Strike"],"picked":"Cleave","floor":7.0},{"not_picked":["Rage+1","Dropkick"],"picked":"Shrug It Off+1","floor":10.0},{"not_picked":["Havoc+1","Shockwave+1","Body Slam"],"picked":"SKIP","floor":13.0},{"not_picked":["Cleave","Whirlwind"],"picked":"Battle Trance+1","floor":14.0},{"not_picked":["Offering+1","Dark Embrace"],"picked":"Double Tap+1","floor":16.0},{"not_picked":["Havoc+1","Hemokinesis","Twin Strike"],"picked":"SKIP","floor":18.0},{"not_picked":["Havoc+1","Perfected Strike"],"picked":"Rampage","floor":19.0},{"not_picked":["Pommel Strike","Perfected Strike","Cleave"],"picked":"SKIP","floor":23.0},{"not_picked":["Cleave","Perfected Strike","Burning Pact+1"],"picked":"SKIP","floor":25.0},{"not_picked":["Pommel Strike","Rupture+1","Heavy Blade"],"picked":"SKIP","floor":29.0},{"not_picked":["Fiend Fire","Heavy Blade","Anger"],"picked":"SKIP","floor":30.0},{"not_picked":["Double Tap+1","Brutality+1"],"picked":"Demon Form+1","floor":33.0},{"not_picked":["Perfected Strike+1","Fire Breathing+1","Battle Trance+1"],"picked":"SKIP","floor":35.0},{"not_picked":["Cleave","Thunderclap"],"picked":"Metallicize+1","floor":38.0},{"not_picked":["Body Slam","Sword Boomerang","Sever Soul"],"picked":"SKIP","floor":41.0},{"not_picked":["Perfected Strike+1","Intimidate+1","Rage+1"],"picked":"Infernal Blade+1","floor":46.0},{"not_picked":["Cleave","Flex+1","Heavy Blade+1","Iron Wave"],"picked":"SKIP","floor":48.0},{"not_picked":["Cleave+1","Clash+1","Twin Strike"],"picked":"Seeing Red+1","floor":49}],"player_experience":209878,"relics_obtained":[{"floor":7.0,"key":"Toxic Egg 2"},{"floor":9.0,"key":"Mummified Hand"},{"floor":10.0,"key":"Kunai"},{"floor":22.0,"key":"Happy Flower"},{"floor":23.0,"key":"Ancient Tea Set"},{"floor":26.0,"key":"Shovel"},{"floor":30.0,"key":"War Paint"},{"floor":32.0,"key":"Whetstone"},{"floor":40.0,"key":"Red Skull"},{"floor":42.0,"key":"Paper Frog"},{"floor":43.0,"key":"Question Card"},{"floor":47.0,"key":"Dream Catcher"}],"event_choices":[{"damage_healed":0.0,"max_hp_gain":0.0,"max_hp_loss":0.0,"gold_gain":75.0,"event_name":"World of Goop","player_choice":"Gather Gold","floor":2.0,"gold_loss":0.0,"damage_taken":11.0},{"damage_healed":26.0,"max_hp_gain":0.0,"max_hp_loss":0.0,"gold_gain":0.0,"event_name":"Big Fish","player_choice":"Banana","floor":12.0,"gold_loss":0.0,"damage_taken":0.0},{"cards_removed":["Strike_R"],"damage_healed":0.0,"max_hp_gain":0.0,"max_hp_loss":0.0,"gold_gain":0.0,"event_name":"Wheel of Change","player_choice":"Card Removal","floor":20.0,"gold_loss":0.0,"damage_taken":0.0},{"damage_healed":0.0,"max_hp_gain":0.0,"max_hp_loss":0.0,"gold_gain":0.0,"event_name":"The Mausoleum","player_choice":"Opened","floor":28.0,"gold_loss":0.0,"damage_taken":0.0,"relics_obtained":["Frozen Egg 2"],"cards_obtained":["Writhe"]},{"damage_healed":0.0,"max_hp_gain":0.0,"max_hp_loss":0.0,"gold_gain":0.0,"event_name":"Tomb of Lord Red Mask","player_choice":"Paid","floor":37.0,"gold_loss":75.0,"damage_taken":0.0,"relics_obtained":["Red Mask"]},{"damage_healed":0.0,"max_hp_gain":0.0,"max_hp_loss":4.0,"gold_gain":0.0,"event_name":"Winding Halls","player_choice":"Max HP","floor":39.0,"gold_loss":0.0,"damage_taken":0.0},{"cards_removed":["Clothesline"],"damage_healed":5.0,"max_hp_gain":0.0,"max_hp_loss":0.0,"gold_gain":0.0,"event_name":"Bonfire Elementals","player_choice":"Offered Common","floor":45.0,"gold_loss":0.0,"damage_taken":0.0},{"cards_removed":["Clothesline"],"damage_healed":5.0,"max_hp_gain":0.0,"max_hp_loss":0.0,"gold_gain":0.0,"event_name":"Bonfire Elementals","player_choice":"Offered Special","floor":45.0,"gold_loss":0.0,"damage_taken":0.0}],"is_beta":false,"boss_relics":[{"not_picked":["Busted Crown","Runic Cube"],"picked":"Astrolabe"},{"not_picked":["Fusion Hammer","Black Star"],"picked":"Eternal Feather"}],"items_purged_floors":[4,21,31,36],"is_endless":false,"potions_floor_spawned":[1,5,16,18,23,29,30,48],"ascension_level":5}