{"gold_per_floor":[109,123,123,123,140,140,171,181,181,256,269,269,269,21,21,95,95,113,128,128,45,57,57,57,89,113,128,128,138,38,38],"floor_reached":31,"playtime":1295,"items_purged":["Strike_B","Strike_B"],"score":485,"play_id":"4b2fab96-182e-482a-b5a5-8f229500cf54","local_time":"20191005224301","is_ascension_mode":true,"campfire_choices":[{"data":"White Noise","floor":6.0,"key":"SMITH"},{"data":"Go for the Eyes","floor":12.0,"key":"SMITH"},{"floor":15.0,"key":"REST"},{"floor":23.0,"key":"REST"},{"floor":28.0,"key":"REST"}],"neow_cost":"NONE","seed_source_timestamp":97604770532300,"circlet_count":0,"master_deck":["AscendersBane","Strike_B+1","Defend_B+1","Defend_B","Defend_B","Defend_B","Zap","Dualcast","Self Repair","White Noise+1","Capacitor","Sweeping Beam","Go for the Eyes+1","Go for the Eyes","Core Surge","Ball Lightning","Defragment","Chill","Skim","Barrage","Force Field"],"special_seed":0,"relics":["Cracked Core","Blue Candle","Mummified Hand","Lantern","Nuclear Battery","MutagenicStrength","Darkstone Periapt","Centennial Puzzle"],"potions_floor_usage":[31],"damage_taken":[{"damage":2.0,"enemies":"Cultist","floor":1.0,"turns":4.0},{"damage":4.0,"enemies":"Jaw Worm","floor":2.0,"turns":3.0},{"damage":2.0,"enemies":"2 Louse","floor":5.0,"turns":2.0},{"damage":9.0,"enemies":"Lagavulin","floor":7.0,"turns":7.0},{"damage":0.0,"enemies":"Large Slime","floor":8.0,"turns":4.0},{"damage":1.0,"enemies":"Exordium Wildlife","floor":11.0,"turns":3.0},{"damage":30.0,"enemies":"Hexaghost","floor":16.0,"turns":11.0},{"damage":18.0,"enemies":"3 Byrds","floor":18.0,"turns":6.0},{"damage":31.0,"enemies":"2 Thieves","floor":19.0,"turns":4.0},{"damage":11.0,"enemies":"Snecko","floor":22.0,"turns":5.0},{"damage":37.0,"enemies":"Slavers","floor":25.0,"turns":6.0},{"damage":1.0,"enemies":"Centurion and Healer","floor":27.0,"turns":5.0},{"damage":19.0,"enemies":"Shelled Parasite and Fungi","floor":29.0,"turns":5.0},{"damage":36,"enemies":"Chosen and Byrds","floor":31,"turns":5}],"seed_played":"1158871071439993501","potions_obtained":[{"floor":1.0,"key":"Poison Potion"},{"floor":7.0,"key":"FearPotion"},{"floor":8.0,"key":"GamblersBrew"},{"floor":11.0,"key":"Block Potion"},{"floor":19.0,"key":"Strength Potion"},{"floor":29.0,"key":"Ancient Potion"}],"is_trial":false,"path_per_floor":["M","M","?","?","M","R","E","M","T","?","M","R","?","$","R","B",null,"M","M","?","$","M","R","?","E","T","M","R","M","$","M"],"character_chosen":"DEFECT","items_purchased":["Lantern","Chill"],"campfire_rested":3,"item_purchase_floors":[14,21],"current_hp_per_floor":[69,72,65,65,70,70,68,75,75,64,70,70,47,47,70,47,70,59,35,35,35,31,54,47,17,17,23,46,34,34,0],"gold":38,"neow_bonus":"TEN_PERCENT_HP_BONUS","is_prod":false,"is_daily":false,"chose_seed":false,"campfire_upgraded":2,"win_rate":0,"timestamp":1570340581,"path_taken":["M","?","?","?","M","R","E","?","T","?","M","R","?","$","R","BOSS","M","M","?","$","M","R","?","E","T","M","R","?","$","M"],"build_version":"2019-07-17","purchased_purges":2,"victory":false,"max_hp_per_floor":[78,78,78,78,78,78,78,78,78,78,78,78,78,78,78,78,78,78,78,78,78,78,78,78,78,78,78,78,78,78,78],"card_choices":[{"not_picked":["FTL","Hologram"],"picked":"Self Repair","floor":1.0},{"not_picked":["Conserve Battery","Hologram"],"picked":"White Noise","floor":2.0},{"not_picked":["Stack","Force Field"],"picked":"Capacitor","floor":5.0},{"not_picked":["Steam","Recycle"],"picked":"Sweeping Beam","floor":7.0},{"not_picked":["Compile Driver","Melter"],"picked":"Go for the Eyes","floor":8.0},{"not_picked":["Redo","Streamline"],"picked":"Go for the Eyes","floor":11.0},{"not_picked":["Fission","Amplify"],"picked":"Core Surge","floor":16.0},{"not_picked":["Redo","Leap"],"picked":"Ball Lightning","floor":18.0},{"not_picked":["Barrage","Redo"],"picked":"Defragment","floor":19.0},{"not_picked":["Redo","Beam Cell"],"picked":"Skim","floor":22.0},{"not_picked":["Steam+1","Fusion","Rebound"],"picked":"SKIP","floor":25.0},{"not_picked":["Blizzard","Reprogram+1"],"picked":"Barrage","floor":27.0},{"not_picked":["Storm+1","Doom and Gloom"],"picked":"Force Field","floor":29.0}],"player_experience":676024,"relics_obtained":[{"floor":7.0,"key":"Blue Candle"},{"floor":9.0,"key":"Mummified Hand"},{"floor":25.0,"key":"Darkstone Periapt"},{"floor":26.0,"key":"Centennial Puzzle"}],"event_choices":[{"cards_removed":["Strike_B"],"damage_healed":0.0,"max_hp_gain":0.0,"max_hp_loss":0.0,"gold_gain":0.0,"event_name":"Golden Wing","player_choice":"Card Removal","floor":3.0,"gold_loss":0.0,"damage_taken":7.0},{"damage_healed":0.0,"max_hp_gain":0.0,"max_hp_loss":0.0,"gold_gain":0.0,"event_name":"Liars Game","player_choice":"Ignored","floor":4.0,"gold_loss":0.0,"damage_taken":0.0},{"damage_healed":0.0,"max_hp_gain":0.0,"max_hp_loss":0.0,"gold_gain":75.0,"event_name":"World of Goop","player_choice":"Gather Gold","floor":10.0,"gold_loss":0.0,"damage_taken":11.0},{"damage_healed":0.0,"max_hp_gain":0.0,"max_hp_loss":0.0,"gold_gain":0.0,"event_name":"Shining Light","player_choice":"Entered Light","floor":13.0,"gold_loss":0.0,"damage_taken":23.0,"cards_upgraded":["Defend_B","Strike_B"]},{"damage_healed":0.0,"max_hp_gain":0.0,"max_hp_loss":0.0,"gold_gain":0.0,"event_name":"Drug Dealer","player_choice":"Inject Mutagens","floor":20.0,"gold_loss":0.0,"damage_taken":0.0,"relics_obtained":["MutagenicStrength"]},{"damage_healed":0.0,"max_hp_gain":0.0,"max_hp_loss":0.0,"gold_gain":0.0,"event_name":"Knowing Skull","player_choice":"","floor":24.0,"potions_obtained":[],"gold_loss":0.0,"damage_taken":7.0,"cards_obtained":[]}],"is_beta":false,"boss_relics":[{"not_picked":["White Beast Statue","Tiny House"],"picked":"Nuclear Battery"}],"items_purged_floors":[14,30],"is_endless":false,"potions_floor_spawned":[1,7,8,11,19,29],"killed_by":"Chosen and Byrds","ascension_level":18}