{"gold_per_floor":[114,39,39,51,68,68,101,1,27,27,52,66,66,80,80,178,178,192,222,240,270,285,285,298,298],"floor_reached":25,"playtime":1606,"items_purged":["Strike_B","Strike_B"],"score":266,"play_id":"45cf1c09-9cd9-4812-95f8-1b6a8acbcd94","local_time":"20190927200517","is_ascension_mode":true,"campfire_choices":[{"data":"Go for the Eyes","floor":6,"key":"SMITH"},{"data":"Chill","floor":10,"key":"SMITH"},{"floor":13,"key":"REST"},{"floor":15,"key":"REST"},{"floor":23,"key":"REST"}],"neow_cost":"NONE","seed_source_timestamp":1377040394897900,"circlet_count":0,"master_deck":["Strike_B","Strike_B","Defend_B","Defend_B","Defend_B","Zap","Dualcast+1","Ball Lightning","Go for the Eyes+1","Auto Shields","Chill+1","Cold Snap","Cold Snap","Streamline","Reboot","Go for the Eyes","BootSequence"],"relics":["FrozenCore","Strawberry","Smiling Mask","Bottled Flame","Red Mask","Tiny Chest"],"potions_floor_usage":[16,19,19],"damage_taken":[{"damage":12,"enemies":"Small Slimes","floor":1,"turns":3},{"damage":0,"enemies":"Cultist","floor":4,"turns":2},{"damage":7,"enemies":"Jaw Worm","floor":5,"turns":2},{"damage":15,"enemies":"3 Sentries","floor":7,"turns":7},{"damage":17,"enemies":"Gremlin Nob","floor":11,"turns":4},{"damage":6,"enemies":"2 Fungi Beasts","floor":12,"turns":3},{"damage":0,"enemies":"3 Louse","floor":14,"turns":2},{"damage":35,"enemies":"Hexaghost","floor":16,"turns":12},{"damage":7,"enemies":"Shell Parasite","floor":18,"turns":6},{"damage":22,"enemies":"Masked Bandits","floor":19,"turns":5},{"damage":7,"enemies":"3 Byrds","floor":20,"turns":6},{"damage":21,"enemies":"Shelled Parasite and Fungi","floor":22,"turns":8},{"damage":12,"enemies":"Snake Plant","floor":24,"turns":6},{"damage":36,"enemies":"3 Cultists","floor":25,"turns":4}],"seed_played":"-5758854801284110314","potions_obtained":[{"floor":4,"key":"Explosive Potion"},{"floor":12,"key":"Fire Potion"},{"floor":14,"key":"Explosive Potion"},{"floor":18,"key":"Strength Potion"},{"floor":24,"key":"Weak Potion"}],"is_trial":false,"path_per_floor":["M","$","?","M","M","R","E","$","T","R","E","M","R","M","R","B",null,"M","?","M","?","M","R","M","M"],"character_chosen":"DEFECT","items_purchased":[],"campfire_rested":3,"item_purchase_floors":[],"current_hp_per_floor":[63,63,63,63,56,56,48,48,48,48,31,25,49,49,73,38,71,64,42,35,35,14,38,26,0],"gold":298,"neow_bonus":"UPGRADE_CARD","is_prod":false,"is_daily":false,"chose_seed":false,"campfire_upgraded":2,"win_rate":0,"timestamp":1569629117,"path_taken":["M","$","?","M","M","R","E","$","T","R","E","?","R","M","R","BOSS","M","?","M","?","M","R","M","M"],"build_version":"2019-07-17","purchased_purges":2,"victory":false,"max_hp_per_floor":[75,75,75,75,75,75,82,82,82,82,82,82,82,82,82,82,82,82,82,82,82,82,82,82,82],"card_choices":[{"not_picked":["Darkness","Compile Driver"],"picked":"Ball Lightning","floor":1},{"not_picked":["Chaos","Gash"],"picked":"Go for the Eyes","floor":4},{"not_picked":["Compile Driver","Rebound"],"picked":"Auto Shields","floor":5},{"not_picked":["Thunder Strike","Beam Cell"],"picked":"Chill","floor":7},{"not_picked":["Melter","White Noise"],"picked":"Cold Snap","floor":11},{"not_picked":["Melter","Loop"],"picked":"Cold Snap","floor":12},{"not_picked":["Beam Cell","Redo"],"picked":"Streamline","floor":14},{"not_picked":["Thunder Strike","Amplify"],"picked":"Reboot","floor":16},{"not_picked":["Rebound","Barrage","Reprogram"],"picked":"SKIP","floor":18},{"not_picked":["Undo","Chaos+1"],"picked":"Go for the Eyes","floor":19},{"not_picked":["Turbo","Coolheaded"],"picked":"BootSequence","floor":20},{"not_picked":["Stack","Consume","Chill"],"picked":"SKIP","floor":22},{"not_picked":["Sweeping Beam","Go for the Eyes","Chill"],"picked":"SKIP","floor":24}],"player_experience":279829,"relics_obtained":[{"floor":7,"key":"Strawberry"},{"floor":9,"key":"Smiling Mask"},{"floor":11,"key":"Bottled Flame"},{"floor":19,"key":"Red Mask"}],"event_choices":[{"cards_removed":["Defend_B"],"damage_healed":0,"gold_gain":0,"player_choice":"Offered Basic","damage_taken":0,"max_hp_gain":0,"max_hp_loss":0,"event_name":"Bonfire Elementals","floor":3,"gold_loss":0},{"damage_healed":0,"gold_gain":0,"player_choice":"Fought Bandits","damage_taken":0,"max_hp_gain":0,"max_hp_loss":0,"event_name":"Masked Bandits","floor":19,"gold_loss":0},{"damage_healed":0,"gold_gain":0,"player_choice":"Opened","damage_taken":0,"relics_obtained":["Tiny Chest"],"max_hp_gain":0,"max_hp_loss":0,"event_name":"The Mausoleum","floor":21,"gold_loss":0}],"is_beta":false,"boss_relics":[{"not_picked":["Ectoplasm","White Beast Statue"],"picked":"FrozenCore"}],"items_purged_floors":[2,8],"is_endless":false,"potions_floor_spawned":[4,12,14,18,24],"killed_by":"3 Cultists","ascension_level":5}