{"gold_per_floor":[115,40,52,72,91,91,9,9,9,39,39,58,58,58,58,153,203,189,189,224,46,46,46,46,46,46,46,64,81,81,100,100,196,196,216,91,111,42,55,55,66,66,66,86,86],"floor_reached":45,"playtime":3559,"items_purged":["Strike_G","Strike_G","Strike_G"],"score":413,"play_id":"7602b887-c7b5-4412-8ac9-6120e7894242","local_time":"20190907122611","is_ascension_mode":false,"campfire_choices":[{"data":"Sucker Punch","floor":6.0,"key":"SMITH"},{"data":"Quick Slash","floor":8.0,"key":"SMITH"},{"data":"Neutralize","floor":11.0,"key":"SMITH"},{"data":"Footwork","floor":13.0,"key":"SMITH"},{"floor":15.0,"key":"REST"},{"floor":23.0,"key":"REST"},{"data":"Blade Dance","floor":25.0,"key":"SMITH"},{"floor":27.0,"key":"REST"},{"data":"Infinite Blades","floor":32.0,"key":"SMITH"},{"floor":40,"key":"REST"},{"floor":42,"key":"REST"}],"neow_cost":"NONE","seed_source_timestamp":0,"circlet_count":0,"master_deck":["Strike_G","Strike_G+1","Defend_G+1","Defend_G+1","Defend_G","Survivor","Neutralize+1","Blade Dance+1","Sucker Punch+1","Quick Slash+1","Infinite Blades+1","Footwork+1","Burst","Die Die Die","Die Die Die","Prepared+1","Tools of the Trade","Escape Plan","Backflip"],"special_seed":0,"relics":["Ring of the Snake","Bottled Flame","Darkstone Periapt","Tiny House","Red Mask","Shuriken","Eternal Feather"],"potions_floor_usage":[41],"damage_taken":[{"damage":5.0,"enemies":"Jaw Worm","floor":1.0,"turns":7.0},{"damage":0.0,"enemies":"Small Slimes","floor":3.0,"turns":4.0},{"damage":0.0,"enemies":"2 Louse","floor":4.0,"turns":2.0},{"damage":0.0,"enemies":"Large Slime","floor":5.0,"turns":6.0},{"damage":18.0,"enemies":"Gremlin Nob","floor":10.0,"turns":5.0},{"damage":4.0,"enemies":"3 Louse","floor":12.0,"turns":4.0},{"damage":22.0,"enemies":"The Guardian","floor":16.0,"turns":15.0},{"damage":13.0,"enemies":"2 Thieves","floor":18.0,"turns":4.0},{"damage":55.0,"enemies":"Masked Bandits","floor":20.0,"turns":10.0},{"damage":0.0,"enemies":"Chosen","floor":28.0,"turns":4.0},{"damage":10.0,"enemies":"3 Cultists","floor":29.0,"turns":6.0},{"damage":16.0,"enemies":"Shelled Parasite and Fungi","floor":31.0,"turns":6.0},{"damage":23.0,"enemies":"Automaton","floor":33.0,"turns":9.0},{"damage":40.0,"enemies":"3 Shapes","floor":35.0,"turns":4.0},{"damage":10.0,"enemies":"3 Darklings","floor":37.0,"turns":8.0},{"damage":22,"enemies":"4 Shapes","floor":39,"turns":6},{"damage":21,"enemies":"Transient","floor":41,"turns":5},{"damage":25,"enemies":"Jaw Worm Horde","floor":44,"turns":6},{"damage":27,"enemies":"Sphere and 2 Shapes","floor":45,"turns":5}],"seed_played":"5269297470094024566","potions_obtained":[{"floor":4.0,"key":"AttackPotion"},{"floor":5.0,"key":"Poison Potion"},{"floor":12.0,"key":"Regen Potion"},{"floor":20.0,"key":"Ancient Potion"},{"floor":29.0,"key":"Strength Potion"},{"floor":37.0,"key":"Dexterity Potion"}],"is_trial":false,"path_per_floor":["M","$","M","M","M","R","$","R","T","E","R","M","R","?","R","B",null,"M","?","?","$","?","R","?","R","T","R","M","M","?","M","R","B",null,"M","$","M","$","M","R","M","R","T","M","M"],"character_chosen":"THE_SILENT","items_purchased":["Infinite Blades","Die Die Die","Escape Plan"],"campfire_rested":5,"item_purchase_floors":[7,21,38],"current_hp_per_floor":[65,65,65,65,65,65,65,65,65,47,47,43,43,29,50,28,75,62,46,6,6,6,28,28,28,28,50,50,40,65,49,49,26,75,35,35,25,25,3,34,13,44,44,19,0],"gold":86,"neow_bonus":"REMOVE_CARD","is_prod":false,"is_daily":false,"chose_seed":false,"campfire_upgraded":6,"win_rate":0,"timestamp":1567873571,"path_taken":["M","$","M","M","M","R","$","R","T","E","R","M","R","?","R","BOSS","M","?","?","$","?","R","?","R","T","R","M","M","?","?","R","BOSS","M","$","?","$","M","R","M","R","T","M","M"],"build_version":"2019-07-17","purchased_purges":3,"victory":false,"max_hp_per_floor":[70,70,70,70,70,70,70,70,70,70,70,70,70,70,70,70,75,75,75,75,75,75,75,75,75,75,75,75,75,75,75,75,75,75,75,75,75,75,75,75,75,75,75,75,75],"card_choices":[{"not_picked":["Backflip","Distraction"],"picked":"Blade Dance","floor":1.0},{"not_picked":["Quick Slash","Outmaneuver"],"picked":"Sucker Punch","floor":3.0},{"not_picked":["Flechettes","Bullet Time","Deflect"],"picked":"SKIP","floor":4.0},{"not_picked":["Blade Dance","Slice"],"picked":"Quick Slash","floor":5.0},{"not_picked":["Bane","Distraction","Crippling Poison"],"picked":"SKIP","floor":10.0},{"not_picked":["Dodge and Roll","Poisoned Stab"],"picked":"Footwork","floor":12.0},{"not_picked":["Wraith Form v2","Venomology"],"picked":"Burst","floor":16.0},{"not_picked":["Dagger Throw","Underhanded Strike+1","Dagger Spray"],"picked":"SKIP","floor":18.0},{"not_picked":["Bouncing Flask","Slice"],"picked":"Die Die Die","floor":28.0},{"not_picked":["Slice","Blade Dance","Heel Hook"],"picked":"SKIP","floor":29.0},{"not_picked":["Crippling Poison","PiercingWail+1"],"picked":"Prepared+1","floor":31.0},{"not_picked":["Venomology","Night Terror"],"picked":"Tools of the Trade","floor":33.0},{"not_picked":["Catalyst+1","Bane","Distraction+1"],"picked":"SKIP","floor":35.0},{"not_picked":["Dagger Spray","Poisoned Stab","Blur"],"picked":"SKIP","floor":37.0},{"not_picked":["Finisher+1","Prepared","Quick Slash+1"],"picked":"SKIP","floor":39},{"not_picked":["Infinite Blades+1","Poisoned Stab","Noxious Fumes"],"picked":"SKIP","floor":41},{"not_picked":["Poisoned Stab+1","Catalyst"],"picked":"Backflip","floor":44}],"player_experience":80367,"relics_obtained":[{"floor":9.0,"key":"Bottled Flame"},{"floor":10.0,"key":"Darkstone Periapt"},{"floor":20.0,"key":"Red Mask"},{"floor":26.0,"key":"Shuriken"}],"event_choices":[{"damage_healed":0.0,"max_hp_gain":0.0,"max_hp_loss":0.0,"gold_gain":0.0,"event_name":"Shining Light","player_choice":"Entered Light","floor":14.0,"gold_loss":0.0,"damage_taken":14.0,"cards_upgraded":["Strike_G","Defend_G"]},{"damage_healed":0.0,"max_hp_gain":0.0,"max_hp_loss":0.0,"gold_gain":0.0,"event_name":"Cursed Tome","player_choice":"Obtained Book","floor":19.0,"gold_loss":0.0,"damage_taken":16.0},{"damage_healed":0.0,"max_hp_gain":0.0,"max_hp_loss":0.0,"gold_gain":0.0,"event_name":"Masked Bandits","player_choice":"Fought Bandits","floor":20.0,"gold_loss":0.0,"damage_taken":0.0},{"damage_healed":0.0,"max_hp_gain":0.0,"max_hp_loss":0.0,"gold_gain":0.0,"event_name":"Ghosts","player_choice":"Ignored","floor":22.0,"gold_loss":0.0,"damage_taken":0.0},{"cards_removed":["Defend_G"],"damage_healed":0.0,"max_hp_gain":0.0,"max_hp_loss":0.0,"gold_gain":0.0,"event_name":"Back to Basics","player_choice":"Elegance","floor":24.0,"gold_loss":0.0,"damage_taken":0.0},{"damage_healed":25.0,"max_hp_gain":0.0,"max_hp_loss":0.0,"gold_gain":0.0,"event_name":"The Library","player_choice":"Heal","floor":30.0,"gold_loss":0.0,"damage_taken":0.0}],"is_beta":false,"boss_relics":[{"not_picked":["Snecko Eye","Coffee Dripper"],"picked":"Tiny House"},{"not_picked":["Busted Crown","Calling Bell"],"picked":"Eternal Feather"}],"items_purged_floors":[2,21,36],"is_endless":false,"potions_floor_spawned":[4,5,12,20,29,33,37],"killed_by":"Sphere and 2 Shapes","ascension_level":0}