{"gold_per_floor":[109,129,129,140,150,150,21,21,48,48,65,65,75,75,75,75],"floor_reached":16,"playtime":514,"items_purged":["Strike_B"],"score":175,"play_id":"751f5524-95ca-4a31-b8cb-a6888c77b7b4","local_time":"20191005181327","is_ascension_mode":true,"campfire_choices":[{"data":"Go for the Eyes","floor":6,"key":"SMITH"},{"floor":10,"key":"REST"},{"data":"Zap","floor":12,"key":"SMITH"},{"floor":15,"key":"REST"}],"neow_cost":"NONE","seed_source_timestamp":82298613088500,"circlet_count":0,"master_deck":["AscendersBane","Strike_B","Strike_B","Defend_B","Defend_B","Defend_B","Defend_B","Zap+1","Dualcast","Compile Driver","Coolheaded","Hologram","Go for the Eyes+1","Coolheaded","Leap","Conserve Battery"],"relics":["Cracked Core","Dream Catcher"],"potions_floor_usage":[16,16],"damage_taken":[{"damage":3,"enemies":"2 Louse","floor":1,"turns":3},{"damage":1,"enemies":"Cultist","floor":2,"turns":3},{"damage":7,"enemies":"Jaw Worm","floor":4,"turns":4},{"damage":12,"enemies":"Looter","floor":5,"turns":3},{"damage":14,"enemies":"3 Louse","floor":11,"turns":5},{"damage":9,"enemies":"Exordium Wildlife","floor":13,"turns":7},{"damage":80,"enemies":"Slime Boss","floor":16,"turns":12}],"seed_played":"-5342792743443342124","potions_obtained":[{"floor":11,"key":"Swift Potion"},{"floor":13,"key":"Dexterity Potion"}],"is_trial":false,"path_per_floor":["M","M","?","M","M","R","$","$","T","R","M","R","M","?","R","B"],"character_chosen":"DEFECT","items_purchased":["Coolheaded"],"campfire_rested":2,"item_purchase_floors":[7],"current_hp_per_floor":[68,67,67,60,48,48,48,48,48,71,57,57,48,48,71,0],"gold":75,"neow_bonus":"TEN_PERCENT_HP_BONUS","is_prod":false,"is_daily":false,"chose_seed":false,"campfire_upgraded":2,"win_rate":0,"timestamp":1570324407,"path_taken":["M","M","?","M","M","R","?","$","T","R","M","R","M","?","R","BOSS"],"build_version":"2019-07-17","purchased_purges":1,"victory":false,"max_hp_per_floor":[78,78,78,78,78,78,78,78,78,78,78,78,78,78,78,78],"card_choices":[{"not_picked":["Turbo","Streamline"],"picked":"Compile Driver","floor":1},{"not_picked":["Compile Driver","Conserve Battery"],"picked":"Coolheaded","floor":2},{"not_picked":["Multi-Cast","Beam Cell"],"picked":"Hologram","floor":4},{"not_picked":["Sweeping Beam","Turbo"],"picked":"Go for the Eyes","floor":5},{"not_picked":["Coolheaded","Go for the Eyes"],"picked":"Leap","floor":10},{"not_picked":["Static Discharge","Consume"],"picked":"Conserve Battery","floor":11},{"not_picked":["Steam","Go for the Eyes","Static Discharge"],"picked":"SKIP","floor":13}],"player_experience":674895,"relics_obtained":[{"floor":9,"key":"Dream Catcher"}],"event_choices":[{"cards_removed":["Strike_B"],"damage_healed":0,"gold_gain":0,"player_choice":"Purged","damage_taken":0,"max_hp_gain":0,"max_hp_loss":0,"event_name":"Purifier","floor":3,"gold_loss":0},{"damage_healed":0,"gold_gain":0,"player_choice":"Ignored","damage_taken":0,"max_hp_gain":0,"max_hp_loss":0,"event_name":"Liars Game","floor":14,"gold_loss":0}],"is_beta":false,"boss_relics":[],"items_purged_floors":[7],"is_endless":false,"potions_floor_spawned":[11,13],"killed_by":"Slime Boss","ascension_level":18}