{"gold_per_floor":[116,116,128,30,41,41,69,101,101,101,1,19,19,54,54,152,152,166,41,140,140,150,150,175,25,79,92,92,124,75,100,100,100],"floor_reached":33,"playtime":2106,"items_purged":["Strike_B","Defend_B","Strike_B","Defend_B"],"score":433,"play_id":"addb0536-e2bb-48fe-8ec2-6f79590bdada","local_time":"20190928171549","is_ascension_mode":true,"campfire_choices":[{"data":"Sweeping Beam","floor":6.0,"key":"SMITH"},{"data":"Conserve Battery","floor":10.0,"key":"SMITH"},{"data":"Self Repair","floor":13.0,"key":"SMITH"},{"floor":15.0,"key":"REST"},{"data":"Streamline","floor":23.0,"key":"SMITH"},{"floor":28.0,"key":"REST"},{"floor":32,"key":"REST"}],"neow_cost":"NONE","seed_source_timestamp":1452459367749400,"circlet_count":0,"master_deck":["Strike_B","Strike_B","Defend_B","Defend_B","Zap","Dualcast+1","Hologram","Cold Snap","Sweeping Beam+1","Conserve Battery+1","Self Repair+1","Coolheaded","Creative AI","BootSequence","Streamline+1","Genetic Algorithm+1","Glacier","Beam Cell+1","Steam","Chill"],"special_seed":0,"relics":["Cracked Core","Odd Mushroom","Cables","Ornamental Fan","Happy Flower","Lizard Tail","Bronze Scales","Boot","Dodecahedron","Unceasing Top"],"potions_floor_usage":[],"damage_taken":[{"damage":2.0,"enemies":"2 Louse","floor":1.0,"turns":2.0},{"damage":4.0,"enemies":"Jaw Worm","floor":3.0,"turns":4.0},{"damage":2.0,"enemies":"Small Slimes","floor":5.0,"turns":3.0},{"damage":0.0,"enemies":"The Mushroom Lair","floor":7.0,"turns":2.0},{"damage":15.0,"enemies":"Gremlin Nob","floor":8.0,"turns":4.0},{"damage":0.0,"enemies":"2 Fungi Beasts","floor":12.0,"turns":2.0},{"damage":22.0,"enemies":"Lagavulin","floor":14.0,"turns":7.0},{"damage":33.0,"enemies":"Slime Boss","floor":16.0,"turns":10.0},{"damage":15.0,"enemies":"3 Byrds","floor":18.0,"turns":6.0},{"damage":14.0,"enemies":"Shell Parasite","floor":22.0,"turns":5.0},{"damage":59.0,"enemies":"Slavers","floor":24.0,"turns":6.0},{"damage":10.0,"enemies":"Snake Plant","floor":27.0,"turns":3.0},{"damage":14.0,"enemies":"Book of Stabbing","floor":29.0,"turns":6.0},{"damage":19.0,"enemies":"Gremlin Leader","floor":31.0,"turns":7.0},{"damage":103,"enemies":"Automaton","floor":33,"turns":12}],"seed_played":"-4284517741534942024","potions_obtained":[{"floor":5.0,"key":"SpeedPotion"},{"floor":7.0,"key":"PowerPotion"},{"floor":12.0,"key":"FocusPotion"},{"floor":14.0,"key":"GamblersBrew"},{"floor":16.0,"key":"PowerPotion"},{"floor":18.0,"key":"Weak Potion"},{"floor":24.0,"key":"AttackPotion"},{"floor":29.0,"key":"SkillPotion"}],"is_trial":false,"path_per_floor":["M","?","M","$","M","R","?","E","T","R","$","M","R","E","R","B",null,"M","$","?","?","M","R","E","$","T","M","R","E","$","E","R","B"],"character_chosen":"DEFECT","items_purchased":["Sweeping Beam","Steam"],"campfire_rested":3,"item_purchase_floors":[4,30],"current_hp_per_floor":[66,66,62,62,60,60,60,45,45,45,45,45,45,33,55,32,64,59,59,59,59,55,55,47,47,47,37,59,55,55,36,58,0],"gold":100,"neow_bonus":"UPGRADE_CARD","is_prod":false,"is_daily":false,"chose_seed":false,"campfire_upgraded":4,"win_rate":0,"timestamp":1569705349,"path_taken":["M","?","M","?","M","R","?","E","T","R","$","M","R","E","R","BOSS","M","$","?","?","M","R","E","$","T","M","R","E","?","E","R","BOSS"],"build_version":"2019-07-17","purchased_purges":4,"victory":false,"max_hp_per_floor":[75,75,75,75,75,75,75,75,75,75,75,75,75,75,75,75,75,75,75,75,75,75,75,75,75,75,75,75,75,75,75,75,75],"card_choices":[{"not_picked":["Compile Driver","Rebound"],"picked":"Hologram","floor":1.0},{"not_picked":["Steam","Gash"],"picked":"Cold Snap","floor":3.0},{"not_picked":["Cold Snap","Stack"],"picked":"Conserve Battery","floor":5.0},{"not_picked":["Barrage","Double Energy","Rebound"],"picked":"SKIP","floor":8.0},{"not_picked":["Steam Power","Compile Driver"],"picked":"Self Repair","floor":12.0},{"not_picked":["Lockon","Turbo"],"picked":"Coolheaded","floor":14.0},{"not_picked":["All For One","Core Surge"],"picked":"Creative AI","floor":16.0},{"not_picked":["Barrage","Redo"],"picked":"BootSequence","floor":18.0},{"not_picked":["Double Energy+1","Coolheaded"],"picked":"Genetic Algorithm+1","floor":22.0},{"not_picked":["Double Energy","Leap"],"picked":"Glacier","floor":24.0},{"not_picked":["Doom and Gloom","Stack"],"picked":"Beam Cell+1","floor":27.0},{"not_picked":["Genetic Algorithm","Go for the Eyes","Beam Cell"],"picked":"SKIP","floor":29.0},{"not_picked":["Cold Snap","Redo+1"],"picked":"Chill","floor":31.0}],"player_experience":293557,"relics_obtained":[{"floor":7.0,"key":"Odd Mushroom"},{"floor":8.0,"key":"Cables"},{"floor":9.0,"key":"Ornamental Fan"},{"floor":14.0,"key":"Happy Flower"},{"floor":24.0,"key":"Bronze Scales"},{"floor":26.0,"key":"Boot"},{"floor":29.0,"key":"Dodecahedron"},{"floor":31.0,"key":"Unceasing Top"}],"event_choices":[{"damage_healed":0.0,"max_hp_gain":0.0,"max_hp_loss":0.0,"gold_gain":0.0,"event_name":"Liars Game","player_choice":"Ignored","floor":2.0,"gold_loss":0.0,"damage_taken":0.0},{"damage_healed":0.0,"max_hp_gain":0.0,"max_hp_loss":0.0,"gold_gain":0.0,"event_name":"Mushrooms","player_choice":"Fought Mushrooms","floor":7.0,"gold_loss":0.0,"damage_taken":0.0},{"damage_healed":0.0,"max_hp_gain":0.0,"max_hp_loss":0.0,"gold_gain":99.0,"event_name":"Nest","player_choice":"Stole From Cult","floor":20.0,"gold_loss":0.0,"damage_taken":0.0},{"damage_healed":0.0,"max_hp_gain":0.0,"max_hp_loss":0.0,"gold_gain":0.0,"event_name":"The Library","player_choice":"Read","floor":21.0,"gold_loss":0.0,"damage_taken":0.0,"cards_obtained":["Streamline"]}],"is_beta":false,"boss_relics":[{"not_picked":["Ectoplasm","Eternal Feather"],"picked":"Lizard Tail"}],"items_purged_floors":[4,11,19,25],"is_endless":false,"potions_floor_spawned":[5,7,12,14,16,18,24,29],"killed_by":"Automaton","ascension_level":8}