{"gold_per_floor":[144,189,234,291,348,360,462,474,511,568,41,41,50,50],"floor_reached":14,"playtime":1846,"items_purged":[],"score":117,"play_id":"9a47afaa-f1f7-4b55-bbe1-22f919f39725","local_time":"20190816215319","daily_mods":["Specialized","Vintage","Midas"],"is_ascension_mode":false,"campfire_choices":[{"floor":6.0,"key":"REST"},{"floor":8.0,"key":"REST"},{"floor":12.0,"key":"REST"}],"neow_cost":"","seed_source_timestamp":0,"circlet_count":0,"master_deck":["Strike_R","Strike_R","Strike_R","Strike_R","Strike_R","Defend_R","Defend_R","Defend_R","Defend_R","Bash","Evolve","Evolve","Evolve","Evolve","Evolve","Infernal Blade","Magnetism","Pommel Strike","Inflame"],"special_seed":18125,"relics":["Burning Blood","Strawberry","Regal Pillow","MawBank","Mercury Hourglass","Oddly Smooth Stone","Lantern","Orichalcum","Potion Belt","Strange Spoon","Centennial Puzzle","Odd Mushroom"],"potions_floor_usage":[],"damage_taken":[{"damage":11.0,"enemies":"Jaw Worm","floor":1.0,"turns":2.0},{"damage":16.0,"enemies":"Small Slimes","floor":2.0,"turns":5.0},{"damage":0.0,"enemies":"2 Louse","floor":3.0,"turns":3.0},{"damage":16.0,"enemies":"Blue Slaver","floor":4.0,"turns":5.0},{"damage":0.0,"enemies":"Lots of Slimes","floor":5.0,"turns":2.0},{"damage":41.0,"enemies":"Gremlin Nob","floor":7.0,"turns":5.0},{"damage":7.0,"enemies":"Red Slaver","floor":10.0,"turns":3.0},{"damage":7,"enemies":"The Mushroom Lair","floor":13,"turns":4}],"seed_played":"7982343290599772324","potions_obtained":[{"floor":1.0,"key":"Strength Potion"},{"floor":2.0,"key":"Block Potion"},{"floor":3.0,"key":"AttackPotion"}],"is_trial":false,"path_per_floor":["?","?"],"character_chosen":"IRONCLAD","items_purchased":["Strange Spoon","Magnetism","Pommel Strike","Centennial Puzzle"],"campfire_rested":3,"item_purchase_floors":[11,11,11,11],"current_hp_per_floor":[82,72,78,68,74,87,52,87,87,86,86,87,86,86],"gold":50,"neow_bonus":"","is_prod":false,"is_daily":true,"chose_seed":false,"campfire_upgraded":0,"win_rate":0.0,"timestamp":1566017599,"path_taken":["M","M","M","M","M","R","E","R","T","M","$","R","?","?"],"build_version":"2019-01-23","purchased_purges":0,"victory":false,"max_hp_per_floor":[87,87,87,87,87,87,87,87,87,87,87,87,87,87],"card_choices":[{"not_picked":["Bloodletting","Flex"],"picked":"Infernal Blade","floor":7.0},{"not_picked":["Searing Blow","Flex"],"picked":"Inflame","floor":13}],"player_experience":1516,"relics_obtained":[{"floor":1.0,"key":"Strawberry"},{"floor":2.0,"key":"Regal Pillow"},{"floor":3.0,"key":"MawBank"},{"floor":4.0,"key":"Mercury Hourglass"},{"floor":5.0,"key":"Oddly Smooth Stone"},{"floor":7.0,"key":"Lantern"},{"floor":9.0,"key":"Orichalcum"},{"floor":10.0,"key":"Potion Belt"},{"floor":13,"key":"Odd Mushroom"}],"event_choices":[{"damage_healed":0,"gold_gain":0,"player_choice":"Fought Mushrooms","damage_taken":0,"max_hp_gain":0,"max_hp_loss":0,"event_name":"Mushrooms","floor":13,"gold_loss":0}],"is_beta":false,"boss_relics":[],"items_purged_floors":[],"is_endless":false,"potions_floor_spawned":[1,2,3],"ascension_level":0}