{"gold_per_floor":[109,34,45,63,63,82,82,96,126,142,180,180,206,222,222,345,345,365,184,205,304,317,317,358,358,358,30,30,30,30,49,49,175,175,198,257,257,257,270,270,295,316,342,19,46,84,84,104,104,104],"floor_reached":51,"playtime":3273,"items_purged":["Strike_B","Strike_B","Defend_B","Strike_B"],"score":672,"play_id":"84ecd02b-7e51-4bd3-aa60-c569569f77c7","local_time":"20190922093212","is_ascension_mode":false,"campfire_choices":[{"data":"Chaos","floor":7.0,"key":"SMITH"},{"floor":15.0,"key":"REST"},{"data":"Defragment","floor":23.0,"key":"SMITH"},{"data":"Barrage","floor":25.0,"key":"SMITH"},{"floor":30.0,"key":"REST"},{"data":"Biased Cognition","floor":32.0,"key":"SMITH"},{"data":"Loop","floor":40,"key":"SMITH"},{"floor":47,"key":"REST"},{"data":"Rainbow","floor":49,"key":"SMITH"}],"neow_cost":"NONE","seed_source_timestamp":0,"circlet_count":0,"master_deck":["Defend_B","Zap","Dualcast","Rainbow","Chaos+1","Barrage+1","Capacitor","Cold Snap","Hologram","Coolheaded","Conserve Battery","Biased Cognition+1","Cold Snap+1","Defragment+1","Loop+1","BootSequence+1","Rainbow+1","Chill","Compile Driver","Loop+1","Master of Strategy"],"special_seed":0,"relics":["Cracked Core","Golden Idol","Tiny Chest","Bag of Preparation","Juzu Bracelet","Empty Cage","Meat on the Bone","Ginger","Frozen Eye","Enchiridion","Nuclear Battery","Calipers","MawBank","Vajra","Centennial Puzzle"],"potions_floor_usage":[50,50,50],"damage_taken":[{"damage":5.0,"enemies":"Small Slimes","floor":1.0,"turns":3.0},{"damage":4.0,"enemies":"2 Louse","floor":3.0,"turns":3.0},{"damage":1.0,"enemies":"Jaw Worm","floor":4.0,"turns":3.0},{"damage":5.0,"enemies":"3 Louse","floor":6.0,"turns":4.0},{"damage":5.0,"enemies":"Blue Slaver","floor":8.0,"turns":2.0},{"damage":8.0,"enemies":"Exordium Thugs","floor":10.0,"turns":3.0},{"damage":32.0,"enemies":"Gremlin Nob","floor":11.0,"turns":5.0},{"damage":4.0,"enemies":"Exordium Wildlife","floor":14.0,"turns":4.0},{"damage":10.0,"enemies":"Slime Boss","floor":16.0,"turns":10.0},{"damage":0.0,"enemies":"Spheric Guardian","floor":18.0,"turns":3.0},{"damage":3.0,"enemies":"Chosen","floor":20.0,"turns":6.0},{"damage":0.0,"enemies":"3 Cultists","floor":22.0,"turns":5.0},{"damage":16.0,"enemies":"Book of Stabbing","floor":24.0,"turns":6.0},{"damage":0.0,"enemies":"Cultist and Chosen","floor":31.0,"turns":5.0},{"damage":5.0,"enemies":"Champ","floor":33.0,"turns":9.0},{"damage":1.0,"enemies":"3 Shapes","floor":35.0,"turns":3.0},{"damage":31.0,"enemies":"2 Orb Walkers","floor":36.0,"turns":6.0},{"damage":0,"enemies":"Orb Walker","floor":39,"turns":3},{"damage":0,"enemies":"4 Shapes","floor":41,"turns":6},{"damage":0,"enemies":"Spire Growth","floor":42,"turns":5},{"damage":1,"enemies":"Giant Head","floor":46,"turns":9},{"damage":0,"enemies":"Jaw Worm Horde","floor":48,"turns":4},{"damage":20,"enemies":"Awakened One","floor":50,"turns":13}],"seed_played":"9182335123590655272","potions_obtained":[{"floor":1.0,"key":"SkillPotion"},{"floor":4.0,"key":"LiquidBronze"},{"floor":8.0,"key":"Dexterity Potion"},{"floor":18.0,"key":"FearPotion"},{"floor":33.0,"key":"PowerPotion"},{"floor":41,"key":"AttackPotion"},{"floor":42,"key":"Regen Potion"}],"is_trial":false,"path_per_floor":["M","$","M","M","?","M","R","M","T","M","E","?","T","M","R","B",null,"M","$","M","?","M","R","E","R","T","$","?","?","R","M","R","B",null,"M","?","?","?","M","R","M","M","T","$","T","E","R","M","R","B",null],"character_chosen":"DEFECT","items_purchased":["Defragment","Frozen Eye","Master of Strategy"],"campfire_rested":3,"item_purchase_floors":[19,27,44],"current_hp_per_floor":[70,70,66,65,65,60,60,55,55,47,15,15,15,11,31,21,69,69,69,66,66,66,66,50,50,50,50,50,34,54,54,54,49,69,68,37,37,37,37,37,37,37,37,37,37,36,56,56,56,51],"gold":104,"neow_bonus":"ONE_RANDOM_RARE_CARD","is_prod":false,"is_daily":false,"chose_seed":false,"campfire_upgraded":6,"win_rate":0,"timestamp":1569159132,"path_taken":["M","$","M","M","?","M","R","M","T","M","E","?","?","M","R","BOSS","M","$","M","?","M","R","E","R","T","$","?","?","R","M","R","BOSS","M","?","?","?","M","R","M","M","T","$","?","E","R","M","R","BOSS"],"build_version":"2019-07-17","purchased_purges":4,"victory":true,"max_hp_per_floor":[75,75,75,75,69,69,69,69,69,69,69,69,69,69,69,69,69,69,69,69,69,69,69,69,69,69,69,69,69,69,69,69,69,69,69,69,69,69,69,69,69,69,69,69,69,69,69,69,69,69],"card_choices":[{"not_picked":["BootSequence","Gash"],"picked":"Chaos","floor":1.0},{"not_picked":["Leap","Undo"],"picked":"Barrage","floor":3.0},{"not_picked":["Leap","Beam Cell"],"picked":"Capacitor","floor":4.0},{"not_picked":["Storm","Leap"],"picked":"Cold Snap","floor":6.0},{"not_picked":["Sunder","Go for the Eyes"],"picked":"Hologram","floor":8.0},{"not_picked":["Beam Cell","Rip and Tear","Melter"],"picked":"SKIP","floor":10.0},{"not_picked":["Go for the Eyes","Redo"],"picked":"Coolheaded","floor":11.0},{"not_picked":["Blizzard","Leap"],"picked":"Conserve Battery","floor":14.0},{"not_picked":["Fission","All For One"],"picked":"Biased Cognition","floor":16.0},{"not_picked":["Stack","Compile Driver"],"picked":"Cold Snap+1","floor":18.0},{"not_picked":["Scrape+1","Go for the Eyes","Steam+1"],"picked":"SKIP","floor":20.0},{"not_picked":["Genetic Algorithm","Lockon"],"picked":"Loop+1","floor":22.0},{"not_picked":["Leap+1","Redo+1"],"picked":"BootSequence+1","floor":24.0},{"not_picked":["Blizzard","Streamline","Rebound+1"],"picked":"SKIP","floor":31.0},{"not_picked":["All For One","Echo Form"],"picked":"Rainbow","floor":33.0},{"not_picked":["Ball Lightning+1","Defragment+1"],"picked":"Chill","floor":35.0},{"not_picked":["Rip and Tear+1","Beam Cell"],"picked":"Compile Driver","floor":36},{"not_picked":["Sweeping Beam+1","Go for the Eyes","Redo+1"],"picked":"SKIP","floor":39},{"not_picked":["Reprogram","Redo","Rebound"],"picked":"SKIP","floor":41},{"not_picked":["Darkness","Loop","Heatsinks+1"],"picked":"SKIP","floor":42},{"not_picked":["Chill","Ball Lightning","Storm"],"picked":"SKIP","floor":46},{"not_picked":["Gash+1","Rebound","Sweeping Beam+1"],"picked":"SKIP","floor":48}],"player_experience":231505,"relics_obtained":[{"floor":9.0,"key":"Tiny Chest"},{"floor":11.0,"key":"Bag of Preparation"},{"floor":13.0,"key":"Juzu Bracelet"},{"floor":24.0,"key":"Meat on the Bone"},{"floor":26.0,"key":"Ginger"},{"floor":29.0,"key":"Enchiridion"},{"floor":36,"key":"Calipers"},{"floor":43,"key":"MawBank"},{"floor":45,"key":"Vajra"},{"floor":46,"key":"Centennial Puzzle"}],"event_choices":[{"damage_healed":0.0,"max_hp_gain":0.0,"max_hp_loss":6.0,"gold_gain":0.0,"event_name":"Golden Idol","player_choice":"Lose Max HP","floor":5.0,"gold_loss":0.0,"damage_taken":0.0,"relics_obtained":["Golden Idol"]},{"damage_healed":0.0,"max_hp_gain":0.0,"max_hp_loss":0.0,"gold_gain":0.0,"event_name":"Liars Game","player_choice":"Ignored","floor":12.0,"gold_loss":0.0,"damage_taken":0.0},{"damage_healed":0.0,"max_hp_gain":0.0,"max_hp_loss":0.0,"gold_gain":99.0,"event_name":"Nest","player_choice":"Stole From Cult","floor":21.0,"gold_loss":0.0,"damage_taken":0.0},{"cards_removed":["Defend_B"],"damage_healed":0.0,"max_hp_gain":0.0,"max_hp_loss":0.0,"gold_gain":0.0,"event_name":"Wheel of Change","player_choice":"Card Removal","floor":28.0,"gold_loss":0.0,"damage_taken":0.0},{"damage_healed":0.0,"max_hp_gain":0.0,"max_hp_loss":0.0,"gold_gain":0.0,"event_name":"Cursed Tome","player_choice":"Obtained Book","floor":29.0,"gold_loss":0.0,"damage_taken":16.0},{"damage_healed":0.0,"max_hp_gain":0.0,"max_hp_loss":0.0,"gold_gain":0.0,"event_name":"Mysterious Sphere","player_choice":"Fight","floor":36.0,"gold_loss":0.0,"damage_taken":0.0},{"damage_healed":0,"gold_gain":0,"player_choice":"Ignored","damage_taken":0,"max_hp_gain":0,"max_hp_loss":0,"event_name":"SecretPortal","floor":37,"gold_loss":0},{"damage_healed":0,"gold_gain":0,"player_choice":"1 cards matched","damage_taken":0,"max_hp_gain":0,"max_hp_loss":0,"event_name":"Match and Keep!","floor":38,"gold_loss":0,"cards_obtained":["Loop"]}],"is_beta":false,"boss_relics":[{"not_picked":["Orrery","Lizard Tail"],"picked":"Empty Cage"},{"not_picked":["White Beast Statue","Inserter"],"picked":"Nuclear Battery"}],"items_purged_floors":[2,19,27,44],"is_endless":false,"potions_floor_spawned":[1,4,8,14,18,20,33,41,42,48],"ascension_level":0}