{"gold_per_floor":[110,110,35,35,35,35,49,64,64,64,64,79,30,46,46,176,176,156,171,190,140,140],"floor_reached":22,"playtime":1642,"items_purged":["Strike_G","Injury"],"score":176,"play_id":"6a4b99bb-066a-4148-995b-12d911c1a52b","local_time":"20190907125404","is_ascension_mode":false,"campfire_choices":[{"data":"Dagger Spray","floor":6,"key":"SMITH"},{"data":"Cloak And Dagger","floor":10,"key":"SMITH"},{"data":"Outmaneuver","floor":15,"key":"SMITH"}],"neow_cost":"NONE","seed_source_timestamp":525584989134400,"circlet_count":0,"master_deck":["Strike_G","Strike_G","Strike_G","Defend_G","Defend_G","Defend_G","Defend_G","Survivor","Neutralize","Dagger Spray+1","Cloak And Dagger+1","Outmaneuver+1","Blade Dance","Backflip","Glass Knife","Well Laid Plans","Dagger Throw+1","Quick Slash","Accuracy+1"],"relics":["Ring of the Snake","Golden Idol","Omamori","Calling Bell","Smiling Mask","Pantograph","Prayer Wheel"],"potions_floor_usage":[16],"damage_taken":[{"damage":0,"enemies":"2 Louse","floor":1,"turns":4},{"damage":0,"enemies":"Small Slimes","floor":7,"turns":2},{"damage":0,"enemies":"Jaw Worm","floor":8,"turns":3},{"damage":0,"enemies":"2 Fungi Beasts","floor":12,"turns":3},{"damage":0,"enemies":"Looter","floor":14,"turns":3},{"damage":27,"enemies":"Slime Boss","floor":16,"turns":13},{"damage":13,"enemies":"2 Thieves","floor":18,"turns":5},{"damage":22,"enemies":"Spheric Guardian","floor":19,"turns":4},{"damage":30,"enemies":"Snake Plant","floor":20,"turns":11},{"damage":16,"enemies":"Cultist and Chosen","floor":22,"turns":4}],"seed_played":"-3655931126772290927","potions_obtained":[{"floor":1,"key":"SteroidPotion"},{"floor":14,"key":"Strength Potion"},{"floor":20,"key":"Explosive Potion"}],"is_trial":false,"path_per_floor":["M","?","$","?","?","R","M","M","T","R","$","M","$","M","R","B",null,"M","M","M","$","M"],"character_chosen":"THE_SILENT","items_purchased":["Blade Dance"],"campfire_rested":0,"item_purchase_floors":[13],"current_hp_per_floor":[70,53,53,58,58,58,58,58,58,58,58,58,58,58,58,31,75,62,40,10,10,0],"gold":140,"neow_bonus":"REMOVE_CARD","is_prod":false,"is_daily":false,"chose_seed":false,"campfire_upgraded":3,"win_rate":0,"timestamp":1567875244,"path_taken":["M","?","$","?","?","R","M","M","T","R","$","M","?","M","R","BOSS","M","M","M","$","M"],"build_version":"2019-07-17","purchased_purges":2,"victory":false,"max_hp_per_floor":[70,70,70,75,75,75,75,75,75,75,75,75,75,75,75,75,75,75,75,75,75,75],"card_choices":[{"not_picked":["Infinite Blades","Blade Dance"],"picked":"Dagger Spray","floor":1},{"not_picked":["PiercingWail","Deadly Poison"],"picked":"Cloak And Dagger","floor":7},{"not_picked":["Deflect","Sucker Punch","PiercingWail"],"picked":"SKIP","floor":8},{"not_picked":["Skewer","Backstab"],"picked":"Outmaneuver","floor":12},{"not_picked":["Outmaneuver","Dodge and Roll"],"picked":"Backflip","floor":14},{"not_picked":["Envenom","Wraith Form v2"],"picked":"Glass Knife","floor":16},{"not_picked":["Dodge and Roll+1","Riddle With Holes"],"picked":"Well Laid Plans","floor":18},{"not_picked":["Predator","Terror","Bouncing Flask"],"picked":"SKIP","floor":18},{"not_picked":["Underhanded Strike","Prepared"],"picked":"Dagger Throw+1","floor":19},{"not_picked":["Distraction+1","Skewer+1"],"picked":"Quick Slash","floor":19},{"not_picked":["Catalyst","Backflip"],"picked":"Accuracy+1","floor":20},{"not_picked":["Deflect","PiercingWail","Deadly Poison"],"picked":"SKIP","floor":20}],"player_experience":83926,"relics_obtained":[{"floor":9,"key":"Omamori"},{"floor":17,"key":"Smiling Mask"},{"floor":17,"key":"Pantograph"},{"floor":17,"key":"Prayer Wheel"}],"event_choices":[{"damage_healed":0,"gold_gain":0,"player_choice":"Take Damage","damage_taken":17,"relics_obtained":["Golden Idol"],"max_hp_gain":0,"max_hp_loss":0,"event_name":"Golden Idol","floor":2,"gold_loss":0},{"damage_healed":0,"gold_gain":0,"player_choice":"Donut","damage_taken":0,"max_hp_gain":5,"max_hp_loss":0,"event_name":"Big Fish","floor":4,"gold_loss":0},{"cards_removed":["Strike_G"],"damage_healed":0,"gold_gain":0,"player_choice":"Forget","damage_taken":0,"max_hp_gain":0,"max_hp_loss":0,"event_name":"Living Wall","floor":5,"gold_loss":0}],"is_beta":false,"boss_relics":[{"not_picked":["Lizard Tail","Empty Cage"],"picked":"Calling Bell"}],"items_purged_floors":[3,21],"is_endless":false,"potions_floor_spawned":[1,14,20],"killed_by":"Cultist and Chosen","ascension_level":0}