{"gold_per_floor":[18,118,131,142,68,68,85,85,133,167,38,57,72,104,104,209,209,220,52,52,68,80,80,80,95,95,108,108,133,133,161,161,261,261,281,294,294,294,307,307,39,39,64,74,88,10,27,27,27,27],"floor_reached":51,"playtime":3344,"items_purged":["Strike_B","Defend_B","Strike_B"],"score":701,"play_id":"4075e185-b889-49da-b774-4a5847bf988a","local_time":"20191002002323","is_ascension_mode":false,"campfire_choices":[{"data":"Static Discharge","floor":6,"key":"SMITH"},{"data":"Sweeping Beam","floor":8,"key":"SMITH"},{"floor":15,"key":"REST"},{"data":"Chill","floor":23,"key":"SMITH"},{"floor":28,"key":"REST"},{"floor":30,"key":"REST"},{"data":"Defragment","floor":32,"key":"SMITH"},{"data":"Consume","floor":40,"key":"SMITH"},{"data":"Sunder","floor":42,"key":"SMITH"},{"data":"Dualcast","floor":49,"key":"SMITH"}],"neow_cost":"NO_GOLD","seed_source_timestamp":1736389537795900,"circlet_count":0,"master_deck":["Strike_B","Defend_B","Defend_B","Zap","Dualcast+1","Sweeping Beam+1","Static Discharge+1","Cold Snap","Electrodynamics","Undo","Core Surge","Coolheaded","Glacier","Genetic Algorithm","Ball Lightning+1","Chill+1","Defragment+1","Reboot","Glacier","Consume+1","Sunder+1","Self Repair"],"relics":["Cracked Core","Vajra","DataDisk","Singing Bowl","Nuclear Battery","Bag of Marbles","Bottled Lightning","PreservedInsect","Velvet Choker","Dream Catcher"],"potions_floor_usage":[33,33,38,45,48],"damage_taken":[{"damage":4,"enemies":"2 Louse","floor":1,"turns":2},{"damage":1,"enemies":"Cultist","floor":3,"turns":3},{"damage":1,"enemies":"Jaw Worm","floor":4,"turns":3},{"damage":6,"enemies":"Gremlin Gang","floor":7,"turns":3},{"damage":17,"enemies":"Gremlin Nob","floor":10,"turns":4},{"damage":2,"enemies":"Blue Slaver","floor":12,"turns":3},{"damage":2,"enemies":"Large Slime","floor":13,"turns":4},{"damage":4,"enemies":"3 Sentries","floor":14,"turns":2},{"damage":9,"enemies":"The Guardian","floor":16,"turns":11},{"damage":7,"enemies":"Shell Parasite","floor":18,"turns":5},{"damage":0,"enemies":"Chosen","floor":21,"turns":4},{"damage":13,"enemies":"Shelled Parasite and Fungi","floor":22,"turns":6},{"damage":0,"enemies":"Centurion and Healer","floor":25,"turns":7},{"damage":12,"enemies":"Chosen and Byrds","floor":27,"turns":6},{"damage":21,"enemies":"Gremlin Leader","floor":29,"turns":4},{"damage":7,"enemies":"Book of Stabbing","floor":31,"turns":5},{"damage":28,"enemies":"Automaton","floor":33,"turns":10},{"damage":0,"enemies":"3 Darklings","floor":35,"turns":4},{"damage":0,"enemies":"Orb Walker","floor":36,"turns":2},{"damage":9,"enemies":"Maw","floor":39,"turns":10},{"damage":2,"enemies":"Jaw Worm Horde","floor":44,"turns":3},{"damage":7,"enemies":"Transient","floor":45,"turns":5},{"damage":2,"enemies":"3 Darklings","floor":47,"turns":4},{"damage":0,"enemies":"Maw","floor":48,"turns":7},{"damage":54,"enemies":"Awakened One","floor":50,"turns":19}],"seed_played":"-3678964351794988180","potions_obtained":[{"floor":1,"key":"Explosive Potion"},{"floor":4,"key":"FearPotion"},{"floor":7,"key":"Ancient Potion"},{"floor":12,"key":"Poison Potion"},{"floor":18,"key":"Swift Potion"},{"floor":25,"key":"PowerPotion"},{"floor":29,"key":"Fire Potion"},{"floor":33,"key":"Fruit Juice"},{"floor":39,"key":"SkillPotion"},{"floor":44,"key":"SmokeBomb"}],"is_trial":false,"path_per_floor":["M","?","M","M","$","R","M","R","T","E","$","M","M","E","R","B",null,"M","$","?","M","M","R","$","M","T","M","R","E","R","E","R","B",null,"M","M","?","?","M","R","$","R","T","M","M","$","M","M","R","B",null],"character_chosen":"DEFECT","items_purchased":["Electrodynamics","Coolheaded","Chill","Sunder","Regen Potion","Self Repair"],"campfire_rested":3,"item_purchase_floors":[5,11,19,41,41,46],"current_hp_per_floor":[71,71,70,69,69,69,63,63,63,46,46,44,42,38,60,51,75,68,68,61,63,52,52,52,54,54,44,68,47,71,66,66,38,85,85,87,83,88,79,79,79,79,79,79,85,85,92,94,94,47],"gold":27,"neow_bonus":"REMOVE_TWO","is_prod":false,"is_daily":false,"chose_seed":false,"campfire_upgraded":7,"win_rate":0,"timestamp":1569990203,"path_taken":["M","?","M","M","$","R","M","R","T","E","$","M","?","E","R","BOSS","M","$","?","?","M","R","$","M","T","M","R","E","R","E","R","BOSS","M","M","?","?","M","R","$","R","T","M","M","$","M","M","R","BOSS"],"build_version":"2019-07-17","purchased_purges":3,"victory":true,"max_hp_per_floor":[75,75,75,75,75,75,75,75,75,75,75,75,75,75,75,75,75,75,75,75,77,79,79,79,81,81,83,83,83,83,85,85,85,85,85,87,83,88,88,88,88,88,88,90,92,92,94,94,94,94],"card_choices":[{"not_picked":["White Noise","Tempest"],"picked":"Sweeping Beam","floor":1},{"not_picked":["Barrage","Force Field"],"picked":"Static Discharge","floor":3},{"not_picked":["Hologram","Coolheaded"],"picked":"Cold Snap","floor":4},{"not_picked":["Darkness","Leap"],"picked":"Undo","floor":7},{"not_picked":["Hologram","Streamline"],"picked":"Core Surge","floor":10},{"not_picked":["Loop","Redo"],"picked":"Glacier","floor":12},{"not_picked":["Hello World","Beam Cell","Barrage"],"picked":"SKIP","floor":13},{"not_picked":["Fusion","Turbo"],"picked":"Genetic Algorithm","floor":14},{"not_picked":["Rebound","Stack"],"picked":"Ball Lightning+1","floor":18},{"not_picked":["Redo","Force Field+1","Stack+1"],"picked":"Singing Bowl","floor":21},{"not_picked":["Sweeping Beam","Streamline","Hologram"],"picked":"Singing Bowl","floor":22},{"not_picked":["Streamline","Compile Driver","Ball Lightning+1"],"picked":"Singing Bowl","floor":25},{"not_picked":["Steam","Scrape","Loop"],"picked":"Singing Bowl","floor":27},{"not_picked":["BootSequence","Conserve Battery"],"picked":"Defragment","floor":29},{"not_picked":["Loop","Scrape","Force Field"],"picked":"Singing Bowl","floor":31},{"not_picked":["Rainbow","Core Surge"],"picked":"Reboot","floor":33},{"not_picked":["Lockon","Coolheaded+1"],"picked":"Glacier","floor":35},{"not_picked":["Turbo+1","Streamline+1","Darkness+1"],"picked":"Singing Bowl","floor":36},{"not_picked":["Storm","Heatsinks"],"picked":"Consume","floor":39},{"not_picked":["Gash","Fusion","Force Field"],"picked":"Singing Bowl","floor":44},{"not_picked":["Steam","Hello World","Storm"],"picked":"Singing Bowl","floor":45},{"not_picked":["Leap","Conserve Battery+1","Gash+1"],"picked":"Singing Bowl","floor":47}],"player_experience":317702,"relics_obtained":[{"floor":9,"key":"Vajra"},{"floor":10,"key":"DataDisk"},{"floor":14,"key":"Singing Bowl"},{"floor":26,"key":"Bag of Marbles"},{"floor":29,"key":"Bottled Lightning"},{"floor":31,"key":"PreservedInsect"},{"floor":43,"key":"Dream Catcher"}],"event_choices":[{"damage_healed":0,"gold_gain":100,"player_choice":"Pray","damage_taken":0,"max_hp_gain":0,"max_hp_loss":0,"event_name":"Golden Shrine","floor":2,"gold_loss":0},{"damage_healed":0,"gold_gain":0,"player_choice":"","damage_taken":7,"max_hp_gain":0,"max_hp_loss":0,"event_name":"Knowing Skull","floor":20,"potions_obtained":[],"gold_loss":0,"cards_obtained":[]},{"damage_healed":0,"gold_gain":0,"player_choice":"Max HP","damage_taken":0,"max_hp_gain":0,"max_hp_loss":4,"event_name":"Winding Halls","floor":37,"gold_loss":0},{"damage_healed":0,"gold_gain":0,"player_choice":"Ignored","damage_taken":0,"max_hp_gain":0,"max_hp_loss":0,"event_name":"Tomb of Lord Red Mask","floor":38,"gold_loss":0}],"is_beta":false,"boss_relics":[{"not_picked":["Ectoplasm","Eternal Feather"],"picked":"Nuclear Battery"},{"not_picked":["Runic Dome","Tiny House"],"picked":"Velvet Choker"}],"items_purged_floors":[11,19,41],"is_endless":false,"potions_floor_spawned":[1,4,7,12,18,25,27,29,33,39,44,48],"ascension_level":0}