{"gold_per_floor":[110,110,110,110,121,121,154,154,179,179,207,23,23,58,58,155,155,172,36,52,52,52,52,81,101,101,101,34,52,84,9,9,114,114,134,145,20,20,20,20,40,40,40,57,85,85,85,119,119,119],"floor_reached":51,"playtime":13588,"items_purged":["Strike_G","Strike_G","Strike_G"],"score":1154,"play_id":"ba60c99c-c680-4037-b860-e5cb94653a74","local_time":"20191006195459","is_ascension_mode":true,"campfire_choices":[{"data":"Noxious Fumes","floor":6.0,"key":"SMITH"},{"floor":8.0,"key":"REST"},{"floor":13.0,"key":"REST"},{"data":"Leg Sweep","floor":15.0,"key":"SMITH"},{"floor":23.0,"key":"RECALL"},{"data":"1","floor":27.0,"key":"LIFT"},{"data":"2","floor":32.0,"key":"LIFT"},{"data":"3","floor":40,"key":"LIFT"},{"floor":42,"key":"REST"},{"floor":47,"key":"REST"},{"floor":49,"key":"REST"}],"neow_cost":"NONE","seed_source_timestamp":0,"circlet_count":0,"master_deck":["Defend_G","Defend_G","Defend_G","Defend_G","Defend_G+1","Survivor+1","Neutralize","Noxious Fumes+1","Endless Agony","PiercingWail","All Out Attack","Dagger Throw","Backstab","Terror","Leg Sweep+1","Adrenaline","Leg Sweep","Noxious Fumes","Deadly Poison","Footwork+1","Cloak And Dagger","Adrenaline","Corpse Explosion","Well Laid Plans+1","Blade Dance+1","Flash of Steel","Master of Strategy","Thinking Ahead","Backflip","Blade Dance+1","Accuracy+1","Escape Plan"],"special_seed":0,"relics":["Ring of the Snake","Bag of Marbles","Pen Nib","Vajra","Ninja Scroll","Fusion Hammer","Nloth\u0027s Gift","Girya","Frozen Egg 2","Gremlin Horn","Philosopher\u0027s Stone","Pantograph","Centennial Puzzle","Dead Branch"],"potions_floor_usage":[44,50,50,50,50,50],"damage_taken":[{"damage":1.0,"enemies":"Cultist","floor":1.0,"turns":5.0},{"damage":0.0,"enemies":"Jaw Worm","floor":5.0,"turns":4.0},{"damage":23.0,"enemies":"Gremlin Nob","floor":7.0,"turns":5.0},{"damage":7.0,"enemies":"Lagavulin","floor":11.0,"turns":8.0},{"damage":0.0,"enemies":"Gremlin Nob","floor":14.0,"turns":2.0},{"damage":0.0,"enemies":"Slime Boss","floor":16.0,"turns":8.0},{"damage":0.0,"enemies":"Chosen","floor":18.0,"turns":2.0},{"damage":0.0,"enemies":"3 Byrds","floor":20.0,"turns":4.0},{"damage":12.0,"enemies":"Gremlin Leader","floor":24.0,"turns":5.0},{"damage":0.0,"enemies":"Snecko","floor":25.0,"turns":4.0},{"damage":0.0,"enemies":"Chosen and Byrds","floor":29.0,"turns":5.0},{"damage":0.0,"enemies":"Slavers","floor":30.0,"turns":6.0},{"damage":17.0,"enemies":"Collector","floor":33.0,"turns":9.0},{"damage":0,"enemies":"Orb Walker","floor":35,"turns":2},{"damage":0,"enemies":"3 Shapes","floor":36,"turns":1},{"damage":3,"enemies":"Maw","floor":41,"turns":6},{"damage":7,"enemies":"Spire Growth","floor":44,"turns":4},{"damage":1,"enemies":"Giant Head","floor":45,"turns":5},{"damage":2,"enemies":"Nemesis","floor":48,"turns":3},{"damage":0,"enemies":"Awakened One","floor":50,"turns":8}],"seed_played":"-1863700745683253241","potions_obtained":[{"floor":5.0,"key":"Ancient Potion"},{"floor":14.0,"key":"SkillPotion"},{"floor":20.0,"key":"Swift Potion"},{"floor":24.0,"key":"Weak Potion"},{"floor":33.0,"key":"EntropicBrew"},{"floor":36,"key":"SkillPotion"},{"floor":41,"key":"AttackPotion"},{"floor":44,"key":"Fire Potion"},{"floor":48,"key":"EssenceOfSteel"}],"is_trial":false,"path_per_floor":["M","?","?","?","M","R","E","R","T","?","E","$","R","E","R","B",null,"M","$","M","?","?","R","E","M","T","R","$","M","E","?","R","B",null,"M","M","$","?","?","R","M","R","T","M","E","$","R","E","R","B",null],"character_chosen":"THE_SILENT","items_purchased":["Backstab","Terror","Noxious Fumes","Footwork+1"],"campfire_rested":5,"item_purchase_floors":[12,12,19,28],"current_hp_per_floor":[62,67,67,64,64,64,41,63,63,48,41,41,63,63,63,63,72,72,72,72,72,72,72,60,60,60,60,60,60,60,60,60,43,67,67,67,67,57,57,57,54,71,71,64,63,63,71,69,71,71],"gold":119,"neow_bonus":"THREE_CARDS","is_prod":false,"is_daily":false,"chose_seed":false,"campfire_upgraded":2,"win_rate":0,"timestamp":1570380899,"path_taken":["M","?","?","?","M","R","E","R","T","?","E","?","R","E","R","BOSS","M","$","M","?","?","R","E","?","T","R","$","M","E","?","R","BOSS","M","M","$","?","?","R","M","R","T","?","E","?","R","E","R","BOSS"],"build_version":"2019-07-17","purchased_purges":3,"victory":true,"max_hp_per_floor":[70,75,75,75,75,75,75,75,75,75,75,75,75,75,75,75,75,75,75,75,75,75,75,75,75,75,75,75,75,75,75,75,75,75,75,75,75,75,71,71,71,71,71,71,71,71,71,71,71,71],"card_choices":[{"not_picked":["Flying Knee","PiercingWail"],"picked":"Noxious Fumes","floor":0.0},{"not_picked":["Flying Knee","Underhanded Strike","Eviscerate"],"picked":"SKIP","floor":1.0},{"not_picked":["Expertise","Dagger Spray"],"picked":"PiercingWail","floor":5.0},{"not_picked":["Eviscerate","Outmaneuver"],"picked":"All Out Attack","floor":7.0},{"not_picked":["Underhanded Strike","PiercingWail"],"picked":"Dagger Throw","floor":11.0},{"not_picked":["Deflect","Backstab"],"picked":"Leg Sweep","floor":14.0},{"not_picked":["A Thousand Cuts","Grand Finale"],"picked":"Adrenaline","floor":16.0},{"not_picked":["Concentrate","Quick Slash"],"picked":"Leg Sweep","floor":18.0},{"not_picked":["Bane","Endless Agony","Eviscerate"],"picked":"SKIP","floor":20.0},{"not_picked":["Infinite Blades","Glass Knife"],"picked":"Deadly Poison","floor":24.0},{"not_picked":["All Out Attack","Underhanded Strike","Eviscerate+1"],"picked":"SKIP","floor":25.0},{"not_picked":["Underhanded Strike","Accuracy+1"],"picked":"Cloak And Dagger","floor":29.0},{"not_picked":["Outmaneuver","Grand Finale"],"picked":"Adrenaline","floor":30.0},{"not_picked":["Adrenaline","Doppelganger"],"picked":"Corpse Explosion","floor":33.0},{"not_picked":["Bane","All Out Attack+1"],"picked":"Well Laid Plans+1","floor":35},{"not_picked":["Underhanded Strike","Prepared"],"picked":"Blade Dance+1","floor":36},{"not_picked":["Blind","Transmutation"],"picked":"Flash of Steel","floor":38},{"not_picked":["Panacea","Good Instincts"],"picked":"Master of Strategy","floor":38},{"not_picked":["Dramatic Entrance","Swift Strike"],"picked":"Thinking Ahead","floor":38},{"not_picked":["Cloak And Dagger","Deadly Poison"],"picked":"Backflip","floor":41},{"not_picked":["Dodge and Roll","Flying Knee+1"],"picked":"Blade Dance+1","floor":44},{"not_picked":["Flechettes","Malaise"],"picked":"Accuracy+1","floor":45},{"not_picked":["Dodge and Roll","Leg Sweep"],"picked":"Escape Plan","floor":48}],"player_experience":380565,"relics_obtained":[{"floor":7.0,"key":"Pen Nib"},{"floor":9.0,"key":"Juzu Bracelet"},{"floor":11.0,"key":"Vajra"},{"floor":14.0,"key":"Ninja Scroll"},{"floor":24.0,"key":"Girya"},{"floor":26.0,"key":"Frozen Egg 2"},{"floor":30.0,"key":"Gremlin Horn"},{"floor":43,"key":"Pantograph"},{"floor":45,"key":"Centennial Puzzle"},{"floor":48,"key":"Dead Branch"}],"event_choices":[{"damage_healed":0.0,"max_hp_gain":5.0,"max_hp_loss":0.0,"gold_gain":0.0,"event_name":"Big Fish","player_choice":"Donut","floor":2.0,"gold_loss":0.0,"damage_taken":0.0},{"damage_healed":0.0,"max_hp_gain":0.0,"max_hp_loss":0.0,"gold_gain":0.0,"cards_transformed":["Strike_G"],"event_name":"Living Wall","player_choice":"Change","floor":3.0,"gold_loss":0.0,"damage_taken":0.0,"cards_obtained":["Endless Agony"]},{"damage_healed":0.0,"max_hp_gain":0.0,"max_hp_loss":0.0,"gold_gain":0.0,"event_name":"Scrap Ooze","player_choice":"Success","floor":4.0,"gold_loss":0.0,"damage_taken":3.0,"relics_obtained":["Bag of Marbles"]},{"damage_healed":0.0,"max_hp_gain":0.0,"max_hp_loss":0.0,"gold_gain":0.0,"event_name":"Shining Light","player_choice":"Entered Light","floor":10.0,"gold_loss":0.0,"damage_taken":15.0,"cards_upgraded":["Survivor","Defend_G"]},{"damage_healed":0.0,"max_hp_gain":0.0,"max_hp_loss":0.0,"gold_gain":0.0,"event_name":"Vampires","player_choice":"Ignored","floor":21.0,"gold_loss":0.0,"damage_taken":0.0},{"damage_healed":0.0,"max_hp_gain":0.0,"max_hp_loss":0.0,"gold_gain":0.0,"event_name":"N\u0027loth","player_choice":"Traded Relic","floor":22.0,"relics_lost":["Juzu Bracelet"],"gold_loss":0.0,"damage_taken":0.0,"relics_obtained":["Nloth\u0027s Gift"]},{"cards_removed":["Strike_G"],"damage_healed":0.0,"max_hp_gain":0.0,"max_hp_loss":0.0,"gold_gain":0.0,"event_name":"Beggar","player_choice":"Gave Gold","floor":31.0,"gold_loss":75.0,"damage_taken":0.0},{"damage_healed":0,"gold_gain":0,"player_choice":"Memory 3","damage_taken":10,"max_hp_gain":0,"max_hp_loss":0,"event_name":"SensoryStone","floor":38,"gold_loss":0},{"damage_healed":0,"gold_gain":0,"player_choice":"Max HP","damage_taken":0,"max_hp_gain":0,"max_hp_loss":4,"event_name":"Winding Halls","floor":39,"gold_loss":0}],"is_beta":false,"boss_relics":[{"not_picked":["White Beast Statue","Tiny House"],"picked":"Fusion Hammer"},{"not_picked":["Busted Crown","Runic Pyramid"],"picked":"Philosopher\u0027s Stone"}],"items_purged_floors":[12,19,37],"is_endless":false,"potions_floor_spawned":[5,14,20,24,33,36,41,44,48],"ascension_level":7}