{"gold_per_floor":[110,35,50,50,66,66,93,93],"floor_reached":8,"playtime":632,"items_purged":["Normality"],"score":62,"play_id":"a300a79f-7783-41ea-87eb-9866a36743cf","local_time":"20190117121356","is_ascension_mode":true,"campfire_choices":[{"data":"Strike_R","floor":6,"key":"PURGE"}],"neow_cost":"CURSE","seed_source_timestamp":5941453893638,"circlet_count":0,"master_deck":["Strike_R","Strike_R","Strike_R","Strike_R","Defend_R","Defend_R","Defend_R","Defend_R","Bash","True Grit","Flame Barrier+1","Havoc+1"],"relics":["Burning Blood","Peace Pipe","Toxic Egg 2","Bottled Flame"],"potions_floor_usage":[8],"damage_taken":[{"damage":6,"enemies":"2 Louse","floor":1,"turns":3},{"damage":1,"enemies":"Jaw Worm","floor":3,"turns":7},{"damage":0,"enemies":"Small Slimes","floor":5,"turns":4},{"damage":57,"enemies":"Lagavulin","floor":7,"turns":13},{"damage":7,"enemies":"The Mushroom Lair","floor":8,"turns":5}],"seed_played":"8194605699769545458","potions_obtained":[{"floor":5,"key":"Swift Potion"}],"is_trial":false,"path_per_floor":["M","$","M","?","M","R","E","?"],"character_chosen":"IRONCLAD","items_purchased":[],"campfire_rested":0,"item_purchase_floors":[],"current_hp_per_floor":[80,80,80,55,61,61,10,3],"gold":93,"neow_bonus":"ONE_RARE_RELIC","is_prod":false,"is_daily":false,"chose_seed":false,"campfire_upgraded":0,"win_rate":0,"timestamp":1547745236,"path_taken":["M","$","M","?","M","R","E","?"],"build_version":"2019-01-10","purchased_purges":1,"victory":false,"max_hp_per_floor":[80,80,80,80,80,80,80,80],"card_choices":[{"not_picked":["Flex","Heavy Blade"],"picked":"True Grit","floor":1},{"not_picked":["Heavy Blade","Spot Weakness","Bludgeon"],"picked":"SKIP","floor":3},{"not_picked":["Power Through+1","Cleave"],"picked":"Flame Barrier+1","floor":5},{"not_picked":["Clothesline","Havoc+1","Sword Boomerang"],"picked":"SKIP","floor":7},{"not_picked":["Clothesline","Sword Boomerang"],"picked":"Havoc+1","floor":7}],"player_experience":65367,"relics_obtained":[{"floor":7,"key":"Bottled Flame"}],"event_choices":[{"damage_healed":0,"gold_gain":0,"player_choice":"Success","damage_taken":25,"relics_obtained":["Toxic Egg 2"],"max_hp_gain":0,"max_hp_loss":0,"event_name":"Scrap Ooze","floor":4,"gold_loss":0},{"damage_healed":0,"gold_gain":0,"player_choice":"Fought Mushrooms","damage_taken":0,"max_hp_gain":0,"max_hp_loss":0,"event_name":"Mushrooms","floor":8,"gold_loss":0}],"is_beta":false,"boss_relics":[],"items_purged_floors":[2],"is_endless":false,"potions_floor_spawned":[5],"killed_by":"The Mushroom Lair","ascension_level":2}