{"gold_per_floor":[11,22,22,40,60,115,135,164,164,178,178,193,193,368,368,464,464,484,484,484,501,501,513,513,219,219,251,251,251],"floor_reached":29,"playtime":4195,"items_purged":["Pride"],"score":255,"play_id":"291face0-b7b8-4a3e-a9a9-647da0b32509","local_time":"20180628170342","is_ascension_mode":false,"campfire_choices":[{"data":"Barricade","floor":11,"key":"SMITH"},{"data":"Armaments","floor":13,"key":"SMITH"},{"data":"True Grit","floor":15,"key":"SMITH"},{"data":"Body Slam","floor":24,"key":"SMITH"},{"data":"Iron Wave","floor":28,"key":"SMITH"}],"neow_cost":"NO_GOLD","seed_source_timestamp":7981097037418,"circlet_count":0,"master_deck":["Strike_R","Strike_R","Strike_R","Strike_R","Defend_R","Defend_R","Defend_R+1","Defend_R+1","Bash","Armaments+1","Iron Wave+1","Anger","Barricade+1","Headbutt","Body Slam+1","True Grit+1","Sentinel","Doubt","Normality","Parasite","Iron Wave","Body Slam","Body Slam","Sentinel+1","Metallicize"],"relics":["Burning Blood","Turnip","Tiny Chest","Potion Belt","Letter Opener","Calling Bell","Boot","Kunai","Charon\u0027s Ashes","Self Forming Clay","War Paint","Oddly Smooth Stone","Toxic Egg 2"],"potions_floor_usage":[6,10,16,16,23,29],"damage_taken":[{"damage":7,"enemies":"Small Slimes","floor":1,"turns":4},{"damage":5,"enemies":"Cultist","floor":2,"turns":4},{"damage":3,"enemies":"Jaw Worm","floor":4,"turns":4},{"damage":5,"enemies":"Lots of Slimes","floor":5,"turns":7},{"damage":17,"enemies":"3 Sentries","floor":6,"turns":9},{"damage":11,"enemies":"Gremlin Gang","floor":7,"turns":7},{"damage":24,"enemies":"Gremlin Nob","floor":8,"turns":5},{"damage":19,"enemies":"Large Slime","floor":10,"turns":6},{"damage":7,"enemies":"Blue Slaver","floor":12,"turns":4},{"damage":31,"enemies":"The Guardian","floor":16,"turns":14},{"damage":24,"enemies":"Chosen","floor":18,"turns":7},{"damage":4,"enemies":"Spheric Guardian","floor":21,"turns":8},{"damage":11,"enemies":"Cultist and Chosen","floor":23,"turns":9},{"damage":37,"enemies":"Gremlin Leader","floor":27,"turns":11},{"damage":32,"enemies":"Book of Stabbing","floor":29,"turns":8}],"seed_played":"6802057132018063855","potions_obtained":[{"floor":2,"key":"BloodPotion"},{"floor":5,"key":"LiquidBronze"},{"floor":7,"key":"SteroidPotion"},{"floor":10,"key":"Strength Potion"},{"floor":21,"key":"AttackPotion"},{"floor":27,"key":"Energy Potion"}],"is_trial":false,"path_per_floor":["M","M","?","M","M","E","M","E","T","M","R","M","R","?","R","B",null,"M","?","?","M","T","M","R","$","T","E","R"],"character_chosen":"IRONCLAD","items_purchased":["War Paint","Metallicize"],"campfire_rested":0,"item_purchase_floors":[25,25],"current_hp_per_floor":[79,80,80,80,80,69,64,46,46,33,33,32,32,32,32,15,80,62,62,62,64,64,59,59,59,59,28,28,0],"gold":251,"neow_bonus":"ONE_RARE_RELIC","is_prod":false,"is_daily":false,"chose_seed":false,"campfire_upgraded":5,"win_rate":0,"timestamp":1530198222,"path_taken":["M","M","?","?","M","E","M","E","T","M","R","?","R","?","R","BOSS","M","?","?","M","?","M","R","$","T","E","R","E"],"build_version":"2018-06-21v2","purchased_purges":1,"victory":false,"max_hp_per_floor":[80,80,80,80,80,80,80,80,80,80,80,80,80,80,80,80,80,80,80,80,80,80,80,80,80,80,80,80,80],"card_choices":[{"not_picked":["True Grit","Flex"],"picked":"Armaments","floor":1},{"not_picked":["Body Slam","True Grit"],"picked":"Iron Wave","floor":2},{"not_picked":["Body Slam","Shockwave"],"picked":"Barricade","floor":4},{"not_picked":["Pummel","Clash"],"picked":"Headbutt","floor":5},{"not_picked":["Flex","Cleave"],"picked":"Body Slam","floor":6},{"not_picked":["Cleave","Iron Wave"],"picked":"True Grit","floor":7},{"not_picked":["Rampage","Headbutt","Second Wind"],"picked":"SKIP","floor":8},{"not_picked":["Wild Strike","Fire Breathing","Feel No Pain"],"picked":"SKIP","floor":10},{"not_picked":["Corruption","Sword Boomerang"],"picked":"Sentinel","floor":12},{"not_picked":["Intimidate","Carnage"],"picked":"Iron Wave","floor":18},{"not_picked":["Sword Boomerang","Cleave"],"picked":"Body Slam","floor":21},{"not_picked":["Shrug It Off","True Grit"],"picked":"Sentinel+1","floor":23},{"not_picked":["Warcry+1","Disarm+1","Hemokinesis"],"picked":"SKIP","floor":27}],"player_experience":209743,"relics_obtained":[{"floor":6,"key":"Tiny Chest"},{"floor":8,"key":"Potion Belt"},{"floor":9,"key":"Letter Opener"},{"floor":17,"key":"Boot"},{"floor":17,"key":"Kunai"},{"floor":17,"key":"Charon\u0027s Ashes"},{"floor":22,"key":"Self Forming Clay"},{"floor":26,"key":"Oddly Smooth Stone"},{"floor":27,"key":"Toxic Egg 2"}],"event_choices":[{"event_name":"Transmorgrifier","player_choice":"Transform","floor":3,"damage_taken":0},{"event_name":"Liars Game","player_choice":"agreed","floor":14,"damage_taken":0},{"event_name":"Drug Dealer","player_choice":"Ignored","floor":19,"damage_taken":0},{"event_name":"The Library","player_choice":"Read","floor":20,"damage_taken":0}],"boss_relics":[{"not_picked":["Lizard Tail","Busted Crown"],"picked":"Calling Bell"}],"items_purged_floors":[25],"is_endless":false,"potions_floor_spawned":[2,5,7,10,21,27],"killed_by":"Book of Stabbing","ascension_level":0}