{"gold_per_floor":[113,188,205,219,237,237,187,219,219,219,233,253,253,271,271,271],"floor_reached":16,"playtime":1139,"items_purged":[],"score":104,"play_id":"76eb90f4-c502-45ce-aa80-38c9381df089","local_time":"20190128174015","is_ascension_mode":false,"campfire_choices":[{"floor":6,"key":"REST"},{"floor":10,"key":"REST"},{"data":"Neutralize","floor":15,"key":"SMITH"}],"neow_cost":"NONE","seed_source_timestamp":1163723657344700,"circlet_count":0,"master_deck":["Defend_G","Defend_G","Defend_G","Defend_G","Defend_G","Strike_G","Strike_G","Strike_G","Strike_G","Survivor","Neutralize+1","Panacea","Blade Dance","Well Laid Plans","Caltrops","PiercingWail","Backstab+1","Burst","Outmaneuver"],"relics":["Ring of the Snake","Bottled Flame","Molten Egg 2"],"potions_floor_usage":[5,16,16],"damage_taken":[{"damage":7,"enemies":"Jaw Worm","floor":1,"turns":7},{"damage":7,"enemies":"Small Slimes","floor":3,"turns":3},{"damage":4,"enemies":"2 Louse","floor":4,"turns":2},{"damage":12,"enemies":"Exordium Thugs","floor":5,"turns":3},{"damage":34,"enemies":"Lagavulin","floor":8,"turns":13},{"damage":0,"enemies":"3 Louse","floor":11,"turns":4},{"damage":2,"enemies":"2 Fungi Beasts","floor":12,"turns":4},{"damage":0,"enemies":"Blue Slaver","floor":14,"turns":4},{"damage":62,"enemies":"Slime Boss","floor":16,"turns":9}],"seed_played":"1699737916475263981","potions_obtained":[{"floor":1,"key":"AttackPotion"},{"floor":4,"key":"LiquidBronze"},{"floor":11,"key":"Explosive Potion"},{"floor":12,"key":"Ancient Potion"}],"is_trial":false,"path_per_floor":["M","?","M","M","M","R","?","E","T","R","M","M","?","M","R","B"],"character_chosen":"THE_SILENT","items_purchased":[],"campfire_rested":2,"item_purchase_floors":[],"current_hp_per_floor":[63,52,45,41,29,50,50,16,16,37,37,35,58,58,58,0],"gold":271,"neow_bonus":"RANDOM_COLORLESS","is_prod":false,"is_daily":false,"chose_seed":false,"campfire_upgraded":1,"win_rate":0.0,"timestamp":1548715215,"path_taken":["M","?","M","M","M","R","?","E","T","R","M","M","?","M","R","BOSS"],"build_version":"2019-01-23","purchased_purges":0,"victory":false,"max_hp_per_floor":[70,70,70,70,70,70,70,70,70,70,70,70,70,70,70,70],"card_choices":[{"not_picked":["Underhanded Strike","Slice"],"picked":"Blade Dance","floor":1},{"not_picked":["Slice","Prepared"],"picked":"Well Laid Plans","floor":3},{"not_picked":["Sucker Punch","Bane"],"picked":"Caltrops","floor":4},{"not_picked":["Footwork","Outmaneuver"],"picked":"PiercingWail","floor":5},{"not_picked":["Poisoned Stab","Deadly Poison","Masterful Stab"],"picked":"SKIP","floor":8},{"not_picked":["Masterful Stab+1","Dagger Throw+1"],"picked":"Backstab+1","floor":11},{"not_picked":["Sucker Punch+1","Noxious Fumes"],"picked":"Burst","floor":12},{"not_picked":["Prepared","Deflect"],"picked":"Outmaneuver","floor":14}],"player_experience":40079,"relics_obtained":[{"floor":8,"key":"Bottled Flame"},{"floor":9,"key":"Molten Egg 2"}],"event_choices":[{"damage_healed":0,"gold_gain":75,"player_choice":"Gather Gold","damage_taken":11,"max_hp_gain":0,"max_hp_loss":0,"event_name":"World of Goop","floor":2,"gold_loss":0},{"cards_removed":["Strike_G"],"damage_healed":0,"gold_gain":0,"player_choice":"Card Removal","damage_taken":0,"max_hp_gain":0,"max_hp_loss":0,"event_name":"The Cleric","floor":7,"gold_loss":50},{"damage_healed":23,"gold_gain":0,"player_choice":"Banana","damage_taken":0,"max_hp_gain":0,"max_hp_loss":0,"event_name":"Big Fish","floor":13,"gold_loss":0}],"is_beta":false,"boss_relics":[],"items_purged_floors":[],"is_endless":false,"potions_floor_spawned":[1,4,11,12],"killed_by":"Slime Boss","ascension_level":0}