{"gold_per_floor":[109,109,109,109,74,107,107,107,134,150,165,165,340,33,33,163,163,176,197,211,136,51,51,11,11,11,23,35,146,158,206,218,230],"floor_reached":33,"playtime":1104,"items_purged":["Doubt"],"score":409,"play_id":"62638102-0292-41a8-95cf-220d892a6065","local_time":"20190201143344","is_ascension_mode":true,"campfire_choices":[{"data":"Zap","floor":7,"key":"SMITH"},{"data":"Scrape","floor":15,"key":"SMITH"},{"floor":23,"key":"REST"},{"floor":27,"key":"REST"},{"data":"Echo Form","floor":32,"key":"SMITH"}],"neow_cost":"NONE","seed_source_timestamp":6035426700830,"circlet_count":0,"master_deck":["Strike_B","Strike_B","Strike_B","Defend_B+1","Defend_B","Defend_B+1","Defend_B","Zap+1","Dualcast","Go for the Eyes","Sweeping Beam","Coolheaded","Beam Cell","Finesse","Scrape+1","Echo Form+1","Sweeping Beam","Coolheaded","Genetic Algorithm","FTL","Writhe","Electrodynamics"],"relics":["Cracked Core","NeowsBlessing","Ice Cream","Bag of Preparation","Art of War","Golden Idol","DataDisk","Nuclear Battery","Anchor","MutagenicStrength","MawBank","Dream Catcher","Blood Vial"],"potions_floor_usage":[31,33],"damage_taken":[{"damage":0,"enemies":"Cultist","floor":1,"turns":1},{"damage":0,"enemies":"Gremlin Nob","floor":6,"turns":1},{"damage":0,"enemies":"2 Louse","floor":10,"turns":1},{"damage":0,"enemies":"Small Slimes","floor":11,"turns":2},{"damage":23,"enemies":"The Guardian","floor":16,"turns":11},{"damage":5,"enemies":"3 Byrds","floor":18,"turns":5},{"damage":15,"enemies":"Spheric Guardian","floor":19,"turns":4},{"damage":38,"enemies":"3 Cultists","floor":20,"turns":5},{"damage":7,"enemies":"Book of Stabbing","floor":31,"turns":4},{"damage":52,"enemies":"Champ","floor":33,"turns":17}],"seed_played":"-1681574791508512623","potions_obtained":[{"floor":10,"key":"SteroidPotion"},{"floor":11,"key":"Block Potion"},{"floor":16,"key":"PowerPotion"}],"is_trial":false,"path_per_floor":["M","?","?","?","?","E","R","?","T","M","M","?","?","$","R","B",null,"M","M","M","$","?","R","$","?","T","R","$","?","?","E","R","B"],"character_chosen":"DEFECT","items_purchased":["DataDisk","Finesse","Scrape","FTL"],"campfire_rested":2,"item_purchase_floors":[14,14,14,24],"current_hp_per_floor":[68,68,53,46,64,64,64,64,64,64,64,46,46,46,46,23,62,57,42,4,4,4,26,26,26,26,48,48,48,48,41,41,0],"gold":230,"neow_bonus":"THREE_ENEMY_KILL","is_prod":false,"is_daily":false,"chose_seed":false,"campfire_upgraded":3,"win_rate":0,"timestamp":1549010024,"path_taken":["M","?","?","?","?","E","R","?","T","?","M","?","?","?","R","BOSS","M","M","M","$","?","R","$","?","T","R","?","?","?","E","R","BOSS"],"build_version":"2019-01-23","purchased_purges":1,"victory":false,"max_hp_per_floor":[75,75,75,75,75,75,75,75,75,75,75,75,75,75,75,75,75,75,75,75,75,75,75,75,75,75,75,75,75,75,75,75,75],"card_choices":[{"not_picked":["Hologram","Skim"],"picked":"Go for the Eyes","floor":1},{"not_picked":["Reinforced Body","Turbo"],"picked":"Sweeping Beam","floor":6},{"not_picked":["Streamline","Fusion"],"picked":"Coolheaded","floor":10},{"not_picked":["Streamline","Stack"],"picked":"Beam Cell","floor":11},{"not_picked":["Machine Learning","Amplify"],"picked":"Echo Form","floor":16},{"not_picked":["Barrage+1","Self Repair"],"picked":"Sweeping Beam","floor":18},{"not_picked":["Leap","Rebound"],"picked":"Coolheaded","floor":19},{"not_picked":["Sunder","Sweeping Beam"],"picked":"Genetic Algorithm","floor":20},{"not_picked":["Hologram+1","Gash"],"picked":"Electrodynamics","floor":31}],"player_experience":709511,"relics_obtained":[{"floor":6,"key":"Bag of Preparation"},{"floor":9,"key":"Art of War"},{"floor":26,"key":"MawBank"},{"floor":31,"key":"Blood Vial"}],"event_choices":[{"damage_healed":0,"gold_gain":0,"player_choice":"Box","damage_taken":0,"relics_obtained":["Ice Cream"],"max_hp_gain":0,"max_hp_loss":0,"event_name":"Big Fish","floor":2,"gold_loss":0,"cards_obtained":["Regret"]},{"damage_healed":0,"gold_gain":0,"player_choice":"Entered Light","damage_taken":15,"max_hp_gain":0,"max_hp_loss":0,"event_name":"Shining Light","floor":3,"gold_loss":0,"cards_upgraded":["Defend_B","Defend_B"]},{"cards_removed":["Regret"],"damage_healed":0,"gold_gain":0,"player_choice":"Card Removal","damage_taken":7,"max_hp_gain":0,"max_hp_loss":0,"event_name":"Golden Wing","floor":4,"gold_loss":0},{"damage_healed":18,"gold_gain":0,"player_choice":"Healed","damage_taken":0,"max_hp_gain":0,"max_hp_loss":0,"event_name":"The Cleric","floor":5,"gold_loss":35},{"cards_removed":["Strike_B"],"damage_healed":0,"gold_gain":0,"player_choice":"Purged","damage_taken":0,"max_hp_gain":0,"max_hp_loss":0,"event_name":"Purifier","floor":8,"gold_loss":0},{"damage_healed":0,"gold_gain":0,"player_choice":"Take Damage","damage_taken":18,"relics_obtained":["Golden Idol"],"max_hp_gain":0,"max_hp_loss":0,"event_name":"Golden Idol","floor":12,"gold_loss":0},{"damage_healed":0,"gold_gain":175,"player_choice":"AGREE","damage_taken":0,"max_hp_gain":0,"max_hp_loss":0,"event_name":"Liars Game","floor":13,"gold_loss":0,"cards_obtained":["Doubt"]},{"damage_healed":0,"gold_gain":0,"player_choice":"Obtained Relic","damage_taken":0,"relics_obtained":["Anchor"],"max_hp_gain":0,"max_hp_loss":0,"event_name":"Addict","floor":22,"gold_loss":85},{"damage_healed":0,"gold_gain":0,"player_choice":"Inject Mutagens","damage_taken":0,"relics_obtained":["MutagenicStrength"],"max_hp_gain":0,"max_hp_loss":0,"event_name":"Drug Dealer","floor":25,"gold_loss":0},{"damage_healed":0,"gold_gain":99,"player_choice":"Stole From Cult","damage_taken":0,"max_hp_gain":0,"max_hp_loss":0,"event_name":"Nest","floor":29,"gold_loss":0},{"damage_healed":0,"gold_gain":0,"player_choice":"Opened","damage_taken":0,"relics_obtained":["Dream Catcher"],"max_hp_gain":0,"max_hp_loss":0,"event_name":"The Mausoleum","floor":30,"gold_loss":0,"cards_obtained":["Writhe"]}],"is_beta":false,"boss_relics":[{"not_picked":["Snecko Eye","Ectoplasm"],"picked":"Nuclear Battery"}],"items_purged_floors":[21],"is_endless":false,"potions_floor_spawned":[10,11,16,20],"killed_by":"Champ","ascension_level":9}