{"gold_per_floor":[111,111,129,142,156,156,182,182,235,255,255,180,240,255,255,350,350,365,112,35,35,53,53,53,53,80,80,106,118,151,169,169,169],"floor_reached":33,"playtime":2519,"items_purged":["Strike_B","Defend_B"],"score":285,"play_id":"5bdeaacf-755e-4dff-810f-6d51a596dea4","local_time":"20180626222035","is_ascension_mode":false,"campfire_choices":[{"data":"Genetic Algorithm","floor":6,"key":"SMITH"},{"data":"Sweeping Beam","floor":8,"key":"SMITH"},{"data":"Sweeping Beam","floor":11,"key":"SMITH"},{"data":"Static Discharge","floor":15,"key":"SMITH"},{"data":"Zap","floor":23,"key":"SMITH"},{"data":"Double Energy","floor":25,"key":"SMITH"},{"data":"Dualcast","floor":27,"key":"SMITH"},{"floor":32,"key":"REST"}],"neow_cost":"NONE","seed_source_timestamp":6913777947943,"circlet_count":0,"master_deck":["Strike_B+1","Strike_B+1","Defend_B","Defend_B","Zap+1","Dualcast+1","Sweeping Beam+1","Genetic Algorithm+1","Hologram","Conserve Battery+1","Double Energy+1","Sweeping Beam+1","Rebound","Static Discharge+1","Rainbow+1","Cold Snap+1","J.A.X.","Rebound+1","Skim","Conserve Battery+1","Hologram"],"relics":["Cracked Core","Bronze Scales","Mercury Hourglass","Whetstone","Boot","Empty Cage","Oddly Smooth Stone","Blood Vial","War Paint","Happy Flower"],"potions_floor_usage":[7,13,13,16,16,33,33],"damage_taken":[{"damage":0,"enemies":"Cultist","floor":1,"turns":4},{"damage":3,"enemies":"2 Louse","floor":3,"turns":2},{"damage":4,"enemies":"Small Slimes","floor":4,"turns":3},{"damage":12,"enemies":"Looter","floor":5,"turns":3},{"damage":19,"enemies":"Lagavulin","floor":7,"turns":6},{"damage":0,"enemies":"3 Louse","floor":10,"turns":2},{"damage":2,"enemies":"Gremlin Nob","floor":13,"turns":3},{"damage":0,"enemies":"Large Slime","floor":14,"turns":4},{"damage":12,"enemies":"Slime Boss","floor":16,"turns":7},{"damage":13,"enemies":"Spheric Guardian","floor":18,"turns":3},{"damage":2,"enemies":"2 Thieves","floor":22,"turns":3},{"damage":20,"enemies":"Gremlin Leader","floor":28,"turns":7},{"damage":1,"enemies":"Centurion and Healer","floor":29,"turns":6},{"damage":27,"enemies":"Book of Stabbing","floor":30,"turns":5},{"damage":12,"enemies":"Slaver and Parasite","floor":31,"turns":5},{"damage":41,"enemies":"Automaton","floor":33,"turns":6}],"seed_played":"2654184349156224535","potions_obtained":[{"floor":4,"key":"Fire Potion"},{"floor":7,"key":"Strength Potion"},{"floor":10,"key":"Poison Potion"},{"floor":13,"key":"Energy Potion"},{"floor":14,"key":"Dexterity Potion"},{"floor":30,"key":"FearPotion"},{"floor":31,"key":"Fire Potion"}],"is_trial":false,"path_per_floor":["M","?","M","M","M","R","E","R","T","M","R","$","?","M","R","B",null,"M","$","?","$","M","R","?","R","T","R","E","M","E","M","R"],"character_chosen":"DEFECT","items_purchased":["Oddly Smooth Stone"],"campfire_rested":1,"item_purchase_floors":[19],"current_hp_per_floor":[75,75,72,68,56,56,37,37,37,37,37,37,35,35,35,23,75,62,62,62,62,60,60,60,60,60,60,42,43,18,8,30,0],"gold":169,"neow_bonus":"RANDOM_COMMON_RELIC","is_prod":false,"is_daily":false,"chose_seed":false,"campfire_upgraded":7,"win_rate":0,"timestamp":1530044435,"path_taken":["M","?","M","M","?","R","E","R","T","M","R","$","?","M","R","BOSS","M","$","?","$","M","R","?","R","T","R","E","M","E","?","R","BOSS"],"build_version":"2018-06-21v2","purchased_purges":2,"victory":false,"max_hp_per_floor":[75,75,75,75,75,75,75,75,75,75,75,75,75,75,75,75,75,75,75,75,75,75,75,75,75,75,75,75,75,75,75,75,75],"card_choices":[{"not_picked":["BootSequence","Steam"],"picked":"Sweeping Beam","floor":1},{"not_picked":["Hello World","Darkness"],"picked":"Genetic Algorithm","floor":3},{"not_picked":["Compile Driver","Gash"],"picked":"Hologram","floor":4},{"not_picked":["Scrape","Ball Lightning"],"picked":"Conserve Battery","floor":5},{"not_picked":["Buffer","Conserve Battery"],"picked":"Double Energy","floor":7},{"not_picked":["Stack","Steam"],"picked":"Sweeping Beam","floor":10},{"not_picked":["Compile Driver","Gash"],"picked":"Rebound","floor":13},{"not_picked":["Defragment","Capacitor"],"picked":"Static Discharge","floor":14},{"not_picked":["Buffer","Meteor Strike"],"picked":"Rainbow","floor":16},{"not_picked":["Turbo+1","Redo"],"picked":"Cold Snap+1","floor":18},{"not_picked":["Storm+1","Aggregate"],"picked":"Rebound+1","floor":22},{"not_picked":["Skim","Leap","Rebound"],"picked":"SKIP","floor":28},{"not_picked":["Leap","Rebound"],"picked":"Skim","floor":28},{"not_picked":["Genetic Algorithm","Cold Snap","Turbo+1"],"picked":"SKIP","floor":29},{"not_picked":["Scrape","Stack"],"picked":"Conserve Battery+1","floor":30},{"not_picked":["Rebound","Force Field"],"picked":"Hologram","floor":31}],"player_experience":184626,"relics_obtained":[{"floor":7,"key":"Mercury Hourglass"},{"floor":9,"key":"Whetstone"},{"floor":26,"key":"Blood Vial"},{"floor":28,"key":"War Paint"},{"floor":30,"key":"Happy Flower"}],"event_choices":[{"event_name":"The Woman in Blue","player_choice":"Bought 0 Potions","floor":2,"damage_taken":0},{"event_name":"Dead Adventurer","player_choice":"Searched \u00272\u0027 times","floor":13,"damage_taken":0},{"event_name":"Drug Dealer","player_choice":"Got JAXXED","floor":20,"damage_taken":0},{"event_name":"Beggar","player_choice":"Ignored","floor":24,"damage_taken":0}],"boss_relics":[{"not_picked":["Busted Crown","Astrolabe"],"picked":"Empty Cage"}],"items_purged_floors":[12,19],"is_endless":false,"potions_floor_spawned":[4,7,10,13,14,30,31],"killed_by":"Automaton","ascension_level":0}