{"gold_per_floor":[114,37,37,52,67,97,97,127,127,187,187,217,232,247,247,347,347,362,362,277,292,42,42,72,72,72,102,102],"floor_reached":28,"playtime":2165,"items_purged":[],"score":309,"play_id":"08574f2d-9f95-4d84-9258-cbd5f2a703d1","local_time":"20180719181123","daily_mods":["Shiny","Elite Swarm","Terminal"],"is_ascension_mode":false,"campfire_choices":[{"data":"Amplify","floor":7,"key":"SMITH"},{"floor":11,"key":"REST"},{"floor":15,"key":"REST"},{"data":"Rainbow","floor":23,"key":"SMITH"},{"data":"Rainbow","floor":25,"key":"SMITH"}],"neow_cost":"","seed_source_timestamp":0,"circlet_count":0,"master_deck":["Multi-Cast","Hyperbeam","Thunder Strike+1","Biased Cognition","Machine Learning","Electrodynamics","Buffer","Rainbow+1","Seek","Meteor Strike","Echo Form","All For One","Reboot","Amplify+1","Creative AI","Fission","Core Surge","Glacier","FTL+1","Doom and Gloom","Conserve Battery","Fission","Conserve Battery","Rainbow+1","Parasite"],"special_seed":17731,"relics":["Cracked Core","Boot","Ice Cream","Bottled Lightning","Tiny Chest","Bottled Tornado","Cursed Key","Ancient Tea Set","Cables","Incense Burner","Dead Branch","Ginger"],"potions_floor_usage":[16,27,27],"damage_taken":[{"damage":0,"enemies":"2 Louse","floor":1,"turns":2},{"damage":6,"enemies":"Jaw Worm","floor":4,"turns":2},{"damage":1,"enemies":"Cultist","floor":5,"turns":3},{"damage":4,"enemies":"3 Sentries","floor":6,"turns":5},{"damage":22,"enemies":"Gremlin Nob","floor":8,"turns":5},{"damage":0,"enemies":"Lagavulin","floor":10,"turns":5},{"damage":7,"enemies":"3 Sentries","floor":12,"turns":3},{"damage":1,"enemies":"2 Fungi Beasts","floor":13,"turns":2},{"damage":6,"enemies":"Large Slime","floor":14,"turns":4},{"damage":59,"enemies":"The Guardian","floor":16,"turns":12},{"damage":15,"enemies":"2 Thieves","floor":18,"turns":3},{"damage":0,"enemies":"Shell Parasite","floor":21,"turns":6},{"damage":29,"enemies":"Slavers","floor":24,"turns":3},{"damage":9,"enemies":"Gremlin Leader","floor":27,"turns":6},{"damage":5,"enemies":"Snecko","floor":28,"turns":3}],"seed_played":"-3692985004623791933","potions_obtained":[{"floor":1,"key":"Regen Potion"},{"floor":6,"key":"Weak Potion"},{"floor":10,"key":"EssenceOfSteel"},{"floor":13,"key":"FocusPotion"},{"floor":24,"key":"EssenceOfSteel"}],"is_trial":false,"path_per_floor":["M","$","?","M","M","E","R","E","T","E","R","E","M","M","R","B",null,"M","?","?","M","$","R","E","R","T","E"],"character_chosen":"DEFECT","items_purchased":["FTL","Cables"],"campfire_rested":2,"item_purchase_floors":[2,22],"current_hp_per_floor":[73,72,58,52,51,47,47,25,25,25,44,37,36,30,48,4,57,42,42,42,42,42,42,13,13,13,4,0],"gold":102,"neow_bonus":"","is_prod":false,"is_daily":true,"chose_seed":false,"campfire_upgraded":3,"win_rate":0,"timestamp":1532016683,"path_taken":["M","$","?","M","?","E","R","E","T","E","R","E","M","M","R","BOSS","M","?","?","?","$","R","E","R","T","E","?"],"build_version":"2018-07-12","purchased_purges":0,"victory":false,"max_hp_per_floor":[73,72,71,70,69,68,67,66,65,64,63,62,61,60,59,58,57,56,55,54,53,52,51,50,49,48,47,47],"card_choices":[{"not_picked":["Streamline","Auto Shields"],"picked":"Glacier","floor":1},{"not_picked":["Cold Snap","Coolheaded"],"picked":"Doom and Gloom","floor":4},{"not_picked":["Coolheaded","Rebound"],"picked":"Conserve Battery","floor":5},{"not_picked":["All For One","Seek","Meteor Strike"],"picked":"SKIP","floor":6},{"not_picked":["Multi-Cast","Amplify","Meteor Strike"],"picked":"SKIP","floor":8},{"not_picked":["Meteor Strike","Core Surge"],"picked":"Fission","floor":10},{"not_picked":["Creative AI","Hyperbeam","Amplify"],"picked":"SKIP","floor":12},{"not_picked":["Ball Lightning","Hologram","Stack"],"picked":"SKIP","floor":13},{"not_picked":["Redo","Force Field"],"picked":"Conserve Battery","floor":14},{"not_picked":["Multi-Cast","Echo Form"],"picked":"Rainbow","floor":16},{"not_picked":["Leap","BootSequence+1","Sweeping Beam"],"picked":"SKIP","floor":18},{"not_picked":["Glacier","Recycle","Gash"],"picked":"SKIP","floor":21},{"not_picked":["Biased Cognition","Electrodynamics","Creative AI"],"picked":"SKIP","floor":24},{"not_picked":["Seek","All For One","Creative AI"],"picked":"SKIP","floor":27}],"player_experience":122464,"relics_obtained":[{"floor":6,"key":"Boot"},{"floor":8,"key":"Ice Cream"},{"floor":9,"key":"Bottled Lightning"},{"floor":10,"key":"Tiny Chest"},{"floor":12,"key":"Bottled Tornado"},{"floor":24,"key":"Incense Burner"},{"floor":26,"key":"Dead Branch"},{"floor":27,"key":"Ginger"}],"event_choices":[{"event_name":"Shining Light","player_choice":"Entered Light","floor":3,"damage_taken":0},{"event_name":"Vampires","player_choice":"Ignored","floor":19,"damage_taken":0},{"event_name":"Addict","player_choice":"Obtained Relic","floor":20,"damage_taken":0}],"boss_relics":[{"not_picked":["Philosopher\u0027s Stone","Snecko Eye"],"picked":"Cursed Key"}],"items_purged_floors":[],"is_endless":false,"potions_floor_spawned":[1,6,10,12,13,24],"killed_by":"Snecko","ascension_level":0}