{"gold_per_floor":[218,75,89,106,106,146,158,170,182,194,230,242,254,309,321,461,473,506,536,572,602,614,626,671,683,695,707,737,749,782,794,806,939,951,977,1002,571,571,904,904,433,433,460,473,473,473,473,473,473,473],"floor_reached":51,"playtime":3303,"items_purged":["Strike_G","Strike_G","Strike_G"],"score":728,"play_id":"a0dc8996-48ba-428c-a641-102f5263a4a0","local_time":"20190205151544","is_ascension_mode":true,"campfire_choices":[{"data":"Noxious Fumes","floor":7,"key":"SMITH"},{"data":"Neutralize","floor":10,"key":"SMITH"},{"data":"Blur","floor":15,"key":"SMITH"},{"data":"Tactician","floor":23,"key":"SMITH"},{"data":"Tools of the Trade","floor":25,"key":"SMITH"},{"data":"Blur","floor":27,"key":"SMITH"},{"data":"Tactician","floor":29,"key":"SMITH"},{"data":"Blur","floor":32,"key":"SMITH"},{"data":"Thinking Ahead","floor":40,"key":"SMITH"},{"data":"Malaise","floor":42,"key":"SMITH"},{"data":"Backflip","floor":45,"key":"SMITH"},{"data":"Leg Sweep","floor":47,"key":"SMITH"},{"data":"Master of Strategy","floor":49,"key":"SMITH"}],"neow_cost":"NONE","seed_source_timestamp":228944490909064,"circlet_count":0,"master_deck":["Defend_G","Defend_G","Defend_G","Defend_G","Defend_G+1","Strike_G","Survivor","Neutralize+1","Predator","Blur+1","Noxious Fumes+1","Deadly Poison","Catalyst+1","PiercingWail+1","Blur+1","Tools of the Trade+1","Backflip+1","Footwork+1","Blur+1","Tactician+1","Corpse Explosion","Tactician+1","Acrobatics+1","Malaise+1","Leg Sweep+1","Master of Strategy+1","Thinking Ahead+1","Flash of Steel","Tactician+1"],"relics":["Ring of the Snake","MawBank","Sundial","Pantograph","Sozu","Omamori","Gremlin Horn","Coffee Dripper","Juzu Bracelet","Paper Crane","Bag of Marbles"],"potions_floor_usage":[6,33,50,50],"damage_taken":[{"damage":0,"enemies":"2 Louse","floor":1,"turns":4},{"damage":0,"enemies":"Cultist","floor":3,"turns":3},{"damage":0,"enemies":"Jaw Worm","floor":4,"turns":3},{"damage":4,"enemies":"3 Sentries","floor":6,"turns":9},{"damage":0,"enemies":"2 Fungi Beasts","floor":11,"turns":4},{"damage":10,"enemies":"Gremlin Nob","floor":14,"turns":4},{"damage":4,"enemies":"Hexaghost","floor":16,"turns":9},{"damage":0,"enemies":"Chosen","floor":18,"turns":5},{"damage":11,"enemies":"2 Thieves","floor":19,"turns":5},{"damage":5,"enemies":"Centurion and Healer","floor":20,"turns":7},{"damage":1,"enemies":"Shelled Parasite and Fungi","floor":21,"turns":6},{"damage":3,"enemies":"Book of Stabbing","floor":24,"turns":7},{"damage":11,"enemies":"Sentry and Sphere","floor":28,"turns":4},{"damage":0,"enemies":"Snecko","floor":30,"turns":6},{"damage":52,"enemies":"Collector","floor":33,"turns":9},{"damage":1,"enemies":"3 Darklings","floor":35,"turns":4},{"damage":0,"enemies":"Orb Walker","floor":36,"turns":6},{"damage":0,"enemies":"4 Shapes","floor":44,"turns":4},{"damage":10,"enemies":"Awakened One","floor":50,"turns":17}],"seed_played":"6989589267994930790","potions_obtained":[{"floor":1,"key":"EssenceOfSteel"},{"floor":11,"key":"Ancient Potion"},{"floor":14,"key":"SkillPotion"},{"floor":16,"key":"Weak Potion"}],"is_trial":false,"path_per_floor":["M","$","M","M","?","E","R","?","T","R","M","?","?","E","R","B",null,"M","M","M","M","?","R","E","R","T","R","M","R","M","?","R","B",null,"M","M","$","?","?","R","$","R","T","M","R","?","R","?","R","B",null],"character_chosen":"THE_SILENT","items_purchased":["Blur","Master of Strategy","Juzu Bracelet","Paper Crane","Flash of Steel"],"campfire_rested":0,"item_purchase_floors":[2,37,37,41,41],"current_hp_per_floor":[70,70,70,70,65,61,61,61,61,61,61,61,48,38,38,59,65,65,54,49,48,48,48,45,45,45,45,34,34,34,34,34,7,65,64,64,64,64,64,64,64,64,64,64,64,64,64,64,64,55],"gold":473,"neow_bonus":"HUNDRED_GOLD","is_prod":false,"is_daily":false,"chose_seed":false,"campfire_upgraded":13,"win_rate":1,"timestamp":1549376144,"path_taken":["M","$","M","M","?","E","R","?","T","R","?","?","?","E","R","BOSS","M","M","M","M","?","R","E","R","T","R","M","R","?","?","R","BOSS","M","M","$","?","?","R","$","R","T","M","R","?","R","?","R","BOSS"],"build_version":"2019-01-23","purchased_purges":3,"victory":true,"max_hp_per_floor":[70,70,70,70,65,65,65,65,65,65,65,65,65,65,65,65,65,65,65,65,65,65,65,65,65,65,65,65,65,65,65,65,65,65,65,65,65,65,65,65,65,65,65,65,65,65,65,65,65,65],"card_choices":[{"not_picked":["Outmaneuver","Backflip"],"picked":"Predator","floor":1},{"not_picked":["Masterful Stab","PiercingWail"],"picked":"Noxious Fumes","floor":3},{"not_picked":["Underhanded Strike","PiercingWail"],"picked":"Deadly Poison","floor":4},{"not_picked":["Malaise","Outmaneuver"],"picked":"Catalyst","floor":6},{"not_picked":["Dagger Spray","Flying Knee"],"picked":"PiercingWail","floor":11},{"not_picked":["Skewer","Poisoned Stab"],"picked":"Blur","floor":14},{"not_picked":["Night Terror","Die Die Die"],"picked":"Tools of the Trade","floor":16},{"not_picked":["Sucker Punch+1","Terror+1"],"picked":"Backflip","floor":18},{"not_picked":["Bane","Dagger Spray+1"],"picked":"Footwork+1","floor":19},{"not_picked":["Outmaneuver","Quick Slash"],"picked":"Blur","floor":20},{"not_picked":["Prepared","Backflip+1"],"picked":"Tactician","floor":21},{"not_picked":["Dash","Predator"],"picked":"Corpse Explosion","floor":24},{"not_picked":["Finisher","Dodge and Roll"],"picked":"Tactician","floor":28},{"not_picked":["Quick Slash","Deflect"],"picked":"Acrobatics+1","floor":30},{"not_picked":["Phantasmal Killer","Venomology"],"picked":"Malaise","floor":33},{"not_picked":["Flechettes","Infinite Blades+1"],"picked":"Leg Sweep","floor":35},{"not_picked":["Backflip","Flying Knee","Poisoned Stab"],"picked":"SKIP","floor":36},{"not_picked":["The Bomb","Madness"],"picked":"Thinking Ahead","floor":38},{"not_picked":["Footwork+1","Acrobatics"],"picked":"Tactician+1","floor":44}],"player_experience":15112,"relics_obtained":[{"floor":6,"key":"MawBank"},{"floor":9,"key":"Sundial"},{"floor":14,"key":"Pantograph"},{"floor":24,"key":"Omamori"},{"floor":26,"key":"Gremlin Horn"},{"floor":43,"key":"Bag of Marbles"}],"event_choices":[{"damage_healed":0,"gold_gain":0,"player_choice":"Lose Max HP","damage_taken":0,"relics_obtained":["Golden Idol"],"max_hp_gain":0,"max_hp_loss":5,"event_name":"Golden Idol","floor":5,"gold_loss":0},{"damage_healed":0,"gold_gain":0,"player_choice":"Forge","damage_taken":0,"max_hp_gain":0,"max_hp_loss":0,"event_name":"Accursed Blacksmith","floor":8,"gold_loss":0,"cards_upgraded":["Catalyst"]},{"damage_healed":0,"gold_gain":0,"player_choice":"Ignored","damage_taken":0,"max_hp_gain":0,"max_hp_loss":0,"event_name":"Liars Game","floor":12,"gold_loss":0},{"damage_healed":0,"gold_gain":0,"player_choice":"Entered Light","damage_taken":13,"max_hp_gain":0,"max_hp_loss":0,"event_name":"Shining Light","floor":13,"gold_loss":0,"cards_upgraded":["Defend_G","PiercingWail"]},{"damage_healed":0,"gold_gain":0,"cards_transformed":["Strike_G"],"player_choice":"Transformed","damage_taken":0,"max_hp_gain":0,"max_hp_loss":0,"event_name":"Transmorgrifier","floor":22,"gold_loss":0,"cards_obtained":["Infinite Blades"]},{"damage_healed":0,"gold_gain":0,"player_choice":"0 cards matched","damage_taken":0,"max_hp_gain":0,"max_hp_loss":0,"event_name":"Match and Keep!","floor":31,"gold_loss":0,"cards_obtained":[]},{"damage_healed":0,"gold_gain":0,"player_choice":"Memory 1","damage_taken":0,"max_hp_gain":0,"max_hp_loss":0,"event_name":"SensoryStone","floor":38,"gold_loss":0},{"damage_healed":0,"gold_gain":333,"player_choice":"Gave Idol","damage_taken":0,"max_hp_gain":0,"max_hp_loss":0,"event_name":"The Moai Head","floor":39,"relics_lost":["Golden Idol"],"gold_loss":0},{"cards_removed":["Infinite Blades"],"damage_healed":0,"gold_gain":0,"player_choice":"Removed Power","damage_taken":0,"max_hp_gain":0,"max_hp_loss":0,"event_name":"Falling","floor":46,"gold_loss":0},{"damage_healed":0,"gold_gain":0,"player_choice":"Got Potions","damage_taken":0,"max_hp_gain":0,"max_hp_loss":0,"event_name":"Lab","floor":48,"gold_loss":0}],"is_beta":false,"boss_relics":[{"not_picked":["Runic Pyramid","Fusion Hammer"],"picked":"Sozu"},{"not_picked":["Velvet Choker","Black Star"],"picked":"Coffee Dripper"}],"items_purged_floors":[2,37,41],"is_endless":false,"potions_floor_spawned":[1,11,14,16,18,20,28,33,35,36,44],"ascension_level":1}