{"gold_per_floor":[14,32,32,45,55,89,99,99,122,122,137,164,264,299,299,400,400,412,424,424],"floor_reached":20,"playtime":1267,"items_purged":[],"score":320,"play_id":"c4c997f2-787d-4d6c-9806-9f90d8d2696e","local_time":"20190122133349","is_ascension_mode":true,"campfire_choices":[{"floor":8,"key":"REST"},{"data":"Go for the Eyes","floor":15,"key":"SMITH"}],"neow_cost":"NO_GOLD","seed_source_timestamp":925641958049565,"circlet_count":0,"master_deck":["Defend_B+1","Defend_B","Defend_B+1","Defend_B","Zap","Dualcast","Panache","Trip","Reinforced Body","Beam Cell","Streamline","Go for the Eyes+1","Cold Snap","Ball Lightning","Cold Snap","Compile Driver","Reinforced Body","All For One","Redo+1","White Noise+1","Steam Power+1","Consume","Doom and Gloom"],"relics":["Cracked Core","Ancient Tea Set","War Paint","Smiling Mask","Strawberry","Astrolabe"],"potions_floor_usage":[12,14,14],"damage_taken":[{"damage":0,"enemies":"Cultist","floor":1,"turns":3},{"damage":6,"enemies":"2 Louse","floor":2,"turns":3},{"damage":0,"enemies":"Small Slimes","floor":4,"turns":3},{"damage":27,"enemies":"Exordium Thugs","floor":5,"turns":6},{"damage":19,"enemies":"Gremlin Nob","floor":6,"turns":4},{"damage":7,"enemies":"Red Slaver","floor":7,"turns":4},{"damage":7,"enemies":"Gremlin Gang","floor":11,"turns":4},{"damage":14,"enemies":"3 Sentries","floor":12,"turns":7},{"damage":0,"enemies":"Lagavulin","floor":14,"turns":5},{"damage":17,"enemies":"Hexaghost","floor":16,"turns":9},{"damage":12,"enemies":"Chosen","floor":18,"turns":3},{"damage":23,"enemies":"2 Thieves","floor":19,"turns":4},{"damage":32,"enemies":"Sentry and Sphere","floor":20,"turns":3}],"seed_played":"-8148810792544453232","potions_obtained":[{"floor":2,"key":"FearPotion"},{"floor":5,"key":"Block Potion"},{"floor":11,"key":"SneckoOil"},{"floor":12,"key":"EssenceOfSteel"},{"floor":14,"key":"Energy Potion"},{"floor":16,"key":"FocusPotion"},{"floor":19,"key":"Explosive Potion"}],"is_trial":false,"path_per_floor":["M","M","?","M","M","E","M","R","T","?","M","E","?","E","R","B",null,"M","M","M"],"character_chosen":"DEFECT","items_purchased":[],"campfire_rested":1,"item_purchase_floors":[],"current_hp_per_floor":[68,62,55,55,28,9,2,24,24,49,42,28,28,35,35,18,66,54,31,0],"gold":424,"neow_bonus":"RANDOM_COLORLESS_2","is_prod":false,"is_daily":false,"chose_seed":false,"campfire_upgraded":1,"win_rate":0,"timestamp":1548142429,"path_taken":["M","?","?","M","M","E","M","R","T","?","M","E","?","E","R","BOSS","M","?","M"],"build_version":"2019-01-17v2","purchased_purges":0,"victory":false,"max_hp_per_floor":[75,75,75,75,75,75,75,75,75,75,75,75,75,82,82,82,82,82,82,82],"card_choices":[{"not_picked":["Hologram","Ball Lightning"],"picked":"Reinforced Body","floor":1},{"not_picked":["Storm","Compile Driver"],"picked":"Beam Cell","floor":2},{"not_picked":["Steam","Hello World"],"picked":"Streamline","floor":4},{"not_picked":["Heatsinks","Steam"],"picked":"Go for the Eyes","floor":5},{"not_picked":["Reboot","Consume"],"picked":"Cold Snap","floor":6},{"not_picked":["Cold Snap","Turbo"],"picked":"Ball Lightning","floor":7},{"not_picked":["Streamline","Blizzard"],"picked":"Cold Snap","floor":11},{"not_picked":["Ball Lightning","Redo"],"picked":"Compile Driver","floor":12},{"not_picked":["Lockon","Storm"],"picked":"Reinforced Body","floor":14},{"not_picked":["Creative AI","Fission"],"picked":"All For One","floor":16},{"not_picked":["Barrage","Beam Cell"],"picked":"Consume","floor":18},{"not_picked":["Gash+1","Cold Snap"],"picked":"Doom and Gloom","floor":19}],"player_experience":625598,"relics_obtained":[{"floor":6,"key":"Ancient Tea Set"},{"floor":9,"key":"War Paint"},{"floor":12,"key":"Smiling Mask"},{"floor":14,"key":"Strawberry"}],"event_choices":[{"cards_removed":["Strike_B"],"damage_healed":0,"gold_gain":0,"player_choice":"Card Removal","damage_taken":7,"max_hp_gain":0,"max_hp_loss":0,"event_name":"Golden Wing","floor":3,"gold_loss":0},{"damage_healed":25,"gold_gain":0,"player_choice":"Banana","damage_taken":0,"max_hp_gain":0,"max_hp_loss":0,"event_name":"Big Fish","floor":10,"gold_loss":0},{"damage_healed":0,"gold_gain":100,"player_choice":"Pray","damage_taken":0,"max_hp_gain":0,"max_hp_loss":0,"event_name":"Golden Shrine","floor":13,"gold_loss":0}],"is_beta":false,"boss_relics":[{"not_picked":["Ectoplasm","Lizard Tail"],"picked":"Astrolabe"}],"items_purged_floors":[],"is_endless":false,"potions_floor_spawned":[2,5,11,12,14,16,18,19],"killed_by":"Sentry and Sphere","ascension_level":9}