{"gold_per_floor":[20,37,1,12,27,61,61,311,311,321,321,332,365,377,377,481,481,492,112,127,92,92,126,138,172,172,190,190,190,206,241,241,241],"floor_reached":33,"playtime":2623,"items_purged":["Regret"],"score":324,"play_id":"5fbe375f-bbba-4316-b596-6588132d5389","local_time":"20180627012505","is_ascension_mode":false,"campfire_choices":[{"data":"White Noise","floor":7,"key":"SMITH"},{"data":"Defragment","floor":15,"key":"SMITH"},{"data":"Zap","floor":29,"key":"SMITH"},{"data":"Static Discharge","floor":32,"key":"SMITH"}],"neow_cost":"NO_GOLD","seed_source_timestamp":17909103750328,"circlet_count":0,"master_deck":["Defend_B","Defend_B","Defend_B","Defend_B","Zap+1","Dualcast+1","Conserve Battery+1","Melter","Static Discharge+1","Self Repair","White Noise+1","Ball Lightning","Parasite","Lockon","Defragment+1","FTL","Echo Form","Auto Shields","Steam+1","Sunder","Bite","Bite","Bite","Bite","Bite","Go for the Eyes+1","Stack","Rebound+1","Beam Cell"],"relics":["Cracked Core","Incense Burner","Strawberry","War Paint","Blue Candle","Nuclear Battery","Vajra","Art of War","Peace Pipe","Pen Nib","Bottled Lightning","Red Mask"],"potions_floor_usage":[13,13,16,30,33,33],"damage_taken":[{"damage":0,"enemies":"Small Slimes","floor":1,"turns":4},{"damage":0,"enemies":"Cultist","floor":2,"turns":4},{"damage":0,"enemies":"Jaw Worm","floor":4,"turns":3},{"damage":8,"enemies":"2 Fungi Beasts","floor":5,"turns":3},{"damage":23,"enemies":"3 Sentries","floor":6,"turns":6},{"damage":10,"enemies":"Exordium Wildlife","floor":10,"turns":3},{"damage":2,"enemies":"Looter","floor":12,"turns":3},{"damage":36,"enemies":"Gremlin Nob","floor":13,"turns":4},{"damage":7,"enemies":"Lots of Slimes","floor":14,"turns":3},{"damage":15,"enemies":"Hexaghost","floor":16,"turns":7},{"damage":18,"enemies":"Shell Parasite","floor":18,"turns":4},{"damage":8,"enemies":"Chosen","floor":20,"turns":5},{"damage":32,"enemies":"Gremlin Leader","floor":23,"turns":6},{"damage":25,"enemies":"Centurion and Healer","floor":24,"turns":6},{"damage":12,"enemies":"Book of Stabbing","floor":25,"turns":5},{"damage":52,"enemies":"Chosen and Byrds","floor":27,"turns":7},{"damage":6,"enemies":"3 Cultists","floor":30,"turns":5},{"damage":14,"floor":31,"turns":4},{"damage":56,"enemies":"Automaton","floor":33,"turns":10}],"seed_played":"7342103883728225071","potions_obtained":[{"floor":2,"key":"Poison Potion"},{"floor":5,"key":"GamblersBrew"},{"floor":14,"key":"FocusPotion"},{"floor":24,"key":"GamblersBrew"},{"floor":27,"key":"FocusPotion"},{"floor":31,"key":"SkillPotion"}],"is_trial":false,"path_per_floor":["M","M","$","M","M","E","R","?","T","M","?","M","E","M","R","B",null,"M","$","M","$","?","E","M","E","T","M","?","R","M","?","R"],"character_chosen":"DEFECT","items_purchased":["Static Discharge","Vajra","Art of War","Sunder"],"campfire_rested":0,"item_purchase_floors":[3,19,19,21],"current_hp_per_floor":[75,75,75,75,67,58,58,58,58,55,75,80,44,44,44,36,82,78,78,77,77,57,45,45,50,50,21,40,40,49,46,46,0],"gold":241,"neow_bonus":"ONE_RARE_RELIC","is_prod":false,"is_daily":false,"chose_seed":false,"campfire_upgraded":4,"win_rate":0,"timestamp":1530055505,"path_taken":["M","M","$","M","M","E","R","?","T","M","?","M","E","M","R","BOSS","M","?","M","$","?","E","M","E","T","?","?","R","M","?","R","BOSS"],"build_version":"2018-06-21v2","purchased_purges":1,"victory":false,"max_hp_per_floor":[75,75,75,75,75,82,82,82,82,82,82,82,82,82,82,82,82,82,82,82,82,57,57,57,57,57,57,57,57,57,57,57,57],"card_choices":[{"not_picked":["Lockon","Chaos"],"picked":"Conserve Battery","floor":1},{"not_picked":["Compile Driver","Sweeping Beam"],"picked":"Melter","floor":2},{"not_picked":["Streamline","Steam","Stack"],"picked":"SKIP","floor":4},{"not_picked":["Compile Driver","Cold Snap"],"picked":"Self Repair","floor":5},{"not_picked":["Hologram","Beam Cell"],"picked":"White Noise","floor":6},{"not_picked":["Hologram","Consume"],"picked":"Ball Lightning","floor":10},{"not_picked":["Go for the Eyes","Barrage"],"picked":"Lockon","floor":12},{"not_picked":["Electrodynamics","Machine Learning"],"picked":"Defragment","floor":13},{"not_picked":["Undo","Recycle"],"picked":"FTL","floor":14},{"not_picked":["Meteor Strike","All For One"],"picked":"Echo Form","floor":16},{"not_picked":["Rebound","Sweeping Beam"],"picked":"Auto Shields","floor":18},{"not_picked":["Stack","Redo"],"picked":"Steam+1","floor":20},{"not_picked":["Echo Form","Recycle"],"picked":"Go for the Eyes+1","floor":23},{"not_picked":["Rip and Tear","Stack","Rebound"],"picked":"SKIP","floor":24},{"not_picked":["Auto Shields+1","Turbo","Reprogram"],"picked":"SKIP","floor":25},{"not_picked":["Steam+1","Cold Snap"],"picked":"Stack","floor":27},{"not_picked":["Skim","Redo"],"picked":"Rebound+1","floor":30},{"not_picked":["Turbo","Echo Form"],"picked":"Beam Cell","floor":31}],"player_experience":195512,"relics_obtained":[{"floor":6,"key":"Strawberry"},{"floor":9,"key":"War Paint"},{"floor":13,"key":"Blue Candle"},{"floor":23,"key":"Peace Pipe"},{"floor":25,"key":"Pen Nib"},{"floor":26,"key":"Bottled Lightning"},{"floor":31,"key":"Red Mask"}],"event_choices":[{"event_name":"Golden Shrine","player_choice":"Desecrate","floor":8,"damage_taken":0},{"event_name":"Mushrooms","player_choice":"Healed and dodged fight","floor":11,"damage_taken":0},{"event_name":"Vampires","player_choice":"Became a vampire","floor":22,"damage_taken":0},{"event_name":"The Library","player_choice":"Heal","floor":28,"damage_taken":0},{"event_name":"Masked Bandits","player_choice":"Fought over 206 gold","floor":31,"damage_taken":0}],"boss_relics":[{"not_picked":["Runic Dome","Fusion Hammer"],"picked":"Nuclear Battery"}],"items_purged_floors":[19],"is_endless":false,"potions_floor_spawned":[2,5,14,24,27,31],"killed_by":"Automaton","ascension_level":0}