{"gold_per_floor":[109,124,144,144,157,190,190],"floor_reached":7,"playtime":384,"items_purged":[],"score":61,"play_id":"b36fa62a-988f-478e-b46b-fc73022ca82b","local_time":"20190123135018","is_ascension_mode":true,"campfire_choices":[],"neow_cost":"NONE","seed_source_timestamp":1013916975368767,"circlet_count":0,"master_deck":["Defend_G","Defend_G","Defend_G","Defend_G","Defend_G","Strike_G","Strike_G","Strike_G","Strike_G","Strike_G","Survivor","Neutralize","Terror","Slice","Dodge and Roll","Heel Hook","Pain","Unload","Leg Sweep"],"relics":["Ring of the Snake","WarpedTongs","Bronze Scales"],"potions_floor_usage":[6,7],"damage_taken":[{"damage":1,"enemies":"Cultist","floor":1,"turns":3},{"damage":5,"enemies":"2 Louse","floor":2,"turns":2},{"damage":7,"enemies":"Jaw Worm","floor":3,"turns":4},{"damage":9,"enemies":"Looter","floor":5,"turns":4},{"damage":47,"enemies":"3 Sentries","floor":6,"turns":7},{"damage":1,"enemies":"Exordium Thugs","floor":7,"turns":1}],"seed_played":"8812676072879619903","potions_obtained":[{"floor":1,"key":"LiquidBronze"},{"floor":5,"key":"Block Potion"}],"is_trial":false,"path_per_floor":["M","M","M","?","M","E","M"],"character_chosen":"THE_SILENT","items_purchased":[],"campfire_rested":0,"item_purchase_floors":[],"current_hp_per_floor":[69,64,57,57,48,1,0],"gold":190,"neow_bonus":"THREE_CARDS","is_prod":false,"is_daily":false,"chose_seed":false,"campfire_upgraded":0,"win_rate":0,"timestamp":1548229818,"path_taken":["M","?","M","?","M","E","M"],"build_version":"2019-01-17v2","purchased_purges":0,"victory":false,"max_hp_per_floor":[70,70,70,70,70,70,70],"card_choices":[{"not_picked":["Setup","Bane"],"picked":"Terror","floor":0},{"not_picked":["Terror","Bane"],"picked":"Slice","floor":1},{"not_picked":["Masterful Stab","Slice"],"picked":"Dodge and Roll","floor":2},{"not_picked":["Prepared","Setup"],"picked":"Heel Hook","floor":3},{"not_picked":["Poisoned Stab","Cloak And Dagger"],"picked":"Unload","floor":5},{"not_picked":["Acrobatics","PiercingWail"],"picked":"Leg Sweep","floor":6}],"player_experience":639226,"relics_obtained":[{"floor":6,"key":"Bronze Scales"}],"event_choices":[{"damage_healed":0,"gold_gain":0,"player_choice":"Rummage","damage_taken":0,"relics_obtained":["WarpedTongs"],"max_hp_gain":0,"max_hp_loss":0,"event_name":"Accursed Blacksmith","floor":4,"gold_loss":0,"cards_obtained":["Pain"]}],"is_beta":false,"boss_relics":[],"items_purged_floors":[],"is_endless":false,"potions_floor_spawned":[1,5],"killed_by":"Exordium Thugs","ascension_level":3}