{"gold_per_floor":[109,209,110,110,124,153,153,182,209,209],"floor_reached":10,"playtime":577,"items_purged":[],"score":122,"play_id":"16b38ab4-6193-46cf-ac4d-31e72110dbdc","local_time":"20181025231359","is_ascension_mode":true,"campfire_choices":[{"data":"Jack Of All Trades","floor":7,"key":"SMITH"}],"neow_cost":"CURSE","seed_source_timestamp":1350354873583414,"circlet_count":0,"master_deck":["Strike_R","Strike_R","Strike_R","Strike_R","Defend_R","Defend_R","Defend_R","Defend_R","Bash","AscendersBane","Good Instincts","Jack Of All Trades+1","Clumsy","Battle Trance","Ghostly Armor","Cleave","Entrench","True Grit"],"relics":["Burning Blood","Pen Nib","Happy Flower","Bronze Scales"],"potions_floor_usage":[10],"damage_taken":[{"damage":9,"enemies":"2 Louse","floor":1,"turns":3},{"damage":1,"enemies":"Cultist","floor":5,"turns":4},{"damage":30,"enemies":"Lagavulin","floor":6,"turns":8},{"damage":33,"enemies":"3 Sentries","floor":8,"turns":15},{"damage":23,"enemies":"Lagavulin","floor":10,"turns":5}],"seed_played":"8289092051847167044","potions_obtained":[{"floor":1,"key":"SteroidPotion"},{"floor":6,"key":"Poison Potion"}],"is_trial":false,"path_per_floor":["M","?","$","?","M","E","R","E","T"],"character_chosen":"IRONCLAD","items_purchased":["Ghostly Armor","Cleave"],"campfire_rested":0,"item_purchase_floors":[3,3],"current_hp_per_floor":[69,69,69,69,74,50,50,23,23,0],"gold":209,"neow_bonus":"RANDOM_COLORLESS_2","is_prod":false,"is_daily":false,"chose_seed":false,"campfire_upgraded":1,"win_rate":0,"timestamp":1540502039,"path_taken":["M","?","$","?","M","E","R","E","T","E"],"build_version":"2018-10-24v2","purchased_purges":0,"victory":false,"max_hp_per_floor":[80,80,80,80,80,80,80,80,80,80],"card_choices":[{"not_picked":["Ghostly Armor","Anger"],"picked":"Battle Trance","floor":1},{"not_picked":["Twin Strike","Sword Boomerang"],"picked":"Entrench","floor":5},{"not_picked":["Spot Weakness","Perfected Strike"],"picked":"True Grit","floor":6},{"not_picked":["Spot Weakness","Pommel Strike","Flex"],"picked":"SKIP","floor":8}],"player_experience":402985,"relics_obtained":[{"floor":6,"key":"Pen Nib"},{"floor":8,"key":"Happy Flower"},{"floor":9,"key":"Bronze Scales"}],"event_choices":[{"damage_healed":0,"gold_gain":100,"player_choice":"Pray","damage_taken":0,"max_hp_gain":0,"max_hp_loss":0,"event_name":"Golden Shrine","floor":2,"gold_loss":0},{"cards_removed":["Strike_R"],"damage_healed":0,"gold_gain":0,"player_choice":"Forget","damage_taken":0,"max_hp_gain":0,"max_hp_loss":0,"event_name":"Living Wall","floor":4,"gold_loss":0}],"is_beta":true,"boss_relics":[],"items_purged_floors":[],"is_endless":false,"potions_floor_spawned":[1,6,8],"killed_by":"Lagavulin","ascension_level":13}