{"gold_per_floor":[111,111,286,64,79,79,110,110,136,113,140,165,199,199,199,199],"floor_reached":16,"playtime":516,"items_purged":["Doubt"],"score":154,"play_id":"c33b53ff-e175-45a5-a88d-e50ce7ac548f","local_time":"20190204132458","is_ascension_mode":true,"campfire_choices":[{"floor":6,"key":"REST"},{"data":"Dualcast","floor":8,"key":"SMITH"},{"data":"Zap","floor":15,"key":"SMITH"}],"neow_cost":"TEN_PERCENT_HP_LOSS","seed_source_timestamp":11092275079581,"circlet_count":0,"master_deck":["Strike_B","Strike_B","Defend_B","Defend_B","Defend_B","Defend_B","Zap+1","Dualcast+1","Cold Snap","Flash of Steel","Gash","Steam","Rebound","Streamline","Gash","Turbo"],"relics":["Cracked Core","Golden Idol","Darkstone Periapt","Centennial Puzzle","Art of War","Smiling Mask"],"potions_floor_usage":[],"damage_taken":[{"damage":2,"enemies":"Jaw Worm","floor":1,"turns":4},{"damage":0,"enemies":"Small Slimes","floor":5,"turns":3},{"damage":13,"enemies":"3 Sentries","floor":7,"turns":8},{"damage":0,"enemies":"2 Louse","floor":12,"turns":1},{"damage":4,"enemies":"Gremlin Nob","floor":13,"turns":3},{"damage":57,"enemies":"The Guardian","floor":16,"turns":9}],"seed_played":"2761450567458122402","potions_obtained":[{"floor":7,"key":"SmokeBomb"}],"is_trial":false,"path_per_floor":["M","?","?","$","M","R","E","R","T","$","T","M","E","?","R","B"],"character_chosen":"DEFECT","items_purchased":["Flash of Steel","Gash","Streamline"],"campfire_rested":1,"item_purchase_floors":[4,4,10],"current_hp_per_floor":[66,49,49,49,49,68,55,55,55,55,55,55,51,56,56,0],"gold":199,"neow_bonus":"REMOVE_TWO","is_prod":false,"is_daily":false,"chose_seed":false,"campfire_upgraded":2,"win_rate":0,"timestamp":1549265098,"path_taken":["M","?","?","$","M","R","E","R","T","?","?","?","E","?","R","BOSS"],"build_version":"2019-01-23","purchased_purges":1,"victory":false,"max_hp_per_floor":[68,68,68,68,68,68,68,68,68,68,68,68,68,73,73,73],"card_choices":[{"not_picked":["Stack","Skim"],"picked":"Cold Snap","floor":1},{"not_picked":["Defragment","Barrage"],"picked":"Steam","floor":5},{"not_picked":["Self Repair","Leap"],"picked":"Rebound","floor":7},{"not_picked":["Hello World","Aggregate"],"picked":"Gash","floor":12},{"not_picked":["Force Field","Self Repair"],"picked":"Turbo","floor":13}],"player_experience":720077,"relics_obtained":[{"floor":7,"key":"Darkstone Periapt"},{"floor":9,"key":"Centennial Puzzle"},{"floor":11,"key":"Art of War"},{"floor":13,"key":"Smiling Mask"}],"event_choices":[{"damage_healed":0,"gold_gain":0,"player_choice":"Take Damage","damage_taken":17,"relics_obtained":["Golden Idol"],"max_hp_gain":0,"max_hp_loss":0,"event_name":"Golden Idol","floor":2,"gold_loss":0},{"damage_healed":0,"gold_gain":175,"player_choice":"AGREE","damage_taken":0,"max_hp_gain":0,"max_hp_loss":0,"event_name":"Liars Game","floor":3,"gold_loss":0,"cards_obtained":["Doubt"]},{"damage_healed":0,"gold_gain":0,"player_choice":"Donut","damage_taken":0,"max_hp_gain":5,"max_hp_loss":0,"event_name":"Big Fish","floor":14,"gold_loss":0}],"is_beta":false,"boss_relics":[],"items_purged_floors":[4],"is_endless":false,"potions_floor_spawned":[7],"killed_by":"The Guardian","ascension_level":9}