{"gold_per_floor":[115,115,133,110,157,185,185,210,237,162,162,179,196,212,212,314,314,239,252,252],"floor_reached":20,"playtime":1273,"items_purged":["Strike_B"],"score":300,"play_id":"c2a136b3-64bb-4cf6-903e-6dda0a9b62bb","local_time":"20190204095010","is_ascension_mode":true,"campfire_choices":[{"data":"Dualcast","floor":7,"key":"SMITH"},{"floor":15,"key":"REST"}],"neow_cost":"NONE","seed_source_timestamp":1286198816388,"circlet_count":0,"master_deck":["Strike_B","Strike_B","Defend_B","Defend_B","Defend_B","Defend_B","Zap+1","Dualcast+1","Sweeping Beam","Glacier","Sweeping Beam","Compile Driver","Consume","Self Repair","Steam","Seek","Stack+1","Chill+1"],"relics":["FrozenCore","NeowsBlessing","Bag of Preparation","Darkstone Periapt","Du-Vu Doll","Omamori"],"potions_floor_usage":[16],"damage_taken":[{"damage":0,"enemies":"Cultist","floor":1,"turns":1},{"damage":0,"enemies":"Jaw Worm","floor":3,"turns":1},{"damage":0,"enemies":"3 Sentries","floor":6,"turns":1},{"damage":9,"enemies":"Lagavulin","floor":8,"turns":8},{"damage":12,"enemies":"Small Slimes","floor":12,"turns":2},{"damage":15,"enemies":"Exordium Thugs","floor":13,"turns":6},{"damage":11,"enemies":"Blue Slaver","floor":14,"turns":4},{"damage":17,"enemies":"The Guardian","floor":16,"turns":16},{"damage":13,"enemies":"2 Thieves","floor":18,"turns":5},{"damage":13,"enemies":"Shell Parasite","floor":19,"turns":16},{"damage":62,"enemies":"3 Cultists","floor":20,"turns":5}],"seed_played":"-2698078855445871970","potions_obtained":[{"floor":3,"key":"AttackPotion"},{"floor":12,"key":"PowerPotion"},{"floor":13,"key":"GamblersBrew"}],"is_trial":false,"path_per_floor":["M","?","M","$","T","E","R","E","T","$","?","M","M","M","R","B",null,"M","M","M"],"character_chosen":"DEFECT","items_purchased":["Sweeping Beam"],"campfire_rested":1,"item_purchase_floors":[4],"current_hp_per_floor":[68,68,68,68,68,68,68,59,59,59,59,47,39,35,57,47,68,62,56,0],"gold":252,"neow_bonus":"THREE_ENEMY_KILL","is_prod":false,"is_daily":false,"chose_seed":false,"campfire_upgraded":1,"win_rate":0,"timestamp":1549252210,"path_taken":["M","?","M","$","?","E","R","E","T","?","?","?","M","M","R","BOSS","M","M","M"],"build_version":"2019-01-23","purchased_purges":1,"victory":false,"max_hp_per_floor":[75,75,75,75,75,75,75,75,75,75,75,75,75,75,75,75,75,75,75,75],"card_choices":[{"not_picked":["Beam Cell","Compile Driver"],"picked":"Sweeping Beam","floor":1},{"not_picked":["Gash","White Noise"],"picked":"Glacier","floor":3},{"not_picked":["Beam Cell","Aggregate"],"picked":"Compile Driver","floor":6},{"not_picked":["Aggregate","Beam Cell"],"picked":"Consume","floor":8},{"not_picked":["Reboot","Static Discharge"],"picked":"Self Repair","floor":12},{"not_picked":["Gash","Compile Driver","Barrage"],"picked":"SKIP","floor":13},{"not_picked":["Self Repair","Hologram"],"picked":"Steam","floor":14},{"not_picked":["Buffer","Thunder Strike"],"picked":"Seek","floor":16},{"not_picked":["Gash","Lockon"],"picked":"Stack+1","floor":18},{"not_picked":["Rebound","Cold Snap"],"picked":"Chill+1","floor":19}],"player_experience":714018,"relics_obtained":[{"floor":5,"key":"Bag of Preparation"},{"floor":6,"key":"Darkstone Periapt"},{"floor":8,"key":"Du-Vu Doll"},{"floor":9,"key":"Omamori"}],"event_choices":[{"damage_healed":0,"gold_gain":0,"player_choice":"Forge","damage_taken":0,"max_hp_gain":0,"max_hp_loss":0,"event_name":"Accursed Blacksmith","floor":2,"gold_loss":0,"cards_upgraded":["Zap"]},{"cards_removed":["Strike_B"],"damage_healed":0,"gold_gain":0,"player_choice":"Purged","damage_taken":0,"max_hp_gain":0,"max_hp_loss":0,"event_name":"Purifier","floor":11,"gold_loss":0}],"is_beta":false,"boss_relics":[{"not_picked":["Snecko Eye","Lizard Tail"],"picked":"FrozenCore"}],"items_purged_floors":[10],"is_endless":false,"potions_floor_spawned":[3,12,13,14],"killed_by":"3 Cultists","ascension_level":9}