{"gold_per_floor":[114,114,39,39,114,114,134,134,134,153,153,53,66,81,81,81],"floor_reached":16,"playtime":794,"items_purged":["Strike_R","Strike_R"],"score":149,"play_id":"2e2beed8-0811-43fa-a260-61e43c6cc98e","local_time":"20181027193713","is_ascension_mode":true,"campfire_choices":[{"data":"Barricade","floor":6,"key":"SMITH"},{"data":"Entrench","floor":8,"key":"SMITH"},{"floor":15,"key":"REST"}],"neow_cost":"TEN_PERCENT_HP_LOSS","seed_source_timestamp":1509938154282174,"circlet_count":0,"master_deck":["Strike_R","Strike_R","Strike_R","Defend_R","Defend_R","Defend_R","Defend_R","Bash","AscendersBane","Barricade+1","Entrench+1","Burning Pact","Armaments","Body Slam"],"relics":["Burning Blood","NlothsMask","Lantern"],"potions_floor_usage":[10],"damage_taken":[{"damage":7,"enemies":"Small Slimes","floor":1,"turns":3},{"damage":6,"enemies":"Cultist","floor":7,"turns":4},{"damage":1,"enemies":"Jaw Worm","floor":10,"turns":4},{"damage":46,"enemies":"Exordium Thugs","floor":13,"turns":7},{"damage":15,"enemies":"3 Louse","floor":14,"turns":7},{"damage":33,"enemies":"Slime Boss","floor":16,"turns":3}],"seed_played":"-294088381448972030","potions_obtained":[{"floor":1,"key":"GamblersBrew"},{"floor":7,"key":"Energy Potion"}],"is_trial":false,"path_per_floor":["M","?","$","?","?","R","M","R","T","M","?","$","M","M","R"],"character_chosen":"IRONCLAD","items_purchased":[],"campfire_rested":1,"item_purchase_floors":[],"current_hp_per_floor":[71,71,71,59,48,48,48,48,48,53,58,58,18,9,32,0],"gold":81,"neow_bonus":"THREE_RARE_CARDS","is_prod":false,"is_daily":false,"chose_seed":false,"campfire_upgraded":2,"win_rate":0,"timestamp":1540661833,"path_taken":["M","?","?","?","?","R","M","R","T","M","?","$","M","M","R","BOSS"],"build_version":"2018-10-25v2","purchased_purges":2,"victory":false,"max_hp_per_floor":[72,72,72,72,72,72,72,72,72,72,77,77,77,77,77,77],"card_choices":[{"not_picked":["Juggernaut","Exhume"],"picked":"Barricade","floor":0},{"not_picked":["Combust","Clothesline","Sword Boomerang"],"picked":"SKIP","floor":1},{"not_picked":["Clash","Perfected Strike"],"picked":"Entrench","floor":7},{"not_picked":["Power Through","Twin Strike"],"picked":"Burning Pact","floor":10},{"not_picked":["Warcry","Power Through"],"picked":"Armaments","floor":13},{"not_picked":["Flex","Wild Strike"],"picked":"Body Slam","floor":14}],"player_experience":412376,"relics_obtained":[],"event_choices":[{"damage_healed":0,"gold_gain":0,"player_choice":"Trade","damage_taken":0,"relics_obtained":["NlothsMask"],"max_hp_gain":0,"max_hp_loss":0,"event_name":"FaceTrader","floor":2,"gold_loss":0},{"damage_healed":0,"gold_gain":0,"player_choice":"Success","damage_taken":12,"relics_obtained":["Lantern"],"max_hp_gain":0,"max_hp_loss":0,"event_name":"Scrap Ooze","floor":4,"gold_loss":0},{"damage_healed":0,"gold_gain":75,"player_choice":"Gather Gold","damage_taken":11,"max_hp_gain":0,"max_hp_loss":0,"event_name":"World of Goop","floor":5,"gold_loss":0},{"damage_healed":0,"gold_gain":0,"player_choice":"Donut","damage_taken":0,"max_hp_gain":5,"max_hp_loss":0,"event_name":"Big Fish","floor":11,"gold_loss":0}],"is_beta":true,"boss_relics":[],"items_purged_floors":[3,12],"is_endless":false,"potions_floor_spawned":[1,7],"killed_by":"Slime Boss","ascension_level":13}