{"gold_per_floor":[111,61,61,136,136,136,151,151,177,177,202,218,12,50,50,176,176,189,189,208,208],"floor_reached":21,"playtime":817,"items_purged":["Defend_B"],"score":274,"play_id":"ab4af4e7-b5e9-4961-b684-de26f1a0057f","local_time":"20190122210615","is_ascension_mode":true,"campfire_choices":[{"data":"Zap","floor":6,"key":"SMITH"},{"data":"Gash","floor":10,"key":"SMITH"},{"floor":15,"key":"REST"}],"neow_cost":"NONE","seed_source_timestamp":292824148617749,"circlet_count":0,"master_deck":["AscendersBane","Strike_B","Strike_B","Defend_B+1","Zap+1","Dualcast+1","Gash+1","Leap","Beam Cell","Conserve Battery","Gash","Go for the Eyes","Conserve Battery","Machine Learning","Steam+1","Steam"],"relics":["Cracked Core","Happy Flower","Golden Idol","Bag of Preparation","StoneCalendar","War Paint","Bag of Marbles","Empty Cage"],"potions_floor_usage":[],"damage_taken":[{"damage":6,"enemies":"2 Louse","floor":1,"turns":2},{"damage":2,"enemies":"Small Slimes","floor":7,"turns":3},{"damage":0,"enemies":"Cultist","floor":11,"turns":3},{"damage":0,"enemies":"Blue Slaver","floor":12,"turns":3},{"damage":22,"enemies":"3 Sentries","floor":14,"turns":7},{"damage":31,"enemies":"Slime Boss","floor":16,"turns":8},{"damage":11,"enemies":"Spheric Guardian","floor":18,"turns":3},{"damage":4,"enemies":"Shell Parasite","floor":20,"turns":6},{"damage":56,"enemies":"Cultist and Chosen","floor":21,"turns":6}],"seed_played":"-7199855525629036095","potions_obtained":[{"floor":7,"key":"Ancient Potion"},{"floor":11,"key":"FearPotion"}],"is_trial":false,"path_per_floor":["?","?","?","?","T","$","?"],"character_chosen":"DEFECT","items_purchased":["Gash","Go for the Eyes","Conserve Battery"],"campfire_rested":1,"item_purchase_floors":[13,13,13],"current_hp_per_floor":[62,62,62,51,48,48,46,46,46,46,46,46,46,24,44,13,55,44,44,40,0],"gold":208,"neow_bonus":"RANDOM_COMMON_RELIC","is_prod":false,"is_daily":false,"chose_seed":false,"campfire_upgraded":2,"win_rate":0,"timestamp":1548187575,"path_taken":["M","?","?","?","?","R","M","?","T","R","M","M","?","E","R","BOSS","M","?","M","M"],"build_version":"2019-01-20","purchased_purges":1,"victory":false,"max_hp_per_floor":[75,75,69,69,69,69,69,69,69,69,69,69,69,69,69,69,69,69,69,69,69],"card_choices":[{"not_picked":["Steam","Defragment"],"picked":"Gash","floor":1},{"not_picked":["Blizzard","Heatsinks"],"picked":"Leap","floor":7},{"not_picked":["Chaos","Sweeping Beam"],"picked":"Beam Cell","floor":11},{"not_picked":["BootSequence","Loop"],"picked":"Conserve Battery","floor":12},{"not_picked":["Force Field","Rebound","Barrage"],"picked":"SKIP","floor":14},{"not_picked":["Fission","Core Surge"],"picked":"Machine Learning","floor":16},{"not_picked":["Sunder+1","Barrage"],"picked":"Steam+1","floor":18},{"not_picked":["Rebound+1","Loop"],"picked":"Steam","floor":20}],"player_experience":605429,"relics_obtained":[{"floor":8,"key":"StoneCalendar"},{"floor":9,"key":"War Paint"},{"floor":14,"key":"Bag of Marbles"}],"event_choices":[{"cards_removed":["Strike_B"],"damage_healed":0,"gold_gain":0,"player_choice":"Card Removal","damage_taken":0,"max_hp_gain":0,"max_hp_loss":0,"event_name":"The Cleric","floor":2,"gold_loss":50},{"damage_healed":0,"gold_gain":0,"player_choice":"Lose Max HP","damage_taken":0,"relics_obtained":["Golden Idol"],"max_hp_gain":0,"max_hp_loss":6,"event_name":"Golden Idol","floor":3,"gold_loss":0},{"damage_healed":0,"gold_gain":75,"player_choice":"Gather Gold","damage_taken":11,"max_hp_gain":0,"max_hp_loss":0,"event_name":"World of Goop","floor":4,"gold_loss":0},{"damage_healed":0,"gold_gain":0,"player_choice":"Success","damage_taken":3,"relics_obtained":["Bag of Preparation"],"max_hp_gain":0,"max_hp_loss":0,"event_name":"Scrap Ooze","floor":5,"gold_loss":0},{"cards_removed":["Defend_B"],"damage_healed":0,"gold_gain":0,"player_choice":"Elegance","damage_taken":0,"max_hp_gain":0,"max_hp_loss":0,"event_name":"Back to Basics","floor":19,"gold_loss":0}],"is_beta":true,"boss_relics":[{"not_picked":["Velvet Choker","Coffee Dripper"],"picked":"Empty Cage"}],"items_purged_floors":[13],"is_endless":false,"potions_floor_spawned":[7,11,14,18],"killed_by":"Cultist and Chosen","ascension_level":11}