{"gold_per_floor":[114,132,132,144,162,162,173,98,98,98,115,144,156,167,167,246,246,265,277,277,177,204,204,204],"floor_reached":24,"playtime":1133,"items_purged":["Strike_R","Strike_R"],"score":350,"play_id":"5bf21ead-8066-4a7f-8ff8-64ab9081f9b7","local_time":"20190128142912","is_ascension_mode":true,"campfire_choices":[{"data":"Heavy Blade","floor":6,"key":"SMITH"},{"data":"Inflame","floor":10,"key":"SMITH"},{"floor":15,"key":"REST"},{"floor":23,"key":"REST"}],"neow_cost":"NONE","seed_source_timestamp":787082209343910,"circlet_count":0,"master_deck":["AscendersBane","Strike_R","Strike_R","Strike_R","Defend_R","Defend_R","Defend_R","Defend_R","Bash","Inflame+1","Heavy Blade+1","Warcry","Pummel","Flex","Seeing Red","Demon Form","Shrug It Off","Cleave+1","Ghostly Armor"],"special_seed":0,"relics":["Burning Blood","Molten Egg 2","Peace Pipe","Sozu","Nloth\u0027s Gift","Red Mask"],"potions_floor_usage":[12,16,22],"damage_taken":[{"damage":1.0,"enemies":"Cultist","floor":1.0,"turns":4.0},{"damage":1,"enemies":"2 Louse","floor":2,"turns":4},{"damage":9,"enemies":"Jaw Worm","floor":4,"turns":3},{"damage":11,"enemies":"Blue Slaver","floor":5,"turns":3},{"damage":7,"enemies":"Looter","floor":7,"turns":4},{"damage":14,"enemies":"Exordium Wildlife","floor":11,"turns":5},{"damage":33,"enemies":"3 Sentries","floor":12,"turns":8},{"damage":16,"enemies":"Large Slime","floor":13,"turns":4},{"damage":16,"enemies":"Blue Slaver","floor":14,"turns":3},{"damage":15,"enemies":"Slime Boss","floor":16,"turns":7},{"damage":28,"enemies":"Spheric Guardian","floor":18,"turns":5},{"damage":7,"enemies":"Chosen","floor":19,"turns":3},{"damage":40,"enemies":"Masked Bandits","floor":22,"turns":4},{"damage":31,"enemies":"Sentry and Sphere","floor":24,"turns":5}],"seed_played":"7404211035355525283","potions_obtained":[{"floor":1.0,"key":"EssenceOfSteel"},{"floor":2,"key":"FearPotion"},{"floor":13,"key":"LiquidBronze"},{"floor":14,"key":"Strength Potion"},{"floor":16,"key":"Weak Potion"}],"is_trial":false,"path_per_floor":["M","M","?","M","M","R","M","$","T","R","M","E","M","M","R","B",null,"M","M","?","$","?","R","M"],"character_chosen":"IRONCLAD","items_purchased":[],"campfire_rested":2,"item_purchase_floors":[],"current_hp_per_floor":[73,75,75,72,67,67,66,66,66,66,58,31,21,11,48,39,66,44,43,43,43,9,31,0],"gold":204,"neow_bonus":"RANDOM_COMMON_RELIC","is_prod":false,"is_daily":false,"chose_seed":false,"campfire_upgraded":2,"win_rate":0,"timestamp":1548682152,"path_taken":["M","M","?","?","?","R","M","$","T","R","M","E","M","M","R","BOSS","M","M","?","?","?","R","M"],"build_version":"2019-01-23","purchased_purges":2,"victory":false,"max_hp_per_floor":[75,75,75,75,75,75,75,75,75,75,75,75,75,75,75,75,75,75,75,75,75,75,75,75],"card_choices":[{"not_picked":["Uppercut","Rupture"],"picked":"Inflame","floor":1.0},{"not_picked":["Iron Wave","Dropkick"],"picked":"Heavy Blade","floor":2},{"not_picked":["Reckless Charge","Perfected Strike","Iron Wave"],"picked":"SKIP","floor":4},{"not_picked":["Carnage","Havoc","Wild Strike"],"picked":"SKIP","floor":5},{"not_picked":["Body Slam","Pommel Strike"],"picked":"Pummel","floor":7},{"not_picked":["Bloodletting","Perfected Strike+1","Havoc"],"picked":"SKIP","floor":11},{"not_picked":["Sentinel","Headbutt+1"],"picked":"Flex","floor":12},{"not_picked":["Warcry","Evolve","Power Through"],"picked":"SKIP","floor":13},{"not_picked":["Corruption","Clash+1"],"picked":"Seeing Red","floor":14},{"not_picked":["Fiend Fire+1","Immolate+1"],"picked":"Demon Form","floor":16},{"not_picked":["Combust","Twin Strike+1"],"picked":"Shrug It Off","floor":18},{"not_picked":["Sever Soul+1","Flex+1"],"picked":"Cleave+1","floor":19},{"not_picked":["Headbutt+1","Dark Embrace"],"picked":"Ghostly Armor","floor":22}],"player_experience":653661,"relics_obtained":[{"floor":9,"key":"Molten Egg 2"},{"floor":12,"key":"Peace Pipe"},{"floor":22,"key":"Red Mask"}],"event_choices":[{"damage_healed":0,"gold_gain":0,"player_choice":"1 cards matched","damage_taken":0,"max_hp_gain":0,"max_hp_loss":0,"event_name":"Match and Keep!","floor":3,"gold_loss":0,"cards_obtained":["Warcry"]},{"damage_healed":0,"gold_gain":0,"player_choice":"Traded Relic","damage_taken":0,"relics_obtained":["Nloth\u0027s Gift"],"max_hp_gain":0,"max_hp_loss":0,"event_name":"N\u0027loth","floor":20,"relics_lost":["Regal Pillow"],"gold_loss":0},{"damage_healed":0,"gold_gain":0,"player_choice":"Fought Bandits","damage_taken":0,"max_hp_gain":0,"max_hp_loss":0,"event_name":"Masked Bandits","floor":22,"gold_loss":0}],"is_beta":true,"boss_relics":[{"not_picked":["Eternal Feather","Black Star"],"picked":"Sozu"}],"items_purged_floors":[8,21],"is_endless":false,"potions_floor_spawned":[1,2,11,13,14,16,22],"killed_by":"Sentry and Sphere","ascension_level":15}