{"gold_per_floor":[367,224,25,42,56,56,85,85,85,85,143,153,166,93,93,194,194,210,199,209,222,9,43,43,43],"floor_reached":25,"playtime":1253,"items_purged":["Writhe","Strike_R","Strike_R"],"score":340,"play_id":"90cd792d-882f-4d21-8ffc-b949a88e1867","local_time":"20190205005210","is_ascension_mode":true,"campfire_choices":[{"data":"Rage","floor":6,"key":"SMITH"},{"data":"Carnage","floor":8,"key":"SMITH"},{"data":"Cleave","floor":10,"key":"SMITH"},{"data":"Heavy Blade","floor":15,"key":"SMITH"},{"floor":24,"key":"REST"}],"neow_cost":"CURSE","seed_source_timestamp":1794322033642700,"circlet_count":0,"master_deck":["Strike_R","Strike_R","Strike_R","Defend_R","Defend_R","Defend_R","Defend_R","Bash","Pommel Strike","Shrug It Off","Iron Wave","Shrug It Off","Rage+1","Carnage+1","Cleave+1","Flex","Heavy Blade+1","Twin Strike","Heavy Blade","Inflame+1","Limit Break","Pommel Strike","Sword Boomerang+1","Battle Trance+1","Flex","Dual Wield","True Grit+1"],"relics":["Burning Blood","Question Card","Frozen Egg 2","Tiny Chest","Mark of Pain","Dead Branch"],"potions_floor_usage":[13,18,19,19,23,23],"damage_taken":[{"damage":5,"enemies":"Cultist","floor":1,"turns":4},{"damage":0,"enemies":"2 Louse","floor":4,"turns":3},{"damage":7,"enemies":"Jaw Worm","floor":5,"turns":2},{"damage":15,"enemies":"Gremlin Nob","floor":7,"turns":4},{"damage":15,"enemies":"3 Sentries","floor":11,"turns":6},{"damage":0,"enemies":"Blue Slaver","floor":12,"turns":4},{"damage":6,"enemies":"Lots of Slimes","floor":13,"turns":3},{"damage":0,"enemies":"Slime Boss","floor":16,"turns":7},{"damage":11,"enemies":"3 Byrds","floor":18,"turns":5},{"damage":14,"enemies":"2 Thieves","floor":19,"turns":4},{"damage":28,"enemies":"Shelled Parasite and Fungi","floor":20,"turns":4},{"damage":27,"enemies":"Snecko","floor":21,"turns":4},{"damage":26,"enemies":"Book of Stabbing","floor":23,"turns":4},{"damage":46,"enemies":"Slavers","floor":25,"turns":4}],"seed_played":"-4351750716507918220","potions_obtained":[{"floor":4,"key":"Energy Potion"},{"floor":5,"key":"Regen Potion"},{"floor":11,"key":"Energy Potion"},{"floor":18,"key":"EssenceOfSteel"},{"floor":20,"key":"SpeedPotion"}],"is_trial":false,"path_per_floor":["M","$","$","M","M","R","E","R","T","R","E","M","M","$","R","B",null,"M","M","M","M","$","E","R","E"],"character_chosen":"IRONCLAD","items_purchased":["Shrug It Off","Iron Wave","Shrug It Off","Rage","Inflame+1","Dual Wield","Energy Potion"],"campfire_rested":1,"item_purchase_floors":[2,2,3,3,14,22,22],"current_hp_per_floor":[80,80,80,80,79,79,70,70,70,70,61,67,67,67,67,73,80,75,79,57,36,36,16,40,0],"gold":43,"neow_bonus":"TWO_FIFTY_GOLD","is_prod":false,"is_daily":false,"chose_seed":false,"campfire_upgraded":4,"win_rate":0,"timestamp":1549345930,"path_taken":["M","?","$","M","M","R","E","R","T","R","E","M","?","$","R","BOSS","M","M","M","M","$","E","R","E"],"build_version":"2019-01-23","purchased_purges":3,"victory":false,"max_hp_per_floor":[80,80,80,80,80,80,80,80,80,80,80,80,80,80,80,80,80,80,80,80,80,80,80,80,80],"card_choices":[{"not_picked":["Warcry","Heavy Blade"],"picked":"Pommel Strike","floor":1},{"not_picked":["Sword Boomerang","Flex"],"picked":"Carnage","floor":4},{"not_picked":["Sever Soul","True Grit"],"picked":"Cleave","floor":5},{"not_picked":["Sword Boomerang","Cleave"],"picked":"Flex","floor":7},{"not_picked":["Shrug It Off","Wild Strike","Twin Strike"],"picked":"Heavy Blade","floor":11},{"not_picked":["Havoc","Second Wind","Sword Boomerang"],"picked":"Twin Strike","floor":12},{"not_picked":["Bludgeon","Havoc","Cleave"],"picked":"Heavy Blade","floor":13},{"not_picked":["Berserk+1","Exhume","Bludgeon"],"picked":"Limit Break","floor":16},{"not_picked":["Carnage","Bloodletting","Perfected Strike"],"picked":"Pommel Strike","floor":18},{"not_picked":["Cleave+1","Flex","Corruption+1"],"picked":"Sword Boomerang+1","floor":19},{"not_picked":["Twin Strike","Anger+1","Carnage"],"picked":"Battle Trance+1","floor":20},{"not_picked":["Pommel Strike","Sword Boomerang","Dark Embrace+1"],"picked":"Flex","floor":21},{"not_picked":["Exhume","Twin Strike","Metallicize+1"],"picked":"True Grit+1","floor":23}],"player_experience":224598,"relics_obtained":[{"floor":7,"key":"Question Card"},{"floor":9,"key":"Frozen Egg 2"},{"floor":11,"key":"Tiny Chest"},{"floor":23,"key":"Dead Branch"}],"event_choices":[],"is_beta":false,"boss_relics":[{"not_picked":["Black Star","Ectoplasm"],"picked":"Mark of Pain"}],"items_purged_floors":[2,3,22],"is_endless":false,"potions_floor_spawned":[4,5,11,18,20],"killed_by":"Slavers","ascension_level":4}