{"gold_per_floor":[116,131,81,256,256,282,305,319,344,114,114,149,169,181,181,278,278,296,386,398,411,424,454,454,487,541,541,573,573,608,269,269,374,374,388,398,409,454,454,482,482,482,508,539,539,239,239,63,63,63],"floor_reached":51,"playtime":3608,"items_purged":["Doubt","Anger"],"score":1083,"play_id":"8e70392e-251c-426d-ba3a-ab52dabc1987","local_time":"20190131130926","is_ascension_mode":true,"campfire_choices":[{"data":"Armaments","floor":15,"key":"SMITH"},{"floor":24,"key":"REST"},{"floor":27,"key":"REST"},{"data":"Seeing Red","floor":29,"key":"SMITH"},{"data":"Clothesline","floor":32,"key":"SMITH"},{"floor":41,"key":"REST"},{"data":"Dark Embrace","floor":45,"key":"SMITH"},{"data":"Immolate","floor":47,"key":"SMITH"},{"data":"Inflame","floor":49,"key":"SMITH"}],"neow_cost":"NONE","seed_source_timestamp":87375031888600,"circlet_count":0,"master_deck":["Strike_R","Strike_R","Strike_R","Strike_R","Defend_R","Defend_R","Defend_R","Defend_R","Bash","Whirlwind+1","Pommel Strike","Armaments+1","Shrug It Off","Immolate+1","Spot Weakness","Pummel","Clothesline+1","Limit Break","Inflame+1","Seeing Red+1","Double Tap","Shockwave+1","Heavy Blade","Reaper","Madness","Madness","Corruption+1","Dark Embrace+1","Apotheosis"],"relics":["Burning Blood","NeowsBlessing","Art of War","Blood Vial","Dream Catcher","Bag of Preparation","Lantern","Singing Bowl","Centennial Puzzle","Snecko Eye","Omamori","Orichalcum","Ancient Tea Set","Mercury Hourglass","Pen Nib","Self Forming Clay","Eternal Feather","Dead Branch","Regal Pillow","Oddly Smooth Stone","StoneCalendar","Champion Belt"],"potions_floor_usage":[12,22,25,25,50,50],"damage_taken":[{"damage":0,"enemies":"Cultist","floor":1,"turns":1},{"damage":0,"enemies":"Jaw Worm","floor":2,"turns":1},{"damage":0,"enemies":"Lagavulin","floor":6,"turns":1},{"damage":11,"enemies":"2 Louse","floor":8,"turns":3},{"damage":0,"enemies":"3 Sentries","floor":12,"turns":5},{"damage":2,"enemies":"Looter","floor":13,"turns":3},{"damage":0,"enemies":"Gremlin Gang","floor":14,"turns":1},{"damage":28,"enemies":"Slime Boss","floor":16,"turns":10},{"damage":0,"enemies":"Chosen","floor":18,"turns":4},{"damage":2,"enemies":"3 Byrds","floor":20,"turns":3},{"damage":7,"enemies":"Shelled Parasite and Fungi","floor":21,"turns":3},{"damage":0,"enemies":"Sentry and Sphere","floor":22,"turns":3},{"damage":74,"enemies":"Book of Stabbing","floor":23,"turns":6},{"damage":21,"enemies":"Slavers","floor":25,"turns":3},{"damage":0,"enemies":"Gremlin Leader","floor":28,"turns":3},{"damage":15,"enemies":"Book of Stabbing","floor":30,"turns":3},{"damage":48,"enemies":"Automaton","floor":33,"turns":5},{"damage":12,"enemies":"3 Darklings","floor":35,"turns":3},{"damage":0,"enemies":"3 Shapes","floor":36,"turns":1},{"damage":13,"enemies":"Spire Growth","floor":37,"turns":3},{"damage":24,"enemies":"2 Orb Walkers","floor":38,"turns":3},{"damage":68,"enemies":"Nemesis","floor":40,"turns":9},{"damage":15,"enemies":"Giant Head","floor":44,"turns":6},{"damage":32,"enemies":"Donu and Deca","floor":50,"turns":4}],"seed_played":"-7694748667337942830","potions_obtained":[{"floor":2,"key":"Dexterity Potion"},{"floor":6,"key":"Explosive Potion"},{"floor":14,"key":"BloodPotion"},{"floor":21,"key":"Fire Potion"},{"floor":23,"key":"Block Potion"},{"floor":35,"key":"EssenceOfSteel"},{"floor":40,"key":"SpeedPotion"}],"is_trial":false,"path_per_floor":["M","M","?","?","?","E","T","M","T","$","T","E","M","M","R","B",null,"M","?","M","M","M","E","R","E","T","R","E","R","E","$","R","B",null,"M","M","M","?","?","E","R","?","T","E","R","$","R","$","R","B",null],"character_chosen":"IRONCLAD","items_purchased":["Lantern","Self Forming Clay","Champion Belt","Apotheosis"],"campfire_rested":3,"item_purchase_floors":[10,31,46,48],"current_hp_per_floor":[78,80,80,80,68,74,74,71,71,71,71,81,84,84,84,62,79,84,68,74,75,83,18,43,38,38,65,73,73,68,68,68,28,75,71,79,74,85,73,27,85,85,85,85,94,94,94,94,94,68],"gold":63,"neow_bonus":"THREE_ENEMY_KILL","is_prod":false,"is_daily":false,"chose_seed":false,"campfire_upgraded":6,"win_rate":0,"timestamp":1548911366,"path_taken":["M","M","?","?","?","E","?","?","T","$","?","E","M","M","R","BOSS","M","?","?","M","M","E","R","E","T","R","E","R","E","$","R","BOSS","M","M","M","?","?","E","R","?","T","E","R","$","R","$","R","BOSS"],"build_version":"2019-01-23","purchased_purges":2,"victory":true,"max_hp_per_floor":[80,80,80,80,80,80,80,80,80,80,80,82,84,84,84,84,84,84,84,84,84,84,86,86,86,86,88,88,88,90,90,90,90,90,90,90,90,92,92,94,94,94,94,94,94,94,94,94,94,94],"card_choices":[{"not_picked":["Cleave","Wild Strike"],"picked":"Whirlwind","floor":1},{"not_picked":["Rampage","Headbutt"],"picked":"Anger","floor":2},{"not_picked":["True Grit","Exhume"],"picked":"Pommel Strike","floor":6},{"not_picked":["Clash","Fire Breathing"],"picked":"Armaments","floor":8},{"not_picked":["Sword Boomerang","Brutality","Fire Breathing"],"picked":"Singing Bowl","floor":12},{"not_picked":["Anger","Cleave","Dropkick"],"picked":"Singing Bowl","floor":13},{"not_picked":["Anger","Headbutt"],"picked":"Shrug It Off","floor":14},{"not_picked":["Offering","Dark Embrace"],"picked":"Immolate","floor":16},{"not_picked":["Combust","Iron Wave"],"picked":"Spot Weakness","floor":18},{"not_picked":["Flex+1","Twin Strike"],"picked":"Pummel","floor":20},{"not_picked":["Combust","Havoc"],"picked":"Clothesline","floor":21},{"not_picked":["Sword Boomerang","Rage"],"picked":"Limit Break","floor":22},{"not_picked":["Twin Strike","Body Slam","Shrug It Off+1"],"picked":"Singing Bowl","floor":23},{"not_picked":["Feed","Reaper"],"picked":"Inflame","floor":25},{"not_picked":["Headbutt","Carnage","Power Through"],"picked":"Singing Bowl","floor":27},{"not_picked":["Infernal Blade","Pommel Strike"],"picked":"Seeing Red","floor":28},{"not_picked":["Disarm","Sentinel","Armaments+1"],"picked":"Singing Bowl","floor":30},{"not_picked":["Berserk","Reaper"],"picked":"Double Tap","floor":33},{"not_picked":["Cleave","Rupture"],"picked":"Shockwave+1","floor":35},{"not_picked":["Battle Trance","Fire Breathing+1"],"picked":"Heavy Blade","floor":36},{"not_picked":["Anger+1","Body Slam+1"],"picked":"Reaper","floor":37},{"not_picked":["Clothesline","Heavy Blade","Pommel Strike"],"picked":"Singing Bowl","floor":38},{"not_picked":["Body Slam","Twin Strike","Perfected Strike"],"picked":"Singing Bowl","floor":40},{"not_picked":["Fire Breathing","Cleave+1"],"picked":"Corruption+1","floor":41},{"not_picked":["Pummel+1","Heavy Blade"],"picked":"Dark Embrace","floor":44}],"player_experience":206666,"relics_obtained":[{"floor":6,"key":"Blood Vial"},{"floor":7,"key":"Dream Catcher"},{"floor":9,"key":"Bag of Preparation"},{"floor":11,"key":"Singing Bowl"},{"floor":12,"key":"Centennial Puzzle"},{"floor":23,"key":"Omamori"},{"floor":25,"key":"Orichalcum"},{"floor":26,"key":"Ancient Tea Set"},{"floor":28,"key":"Mercury Hourglass"},{"floor":30,"key":"Pen Nib"},{"floor":38,"key":"Dead Branch"},{"floor":40,"key":"Regal Pillow"},{"floor":43,"key":"Oddly Smooth Stone"},{"floor":44,"key":"StoneCalendar"}],"event_choices":[{"cards_removed":["Strike_R"],"damage_healed":0,"gold_gain":0,"player_choice":"Card Removal","damage_taken":0,"max_hp_gain":0,"max_hp_loss":0,"event_name":"The Cleric","floor":3,"gold_loss":50},{"damage_healed":0,"gold_gain":175,"player_choice":"AGREE","damage_taken":0,"max_hp_gain":0,"max_hp_loss":0,"event_name":"Liars Game","floor":4,"gold_loss":0,"cards_obtained":["Doubt"]},{"damage_healed":0,"gold_gain":0,"player_choice":"Success","damage_taken":12,"relics_obtained":["Art of War"],"max_hp_gain":0,"max_hp_loss":0,"event_name":"Scrap Ooze","floor":5,"gold_loss":0},{"damage_healed":0,"gold_gain":90,"player_choice":"GOLD ","damage_taken":16,"max_hp_gain":0,"max_hp_loss":0,"event_name":"Knowing Skull","floor":19,"potions_obtained":[],"gold_loss":0,"cards_obtained":[]},{"damage_healed":0,"gold_gain":0,"player_choice":"Fight","damage_taken":0,"max_hp_gain":0,"max_hp_loss":0,"event_name":"Mysterious Sphere","floor":38,"gold_loss":0},{"damage_healed":0,"gold_gain":0,"player_choice":"Embrace Madness","damage_taken":12,"max_hp_gain":0,"max_hp_loss":0,"event_name":"Winding Halls","floor":39,"gold_loss":0,"cards_obtained":["Madness","Madness"]},{"damage_healed":0,"gold_gain":0,"player_choice":"Upgraded","damage_taken":0,"max_hp_gain":0,"max_hp_loss":0,"event_name":"Upgrade Shrine","floor":42,"gold_loss":0,"cards_upgraded":["Whirlwind"]}],"is_beta":false,"boss_relics":[{"not_picked":["Lizard Tail","Sozu"],"picked":"Snecko Eye"},{"not_picked":["Tiny House","Runic Dome"],"picked":"Eternal Feather"}],"items_purged_floors":[10,31],"is_endless":false,"potions_floor_spawned":[2,6,14,21,23,35,40,44],"ascension_level":6}