{"gold_per_floor":[365,365,46,62,77,77,152,152,152,179,191,51,51,63,63,165,165,179,199,199,209,209,209,224,224,250,268,283,283,297,322,322,423,423,439,458,476,68,68,68,96,96,148,177,177,192,206,219,219,219],"floor_reached":51,"playtime":3072,"items_purged":[],"score":756,"play_id":"e22c1bba-9f90-4ba2-bf29-9c23bcb76237","local_time":"20180628231404","is_ascension_mode":false,"campfire_choices":[{"data":"Sweeping Beam","floor":6,"key":"SMITH"},{"floor":8,"key":"REST"},{"data":"Zap","floor":13,"key":"SMITH"},{"floor":15,"key":"REST"},{"data":"Dualcast","floor":23,"key":"SMITH"},{"data":"Scrape","floor":25,"key":"SMITH"},{"floor":29,"key":"REST"},{"floor":32,"key":"REST"},{"data":"Madness","floor":40,"key":"SMITH"},{"data":"Self Repair","floor":42,"key":"SMITH"},{"floor":45,"key":"REST"},{"floor":49,"key":"REST"}],"neow_cost":"FIFTY_PERCENT_DAMAGE","seed_source_timestamp":31312045196321,"circlet_count":0,"master_deck":["Strike_B","Defend_B","Defend_B","Defend_B","Defend_B","Zap+1","Dualcast+1","Gash","Gash","Gash","Sweeping Beam+1","Skim","Rebound","All For One","Self Repair+1","All For One","Gash","Reprogram","White Noise+1","Scrape+1","All For One","Beam Cell","Redo+1","FTL","Turbo","Hyperbeam","Madness+1","Go for the Eyes","Beam Cell","Gash+1"],"relics":["Cracked Core","Blood Vial","Boot","Cables","Dream Catcher","Empty Cage","Art of War","Ancient Tea Set","Nuclear Battery","Ice Cream","Dead Branch","Bronze Scales","Smiling Mask"],"potions_floor_usage":[11,16,19,21,27,33,48,50,50],"damage_taken":[{"damage":1,"enemies":"2 Louse","floor":1,"turns":2},{"damage":0,"enemies":"Cultist","floor":4,"turns":3},{"damage":0,"enemies":"Small Slimes","floor":5,"turns":3},{"damage":14,"enemies":"3 Sentries","floor":10,"turns":5},{"damage":0,"enemies":"Looter","floor":11,"turns":2},{"damage":33,"enemies":"Gremlin Gang","floor":14,"turns":4},{"damage":14,"enemies":"Hexaghost","floor":16,"turns":7},{"damage":18,"enemies":"Chosen","floor":18,"turns":3},{"damage":25,"enemies":"Shell Parasite","floor":19,"turns":3},{"damage":5,"enemies":"Sentry and Sphere","floor":21,"turns":3},{"damage":28,"enemies":"Slaver and Parasite","floor":24,"turns":3},{"damage":11,"enemies":"Snake Plant","floor":27,"turns":3},{"damage":0,"enemies":"Cultist and Chosen","floor":28,"turns":3},{"damage":50,"enemies":"Centurion and Healer","floor":30,"turns":4},{"damage":27,"enemies":"Gremlin Leader","floor":31,"turns":4},{"damage":44,"enemies":"Champ","floor":33,"turns":5},{"damage":0,"enemies":"3 Shapes","floor":35,"turns":2},{"damage":0,"enemies":"3 Darklings","floor":36,"turns":2},{"damage":10,"enemies":"4 Shapes","floor":37,"turns":2},{"damage":13,"enemies":"Giant Head","floor":41,"turns":5},{"damage":54,"enemies":"2 Orb Walkers","floor":44,"turns":3},{"damage":5,"enemies":"Maw","floor":46,"turns":5},{"damage":9,"enemies":"3 Darklings","floor":47,"turns":2},{"damage":27,"enemies":"4 Shapes","floor":48,"turns":3},{"damage":71,"enemies":"Awakened One","floor":50,"turns":6}],"seed_played":"341126577342411056","potions_obtained":[{"floor":10,"key":"Block Potion"},{"floor":11,"key":"Poison Potion"},{"floor":16,"key":"FocusPotion"},{"floor":19,"key":"Regen Potion"},{"floor":24,"key":"Energy Potion"},{"floor":28,"key":"FairyPotion"},{"floor":31,"key":"Swift Potion"},{"floor":46,"key":"Block Potion"},{"floor":47,"key":"Strength Potion"},{"floor":48,"key":"Ancient Potion"}],"is_trial":false,"path_per_floor":["M","?","$","M","M","R","?","R","T","E","M","$","R","M","R","B",null,"M","M","?","M","?","R","M","R","T","M","M","R","M","E","R","B",null,"M","M","M","$","?","R","E","R","T","E","R","M","M","M","R","B"],"character_chosen":"DEFECT","items_purchased":["Gash","Blood Vial","Boot","All For One","Madness","Ice Cream"],"campfire_rested":6,"item_purchase_floors":[3,3,3,12,38,38],"current_hp_per_floor":[37,30,30,32,34,34,23,45,45,33,35,35,35,4,26,14,75,64,48,34,47,73,73,54,54,54,52,54,78,37,26,50,15,80,80,80,70,70,70,70,66,66,66,14,38,45,38,13,37,18],"gold":219,"neow_bonus":"TWO_FIFTY_GOLD","is_prod":false,"is_daily":false,"chose_seed":false,"campfire_upgraded":6,"win_rate":0,"timestamp":1530220444,"path_taken":["M","?","$","M","M","R","?","R","T","E","?","$","R","?","R","BOSS","M","?","?","M","?","R","M","R","T","M","M","R","M","E","R","BOSS","M","M","?","$","?","R","E","R","T","E","R","M","M","M","R","BOSS"],"build_version":"2018-06-21v2","purchased_purges":0,"victory":true,"max_hp_per_floor":[75,75,75,75,75,75,75,75,75,75,75,75,75,75,75,75,75,75,75,80,80,80,80,80,80,80,80,80,80,80,80,80,80,80,80,80,80,80,80,80,80,80,80,80,80,80,80,80,80,80],"card_choices":[{"not_picked":["Hologram","Leap"],"picked":"Gash","floor":1},{"not_picked":["Redo","Go for the Eyes"],"picked":"Gash","floor":4},{"not_picked":["Chill","Streamline"],"picked":"Sweeping Beam","floor":5},{"not_picked":["Aggregate","Force Field"],"picked":"Skim","floor":10},{"not_picked":["Static Discharge","Hologram"],"picked":"Rebound","floor":11},{"not_picked":["Barrage","Redo","Aggregate"],"picked":"SKIP","floor":14},{"not_picked":["Heatsinks","Redo"],"picked":"Self Repair","floor":15},{"not_picked":["Reboot","Machine Learning"],"picked":"All For One","floor":16},{"not_picked":["Leap","Hologram"],"picked":"Gash","floor":18},{"not_picked":["Sweeping Beam+1","Go for the Eyes"],"picked":"Reprogram","floor":19},{"not_picked":["Ball Lightning","Heatsinks+1"],"picked":"White Noise+1","floor":21},{"not_picked":["Coolheaded","Reinforced Body+1"],"picked":"Scrape","floor":24},{"not_picked":["Cold Snap+1","Redo"],"picked":"All For One","floor":27},{"not_picked":["Doom and Gloom","Hello World","Ball Lightning+1"],"picked":"SKIP","floor":28},{"not_picked":["Reinforced Body","Compile Driver"],"picked":"Beam Cell","floor":29},{"not_picked":["Compile Driver","Cold Snap"],"picked":"Redo+1","floor":30},{"not_picked":["Heatsinks+1","Streamline"],"picked":"FTL","floor":31},{"not_picked":["Multi-Cast","Compile Driver+1"],"picked":"Turbo","floor":32},{"not_picked":["All For One","Biased Cognition"],"picked":"Hyperbeam","floor":33},{"not_picked":["Redo+1","Auto Shields+1","Rip and Tear"],"picked":"SKIP","floor":35},{"not_picked":["Cold Snap+1","Streamline","Barrage"],"picked":"SKIP","floor":36},{"not_picked":["Streamline","Heatsinks+1","Redo+1"],"picked":"SKIP","floor":37},{"not_picked":["Blizzard","Buffer","Chaos"],"picked":"SKIP","floor":41},{"not_picked":["Steam","FTL"],"picked":"Go for the Eyes","floor":44},{"not_picked":["Rebound","Melter"],"picked":"Beam Cell","floor":46},{"not_picked":["Redo+1","Ball Lightning","Rebound+1"],"picked":"SKIP","floor":47},{"not_picked":["Static Discharge","Blizzard"],"picked":"Gash+1","floor":48}],"player_experience":222789,"relics_obtained":[{"floor":9,"key":"Cables"},{"floor":10,"key":"Dream Catcher"},{"floor":26,"key":"Art of War"},{"floor":31,"key":"Ancient Tea Set"},{"floor":41,"key":"Dead Branch"},{"floor":43,"key":"Bronze Scales"},{"floor":44,"key":"Smiling Mask"}],"event_choices":[{"event_name":"Golden Wing","player_choice":"Card Removal","floor":2,"damage_taken":0},{"event_name":"World of Goop","player_choice":"Gather Gold","floor":7,"damage_taken":0},{"event_name":"Forgotten Altar","player_choice":"Shed Blood","floor":20,"damage_taken":0},{"event_name":"The Library","player_choice":"Heal","floor":22,"damage_taken":0},{"event_name":"SecretPortal","player_choice":"Rejected Portal.","floor":39,"damage_taken":0}],"boss_relics":[{"not_picked":["Ectoplasm","Orrery"],"picked":"Empty Cage"},{"not_picked":["Runic Dome","Eternal Feather"],"picked":"Nuclear Battery"}],"items_purged_floors":[],"is_endless":false,"potions_floor_spawned":[10,11,16,19,24,28,31,46,47,48],"ascension_level":0}