{"gold_per_floor":[110,59,234,234,41,67,67,81,104,118,118,175,175,193,193,294,294,306,306,326,48,59,59],"floor_reached":23,"playtime":953,"items_purged":["Strike_B"],"score":325,"play_id":"4432653b-dd08-490c-9047-80ba57104e0e","local_time":"20190128132932","is_ascension_mode":true,"campfire_choices":[{"data":"Buffer","floor":7,"key":"SMITH"},{"data":"Coolheaded","floor":15,"key":"SMITH"}],"neow_cost":"NONE","seed_source_timestamp":1444100653952419,"circlet_count":0,"master_deck":["Strike_B","Strike_B","Defend_B","Defend_B","Defend_B","Defend_B","Zap","Dualcast","Sweeping Beam","Gash","Gash","Buffer+1","Coolheaded+1","Cold Snap","Buffer","Rebound+1","Consume","Streamline+1"],"relics":["FrozenCore","NeowsBlessing","DollysMirror","Juzu Bracelet","Vajra","Tiny Chest","DataDisk","Question Card","OrangePellets"],"potions_floor_usage":[22,23,23],"damage_taken":[{"damage":0,"enemies":"2 Louse","floor":1,"turns":1},{"damage":0,"enemies":"3 Sentries","floor":6,"turns":1},{"damage":0,"enemies":"Jaw Worm","floor":8,"turns":1},{"damage":0,"enemies":"Cultist","floor":10,"turns":3},{"damage":31,"enemies":"Lagavulin","floor":12,"turns":6},{"damage":0,"enemies":"2 Fungi Beasts","floor":14,"turns":3},{"damage":21,"enemies":"Slime Boss","floor":16,"turns":11},{"damage":10,"enemies":"3 Byrds","floor":18,"turns":6},{"damage":15,"enemies":"2 Thieves","floor":20,"turns":5},{"damage":3,"enemies":"Shelled Parasite and Fungi","floor":22,"turns":6},{"damage":39,"enemies":"Gremlin Leader","floor":23,"turns":8}],"seed_played":"-3006091723457082657","potions_obtained":[{"floor":6,"key":"Ancient Potion"},{"floor":8,"key":"LiquidBronze"},{"floor":10,"key":"FocusPotion"},{"floor":20,"key":"SkillPotion"},{"floor":22,"key":"SteroidPotion"}],"is_trial":false,"path_per_floor":["M","$","?","?","$","E","R","M","T","M","?","E","?","M","R","B",null,"M","T","M","$","M","E"],"character_chosen":"DEFECT","items_purchased":["Gash","DollysMirror","OrangePellets"],"campfire_rested":0,"item_purchase_floors":[2,5,21],"current_hp_per_floor":[68,68,68,61,61,61,61,61,61,61,61,30,30,30,30,9,59,49,49,34,34,31,0],"gold":59,"neow_bonus":"THREE_ENEMY_KILL","is_prod":false,"is_daily":false,"chose_seed":false,"campfire_upgraded":2,"win_rate":0,"timestamp":1548660572,"path_taken":["M","$","?","?","?","E","R","M","T","M","?","E","?","M","R","BOSS","M","?","M","$","M","E"],"build_version":"2019-01-23","purchased_purges":1,"victory":false,"max_hp_per_floor":[75,75,75,75,75,75,75,75,75,75,75,75,75,75,75,75,75,75,75,75,75,75,75],"card_choices":[{"not_picked":["Redo","Darkness"],"picked":"Sweeping Beam","floor":1},{"not_picked":["Ball Lightning","Redo"],"picked":"Buffer","floor":6},{"not_picked":["Steam","Barrage"],"picked":"Coolheaded","floor":8},{"not_picked":["Stack","Defragment","Buffer"],"picked":"SKIP","floor":10},{"not_picked":["Leap","Turbo","Force Field"],"picked":"SKIP","floor":12},{"not_picked":["Stack","Hello World"],"picked":"Cold Snap","floor":14},{"not_picked":["Hyperbeam","Rainbow"],"picked":"Buffer","floor":16},{"not_picked":["Redo","Blizzard"],"picked":"Rebound+1","floor":18},{"not_picked":["Double Energy","Tempest+1","Turbo"],"picked":"Consume","floor":20},{"not_picked":["Compile Driver+1","Cold Snap+1","Leap"],"picked":"Streamline+1","floor":22}],"player_experience":673206,"relics_obtained":[{"floor":6,"key":"Juzu Bracelet"},{"floor":9,"key":"Vajra"},{"floor":12,"key":"Tiny Chest"},{"floor":19,"key":"Question Card"}],"event_choices":[{"damage_healed":0,"gold_gain":175,"player_choice":"AGREE","damage_taken":0,"max_hp_gain":0,"max_hp_loss":0,"event_name":"Liars Game","floor":3,"gold_loss":0,"cards_obtained":["Doubt"]},{"cards_removed":["Doubt"],"damage_healed":0,"gold_gain":0,"player_choice":"Card Removal","damage_taken":7,"max_hp_gain":0,"max_hp_loss":0,"event_name":"Golden Wing","floor":4,"gold_loss":0},{"cards_removed":["Strike_B"],"damage_healed":0,"gold_gain":0,"player_choice":"Forget","damage_taken":0,"max_hp_gain":0,"max_hp_loss":0,"event_name":"Living Wall","floor":11,"gold_loss":0},{"damage_healed":0,"gold_gain":0,"player_choice":"Gave Potion","damage_taken":0,"relics_obtained":["DataDisk"],"max_hp_gain":0,"max_hp_loss":0,"event_name":"WeMeetAgain","floor":13,"gold_loss":0}],"is_beta":false,"boss_relics":[{"not_picked":["Ectoplasm","Nuclear Battery"],"picked":"FrozenCore"}],"items_purged_floors":[21],"is_endless":false,"potions_floor_spawned":[6,8,10,20,22],"killed_by":"Gremlin Leader","ascension_level":9}