{"gold_per_floor":[114,84,102,113,123,123,150,150,150,206,206,240,257,315,315,420,420,434,448,465,485,81,81],"floor_reached":23,"playtime":1083,"items_purged":[],"score":256,"play_id":"351eaa38-43b9-4978-b05b-20850d0b4c48","local_time":"20190203173426","is_ascension_mode":true,"campfire_choices":[{"data":"Heavy Blade","floor":6,"key":"SMITH"},{"data":"Inflame","floor":8,"key":"SMITH"},{"floor":11,"key":"REST"},{"floor":15,"key":"REST"}],"neow_cost":"NONE","seed_source_timestamp":1681827456621200,"circlet_count":0,"master_deck":["Strike_R","Strike_R","Strike_R","Strike_R","Strike_R","Defend_R","Defend_R","Defend_R","Defend_R","Bash","Inflame+1","Twin Strike","Shrug It Off","Heavy Blade+1","Pommel Strike","Ghostly Armor","Uppercut","Battle Trance","Immolate","Perfected Strike+1","Thunderclap+1","Shrug It Off+1","Flex+1","Dropkick"],"relics":["Burning Blood","Art of War","Shovel","Ice Cream","Bottled Lightning","Ancient Tea Set","Tiny Chest","Philosopher\u0027s Stone","Toxic Egg 2"],"potions_floor_usage":[7,7,10,10,14,19,20],"damage_taken":[{"damage":7,"enemies":"Small Slimes","floor":1,"turns":5},{"damage":5,"enemies":"Cultist","floor":3,"turns":5},{"damage":7,"enemies":"2 Louse","floor":4,"turns":4},{"damage":6,"enemies":"Looter","floor":5,"turns":4},{"damage":27,"enemies":"Gremlin Nob","floor":7,"turns":4},{"damage":52,"enemies":"Lagavulin Event","floor":10,"turns":7},{"damage":17,"enemies":"3 Sentries","floor":12,"turns":8},{"damage":0,"enemies":"2 Fungi Beasts","floor":13,"turns":2},{"damage":32,"enemies":"Gremlin Nob","floor":14,"turns":4},{"damage":34,"enemies":"The Guardian","floor":16,"turns":12},{"damage":20,"enemies":"2 Thieves","floor":18,"turns":3},{"damage":19,"enemies":"Shell Parasite","floor":19,"turns":5},{"damage":14,"enemies":"Cultist and Chosen","floor":20,"turns":4},{"damage":15,"enemies":"3 Cultists","floor":21,"turns":4},{"damage":36,"enemies":"Slavers","floor":23,"turns":2}],"seed_played":"4158129286187673819","potions_obtained":[{"floor":2,"key":"Regen Potion"},{"floor":2,"key":"Block Potion"},{"floor":4,"key":"EntropicBrew"},{"floor":10,"key":"BloodPotion"},{"floor":16,"key":"Explosive Potion"},{"floor":21,"key":"Ancient Potion"}],"is_trial":false,"path_per_floor":["M","?","M","M","M","R","E","R","T","?","R","E","M","E","R","B",null,"M","M","M","M","$","E"],"character_chosen":"IRONCLAD","items_purchased":["Toxic Egg 2","Shrug It Off+1","Flex+1","Dropkick"],"campfire_rested":2,"item_purchase_floors":[22,22,22,22],"current_hp_per_floor":[79,79,80,79,79,79,58,58,58,12,36,25,31,13,37,9,80,66,53,45,36,36,0],"gold":81,"neow_bonus":"RANDOM_COMMON_RELIC","is_prod":false,"is_daily":false,"chose_seed":false,"campfire_upgraded":2,"win_rate":0,"timestamp":1549233266,"path_taken":["M","?","M","M","?","R","E","R","T","?","R","E","M","E","R","BOSS","M","M","M","M","$","E"],"build_version":"2019-01-23","purchased_purges":0,"victory":false,"max_hp_per_floor":[80,80,80,80,80,80,80,80,80,80,80,80,80,80,80,80,80,80,80,80,80,80,80],"card_choices":[{"not_picked":["True Grit","Flame Barrier"],"picked":"Inflame","floor":1},{"not_picked":["Clash","Sword Boomerang"],"picked":"Twin Strike","floor":3},{"not_picked":["Havoc","Twin Strike"],"picked":"Shrug It Off","floor":4},{"not_picked":["Dropkick","Clash"],"picked":"Heavy Blade","floor":5},{"not_picked":["Havoc","Dropkick"],"picked":"Pommel Strike","floor":7},{"not_picked":["Pommel Strike","Blood for Blood"],"picked":"Ghostly Armor","floor":10},{"not_picked":["Blood for Blood","Carnage","Disarm"],"picked":"SKIP","floor":12},{"not_picked":["Juggernaut","Clash"],"picked":"Uppercut","floor":13},{"not_picked":["Blood for Blood","Iron Wave"],"picked":"Battle Trance","floor":14},{"not_picked":["Exhume","Offering"],"picked":"Immolate","floor":16},{"not_picked":["Clash","Body Slam","Sword Boomerang+1"],"picked":"SKIP","floor":18},{"not_picked":["Searing Blow","Body Slam","Warcry"],"picked":"SKIP","floor":19},{"not_picked":["Clash","Pommel Strike"],"picked":"Perfected Strike+1","floor":20},{"not_picked":["Iron Wave","Cleave"],"picked":"Thunderclap+1","floor":21}],"player_experience":204860,"relics_obtained":[{"floor":7,"key":"Shovel"},{"floor":9,"key":"Ice Cream"},{"floor":10,"key":"Bottled Lightning"},{"floor":12,"key":"Ancient Tea Set"},{"floor":14,"key":"Tiny Chest"}],"event_choices":[{"damage_healed":0,"gold_gain":0,"player_choice":"Bought 2 Potions","damage_taken":0,"max_hp_gain":0,"max_hp_loss":0,"event_name":"The Woman in Blue","floor":2,"gold_loss":0},{"damage_healed":0,"gold_gain":30,"player_choice":"Searched \u00272\u0027 times","damage_taken":0,"max_hp_gain":0,"max_hp_loss":0,"event_name":"Dead Adventurer","floor":10,"gold_loss":0}],"is_beta":false,"boss_relics":[{"not_picked":["Fusion Hammer","Calling Bell"],"picked":"Philosopher\u0027s Stone"}],"items_purged_floors":[],"is_endless":false,"potions_floor_spawned":[4,10,16,21],"killed_by":"Slavers","ascension_level":4}