{"gold_per_floor":[110,110,124,124,148,148,167,205,229,229],"floor_reached":10,"playtime":659,"items_purged":[],"score":102,"play_id":"7fd987ea-21c1-45d2-94d0-7734cf47d1e8","local_time":"20190204162614","is_ascension_mode":true,"campfire_choices":[{"data":"Bash","floor":6,"key":"SMITH"}],"neow_cost":"NONE","seed_source_timestamp":447869563652000,"circlet_count":0,"master_deck":["AscendersBane","Strike_R","Strike_R","Strike_R","Strike_R","Strike_R","Defend_R","Defend_R","Defend_R","Defend_R","Bash+1","Heavy Blade","Shrug It Off","Headbutt","Headbutt","Entrench"],"relics":["Burning Blood","Golden Idol","Smiling Mask","Bronze Scales"],"potions_floor_usage":[8,10],"damage_taken":[{"damage":0,"enemies":"Small Slimes","floor":1,"turns":3},{"damage":1,"enemies":"2 Louse","floor":3,"turns":3},{"damage":5,"enemies":"Jaw Worm","floor":5,"turns":4},{"damage":29,"enemies":"Large Slime","floor":7,"turns":9},{"damage":29,"enemies":"3 Sentries","floor":8,"turns":13},{"damage":32,"enemies":"Lagavulin","floor":10,"turns":6}],"seed_played":"1166452640089172505","potions_obtained":[{"floor":5,"key":"PowerPotion"},{"floor":7,"key":"Weak Potion"}],"is_trial":false,"path_per_floor":["M","?","M","?","M","R","M","E","T","E"],"character_chosen":"IRONCLAD","items_purchased":[],"campfire_rested":0,"item_purchase_floors":[],"current_hp_per_floor":[86,91,93,70,71,71,48,25,25,0],"gold":229,"neow_bonus":"TEN_PERCENT_HP_BONUS","is_prod":false,"is_daily":false,"chose_seed":false,"campfire_upgraded":1,"win_rate":0,"timestamp":1549268774,"path_taken":["M","?","M","?","?","R","M","E","T","E"],"build_version":"2019-01-23","purchased_purges":0,"victory":false,"max_hp_per_floor":[88,93,93,93,93,93,93,93,93,93],"card_choices":[{"not_picked":["Warcry","Body Slam"],"picked":"Heavy Blade","floor":1},{"not_picked":["Rupture","Wild Strike"],"picked":"Shrug It Off","floor":3},{"not_picked":["True Grit","Cleave"],"picked":"Headbutt","floor":5},{"not_picked":["Rage","Armaments"],"picked":"Headbutt","floor":7},{"not_picked":["Fiend Fire","True Grit"],"picked":"Entrench","floor":8}],"player_experience":300111,"relics_obtained":[{"floor":8,"key":"Smiling Mask"},{"floor":9,"key":"Bronze Scales"}],"event_choices":[{"damage_healed":0,"gold_gain":0,"player_choice":"Donut","damage_taken":0,"max_hp_gain":5,"max_hp_loss":0,"event_name":"Big Fish","floor":2,"gold_loss":0},{"damage_healed":0,"gold_gain":0,"player_choice":"Take Damage","damage_taken":23,"relics_obtained":["Golden Idol"],"max_hp_gain":0,"max_hp_loss":0,"event_name":"Golden Idol","floor":4,"gold_loss":0}],"is_beta":false,"boss_relics":[],"items_purged_floors":[],"is_endless":false,"potions_floor_spawned":[5,7],"killed_by":"Lagavulin","ascension_level":10}