{"gold_per_floor":[115,40,215,215,227,259,259,290,302,314,326,438,6,25,25,127,127,140,152,15,35,35,62,62,62,62,89,107,107,139,59,59,154,154,168,220,220],"floor_reached":37,"playtime":1172,"items_purged":["Strike_G","Strike_G"],"score":479,"play_id":"88f0a81b-08a5-46a8-8ac2-5fa80c48293d","local_time":"20190205220955","is_ascension_mode":true,"campfire_choices":[{"data":"Dagger Spray","floor":7,"key":"SMITH"},{"data":"Poisoned Stab","floor":10,"key":"SMITH"},{"data":"Bane","floor":15,"key":"SMITH"},{"data":"Neutralize","floor":25,"key":"SMITH"},{"floor":32,"key":"REST"}],"neow_cost":"NONE","seed_source_timestamp":18316011237000,"circlet_count":0,"master_deck":["Defend_G+1","Defend_G","Defend_G","Defend_G","Defend_G","Survivor+1","Neutralize+1","Dagger Spray+1","Well Laid Plans+1","Bane+1","PiercingWail","Corpse Explosion","Infinite Blades+1","Caltrops+1","Infinite Blades+1","Noxious Fumes+1","Envenom+1","Dodge and Roll","Accuracy+1","Die Die Die","Caltrops+1","Underhanded Strike+1","Noxious Fumes+1","Caltrops+1","Deflect+1"],"relics":["Ring of the Snake","Omamori","Kunai","MawBank","Frozen Egg 2","FossilizedHelix","WristBlade","Gambling Chip","Mercury Hourglass","Girya","Oddly Smooth Stone","Astrolabe","Turnip"],"potions_floor_usage":[6,19,30,30,37],"damage_taken":[{"damage":0,"enemies":"2 Louse","floor":1,"turns":2},{"damage":0,"enemies":"Small Slimes","floor":5,"turns":4},{"damage":16,"enemies":"Gremlin Nob","floor":6,"turns":4},{"damage":19,"enemies":"Lagavulin","floor":8,"turns":7},{"damage":0,"enemies":"Cultist","floor":14,"turns":3},{"damage":3,"enemies":"The Guardian","floor":16,"turns":12},{"damage":0,"enemies":"Chosen","floor":18,"turns":4},{"damage":0,"enemies":"Shell Parasite","floor":19,"turns":5},{"damage":2,"enemies":"Snecko","floor":21,"turns":5},{"damage":8,"enemies":"Book of Stabbing","floor":23,"turns":6},{"damage":0,"enemies":"Gremlin Leader","floor":27,"turns":5},{"damage":9,"enemies":"Centurion and Healer","floor":28,"turns":4},{"damage":16,"enemies":"Slavers","floor":30,"turns":2},{"damage":23,"enemies":"Automaton","floor":33,"turns":7},{"damage":6,"enemies":"3 Shapes","floor":35,"turns":3},{"damage":56,"enemies":"2 Orb Walkers","floor":36,"turns":4},{"damage":21,"enemies":"3 Darklings","floor":37,"turns":2}],"seed_played":"6066539977565245603","potions_obtained":[{"floor":5,"key":"Swift Potion"},{"floor":6,"key":"Fire Potion"},{"floor":16,"key":"GamblersBrew"},{"floor":23,"key":"Weak Potion"},{"floor":27,"key":"FearPotion"}],"is_trial":false,"path_per_floor":["M","$","?","?","M","E","R","E","T","R","?","?","$","M","R","B",null,"M","M","$","M","?","E","?","R","T","E","M","?","E","$","R","B",null,"M","?","M"],"character_chosen":"THE_SILENT","items_purchased":["Well Laid Plans+1","FossilizedHelix","Bane","PiercingWail","Infinite Blades+1","Accuracy+1"],"campfire_rested":1,"item_purchase_floors":[13,13,13,13,20,31],"current_hp_per_floor":[70,70,70,56,56,40,40,21,21,21,44,44,44,44,44,41,70,70,70,70,68,68,60,60,60,60,60,51,38,22,22,44,21,75,69,13,0],"gold":220,"neow_bonus":"RANDOM_COMMON_RELIC","is_prod":false,"is_daily":false,"chose_seed":false,"campfire_upgraded":4,"win_rate":0,"timestamp":1549397395,"path_taken":["M","$","?","?","M","E","R","E","T","R","?","?","$","M","R","BOSS","M","M","$","M","?","E","?","R","T","E","?","?","E","$","R","BOSS","M","?","M"],"build_version":"2019-01-23","purchased_purges":2,"victory":false,"max_hp_per_floor":[70,70,70,70,70,70,70,70,70,70,70,70,70,70,70,70,70,70,70,70,70,70,70,70,70,70,70,70,75,75,75,75,75,75,75,75,75],"card_choices":[{"not_picked":["Cloak And Dagger","Blur"],"picked":"Poisoned Stab","floor":1},{"not_picked":["Dash","Choke"],"picked":"Dagger Spray","floor":5},{"not_picked":["Acrobatics","Calculated Gamble","Backflip"],"picked":"SKIP","floor":6},{"not_picked":["Dagger Throw","Acrobatics","Wraith Form v2"],"picked":"SKIP","floor":8},{"not_picked":["Sucker Punch","Flechettes","Underhanded Strike"],"picked":"SKIP","floor":14},{"not_picked":["Glass Knife","Venomology"],"picked":"Corpse Explosion","floor":16},{"not_picked":["Quick Slash","Cloak And Dagger"],"picked":"Infinite Blades+1","floor":18},{"not_picked":["Deflect","Bouncing Flask"],"picked":"Caltrops+1","floor":19},{"not_picked":["Accuracy+1","Bouncing Flask"],"picked":"Noxious Fumes+1","floor":21},{"not_picked":["Accuracy+1","Prepared"],"picked":"Envenom+1","floor":23},{"not_picked":["Deadly Poison","Acrobatics+1","Underhanded Strike"],"picked":"SKIP","floor":27},{"not_picked":["All Out Attack","Distraction+1","Dash"],"picked":"SKIP","floor":28},{"not_picked":["Slice","Well Laid Plans+1"],"picked":"Dodge and Roll","floor":30},{"not_picked":["Night Terror","Corpse Explosion"],"picked":"Die Die Die","floor":33},{"not_picked":["PiercingWail","Well Laid Plans+1"],"picked":"Caltrops+1","floor":35},{"not_picked":["Crippling Poison","Backflip"],"picked":"Deflect+1","floor":36}],"player_experience":636495,"relics_obtained":[{"floor":6,"key":"Kunai"},{"floor":8,"key":"MawBank"},{"floor":9,"key":"Frozen Egg 2"},{"floor":23,"key":"Gambling Chip"},{"floor":26,"key":"Mercury Hourglass"},{"floor":27,"key":"Girya"},{"floor":30,"key":"Oddly Smooth Stone"},{"floor":36,"key":"Turnip"}],"event_choices":[{"damage_healed":0,"gold_gain":175,"player_choice":"AGREE","damage_taken":0,"max_hp_gain":0,"max_hp_loss":0,"event_name":"Liars Game","floor":3,"gold_loss":0,"cards_obtained":["Doubt"]},{"damage_healed":0,"gold_gain":0,"player_choice":"Entered Light","damage_taken":14,"max_hp_gain":0,"max_hp_loss":0,"event_name":"Shining Light","floor":4,"gold_loss":0,"cards_upgraded":["Defend_G","Survivor"]},{"damage_healed":23,"gold_gain":0,"player_choice":"Banana","damage_taken":0,"max_hp_gain":0,"max_hp_loss":0,"event_name":"Big Fish","floor":11,"gold_loss":0},{"damage_healed":0,"gold_gain":100,"player_choice":"Gold","damage_taken":0,"max_hp_gain":0,"max_hp_loss":0,"event_name":"Wheel of Change","floor":12,"gold_loss":0},{"cards_removed":["Strike_G"],"damage_healed":0,"gold_gain":0,"player_choice":"Offered Basic","damage_taken":0,"max_hp_gain":0,"max_hp_loss":0,"event_name":"Bonfire Elementals","floor":24,"gold_loss":0},{"damage_healed":0,"gold_gain":0,"player_choice":"Shed Blood","damage_taken":18,"max_hp_gain":5,"max_hp_loss":0,"event_name":"Forgotten Altar","floor":29,"gold_loss":0},{"damage_healed":0,"gold_gain":0,"player_choice":"Fight","damage_taken":0,"max_hp_gain":0,"max_hp_loss":0,"event_name":"Mysterious Sphere","floor":36,"gold_loss":0}],"is_beta":false,"boss_relics":[{"not_picked":["Calling Bell","Lizard Tail"],"picked":"WristBlade"},{"not_picked":["Ring of the Serpent","Runic Pyramid"],"picked":"Astrolabe"}],"items_purged_floors":[2,20],"is_endless":false,"potions_floor_spawned":[5,6,16,23,27,28],"killed_by":"3 Darklings","ascension_level":1}