{"gold_per_floor":[118,118,137,151,7,33,33,33,33,54,78,253,253,268,268,397,397,410,410,460,375,390,390],"floor_reached":23,"playtime":1216,"items_purged":["Strike_G"],"score":220,"play_id":"1717c863-86a6-4dd1-8002-3c9365a1391b","local_time":"20180706004227","is_ascension_mode":true,"campfire_choices":[{"data":"Noxious Fumes","floor":8,"key":"SMITH"},{"data":"Deadly Poison","floor":13,"key":"SMITH"},{"data":"Crippling Poison","floor":15,"key":"SMITH"}],"neow_cost":"NONE","seed_source_timestamp":348764720679,"circlet_count":0,"master_deck":["Defend_G","Defend_G","Defend_G","Defend_G+1","Defend_G","Strike_G","Strike_G","Strike_G","Strike_G+1","Survivor","Neutralize","Deadly Poison+1","Noxious Fumes+1","Injury","Crippling Poison+1","Bane","Doubt","After Image","Bouncing Flask"],"relics":["Ring of the Snake","NeowsBlessing","Pantograph","Golden Idol","Matryoshka","Cursed Key","Singing Bowl"],"potions_floor_usage":[6,16,22,23,23],"damage_taken":[{"damage":0,"enemies":"Jaw Worm","floor":1,"turns":1},{"damage":0,"enemies":"Small Slimes","floor":3,"turns":1},{"damage":0,"enemies":"Cultist","floor":4,"turns":1},{"damage":12,"enemies":"3 Sentries","floor":6,"turns":7},{"damage":3,"enemies":"Red Slaver","floor":10,"turns":4},{"damage":8,"enemies":"Looter","floor":11,"turns":4},{"damage":12,"enemies":"Large Slime","floor":14,"turns":6},{"damage":27,"enemies":"The Guardian","floor":16,"turns":10},{"damage":9,"enemies":"Spheric Guardian","floor":18,"turns":3},{"damage":1,"enemies":"Chosen","floor":22,"turns":4},{"damage":64,"enemies":"Gremlin Leader","floor":23,"turns":4}],"seed_played":"-6777487551954608414","potions_obtained":[{"floor":1,"key":"SkillPotion"},{"floor":6,"key":"FearPotion"},{"floor":10,"key":"Weak Potion"},{"floor":16,"key":"Swift Potion"},{"floor":19,"key":"Fire Potion"},{"floor":19,"key":"Explosive Potion"}],"is_trial":false,"path_per_floor":["M","?","M","M","$","E","?","R","T","M","M","?","R","M","R","B",null,"M","?","?","?","M"],"character_chosen":"THE_SILENT","items_purchased":["Noxious Fumes"],"campfire_rested":0,"item_purchase_floors":[5],"current_hp_per_floor":[70,56,56,56,56,44,44,44,44,41,33,33,33,21,21,19,70,61,61,61,61,60,0],"gold":390,"neow_bonus":"THREE_ENEMY_KILL","is_prod":false,"is_daily":false,"chose_seed":false,"campfire_upgraded":3,"win_rate":0,"timestamp":1530830547,"path_taken":["M","?","?","M","?","E","?","R","T","M","?","?","R","M","R","BOSS","M","?","?","?","M","E"],"build_version":"2018-06-28","purchased_purges":1,"victory":false,"max_hp_per_floor":[70,70,70,70,70,70,70,70,70,70,70,70,70,70,70,70,70,70,70,70,70,70,70],"card_choices":[{"not_picked":["Masterful Stab","Bane","Slice"],"picked":"SKIP","floor":1},{"not_picked":["All Out Attack","Deflect"],"picked":"Deadly Poison","floor":3},{"not_picked":["Flechettes","Dagger Throw","Flying Knee"],"picked":"SKIP","floor":4},{"not_picked":["Sucker Punch","Calculated Gamble","Dodge and Roll"],"picked":"SKIP","floor":6},{"not_picked":["Tactician","Setup"],"picked":"Crippling Poison","floor":10},{"not_picked":["Dagger Spray","Cloak And Dagger"],"picked":"Bane","floor":11},{"not_picked":["Flying Knee","Prepared","Deflect"],"picked":"SKIP","floor":14},{"not_picked":["Phantasmal Killer","Tactician"],"picked":"After Image","floor":16},{"not_picked":["Blade Dance","Quick Slash+1","Underhanded Strike+1"],"picked":"SKIP","floor":18},{"not_picked":["Underhanded Strike","Backflip"],"picked":"Bouncing Flask","floor":22}],"player_experience":276693,"relics_obtained":[{"floor":6,"key":"Pantograph"},{"floor":9,"key":"Matryoshka"}],"event_choices":[{"event_name":"Shining Light","player_choice":"Entered Light","floor":2,"damage_taken":0},{"event_name":"Golden Idol","player_choice":"Take Wound","floor":7,"damage_taken":0},{"event_name":"Liars Game","player_choice":"agreed","floor":12,"damage_taken":0},{"event_name":"The Lab","player_choice":"Got Potions","floor":19,"damage_taken":0},{"event_name":"The Joust","player_choice":"Bet on Murderer","floor":20,"damage_taken":0},{"event_name":"Addict","player_choice":"Obtained Relic","floor":21,"damage_taken":0}],"boss_relics":[{"not_picked":["Pandora\u0027s Box","Runic Dome"],"picked":"Cursed Key"}],"items_purged_floors":[5],"is_endless":false,"potions_floor_spawned":[1,6,10,16],"killed_by":"Gremlin Leader","ascension_level":3}