{"gold_per_floor":[110,110,39,59,33,33,62,62,62,76,88,115,115,126,126,225,225,242,252,47,60,71,71,105,5,53,69,104,104,104,116,116,214,214,227,238,265,24,42,42,42],"floor_reached":41,"playtime":1931,"items_purged":["Strike_B","Strike_B"],"score":642,"play_id":"54a14789-2e1c-4a45-950c-d2e71078b4aa","local_time":"20190205061310","is_ascension_mode":true,"campfire_choices":[{"data":"Sweeping Beam","floor":6,"key":"SMITH"},{"data":"Zap","floor":8,"key":"SMITH"},{"data":"Fusion","floor":15,"key":"SMITH"},{"data":"Double Energy","floor":23,"key":"SMITH"},{"data":"Streamline","floor":30,"key":"SMITH"},{"floor":32,"key":"REST"},{"data":"Echo Form","floor":40,"key":"SMITH"}],"neow_cost":"NONE","seed_source_timestamp":1812903126313800,"circlet_count":0,"master_deck":["Strike_B+1","Defend_B","Defend_B","Defend_B","Zap+1","Dualcast","Steam+1","Beam Cell+1","Sweeping Beam+1","Gash","Gash","Leap","Melter","Fusion+1","All For One","Go for the Eyes","Self Repair","Double Energy+1","Streamline+1","Gash","Gash+1","Steam+1","Echo Form+1","Gash+1","Conserve Battery+1","Self Repair"],"relics":["Cracked Core","NeowsBlessing","Singing Bowl","StoneCalendar","Ornamental Fan","Pear","Runic Pyramid","Boot","Molten Egg 2","Empty Cage","Art of War","Medical Kit"],"potions_floor_usage":[12,22,24,24,27,33,33,33,39,41],"damage_taken":[{"damage":0,"enemies":"Small Slimes","floor":1,"turns":1},{"damage":0,"enemies":"Cultist","floor":4,"turns":1},{"damage":0,"enemies":"3 Sentries","floor":7,"turns":1},{"damage":0,"enemies":"Jaw Worm","floor":10,"turns":2},{"damage":3,"enemies":"Lots of Slimes","floor":11,"turns":2},{"damage":10,"enemies":"Lagavulin","floor":12,"turns":6},{"damage":0,"enemies":"Exordium Thugs","floor":14,"turns":4},{"damage":36,"enemies":"The Guardian","floor":16,"turns":9},{"damage":4,"enemies":"Shell Parasite","floor":18,"turns":3},{"damage":7,"enemies":"Chosen","floor":19,"turns":4},{"damage":8,"enemies":"3 Cultists","floor":21,"turns":5},{"damage":17,"enemies":"Chosen and Byrds","floor":22,"turns":5},{"damage":38,"enemies":"Book of Stabbing","floor":24,"turns":6},{"damage":19,"enemies":"Snecko","floor":27,"turns":6},{"damage":0,"enemies":"Gremlin Leader","floor":28,"turns":6},{"damage":7,"enemies":"3 Cultists","floor":31,"turns":5},{"damage":12,"enemies":"Champ","floor":33,"turns":6},{"damage":43,"enemies":"3 Shapes","floor":35,"turns":5},{"damage":5,"enemies":"Orb Walker","floor":36,"turns":3},{"damage":27,"enemies":"Spire Growth","floor":39,"turns":5},{"damage":61,"enemies":"Transient","floor":41,"turns":4}],"seed_played":"1041152886419566946","potions_obtained":[{"floor":7,"key":"GamblersBrew"},{"floor":10,"key":"Block Potion"},{"floor":12,"key":"SkillPotion"},{"floor":22,"key":"Regen Potion"},{"floor":24,"key":"Energy Potion"},{"floor":27,"key":"Ancient Potion"},{"floor":28,"key":"Swift Potion"},{"floor":31,"key":"AttackPotion"},{"floor":33,"key":"Energy Potion"},{"floor":35,"key":"Dexterity Potion"},{"floor":36,"key":"FocusPotion"}],"is_trial":false,"path_per_floor":["M","?","?","M","$","R","E","R","T","M","M","E","?","M","R","B",null,"M","M","$","M","M","R","E","$","T","M","E","?","R","M","R","B",null,"M","M","T","$","M","R","M"],"character_chosen":"DEFECT","items_purchased":["Sweeping Beam","Go for the Eyes","Self Repair","Medical Kit","Self Repair"],"campfire_rested":1,"item_purchase_floors":[5,20,20,38,38],"current_hp_per_floor":[75,60,60,60,60,60,60,60,60,60,57,57,57,57,57,21,85,83,78,78,79,69,69,52,52,52,40,49,49,49,49,76,71,93,57,59,59,59,55,55,0],"gold":42,"neow_bonus":"THREE_ENEMY_KILL","is_prod":false,"is_daily":false,"chose_seed":false,"campfire_upgraded":6,"win_rate":0,"timestamp":1549365190,"path_taken":["M","?","?","M","$","R","E","R","T","?","M","E","?","M","R","BOSS","M","M","$","M","M","R","E","?","T","M","E","?","R","M","R","BOSS","M","?","?","$","M","R","M"],"build_version":"2019-01-23","purchased_purges":2,"victory":false,"max_hp_per_floor":[75,75,75,75,75,75,75,75,75,75,75,85,85,85,85,85,85,87,89,89,91,91,91,91,91,91,91,93,93,93,93,93,93,93,93,93,93,93,95,95,95],"card_choices":[{"not_picked":["Turbo","Redo"],"picked":"Steam","floor":1},{"not_picked":["Redo","Cold Snap"],"picked":"Beam Cell","floor":4},{"not_picked":["Skim","Force Field"],"picked":"Gash","floor":7},{"not_picked":["Steam","Cold Snap"],"picked":"Gash","floor":10},{"not_picked":["Redo","Lockon"],"picked":"Leap","floor":11},{"not_picked":["Tempest","Heatsinks"],"picked":"Melter","floor":12},{"not_picked":["Genetic Algorithm","Cold Snap"],"picked":"Fusion","floor":14},{"not_picked":["Fission","Creative AI"],"picked":"All For One","floor":16},{"not_picked":["Beam Cell","Conserve Battery+1","Defragment"],"picked":"Singing Bowl","floor":18},{"not_picked":["Cold Snap","Defragment","Lockon"],"picked":"Singing Bowl","floor":19},{"not_picked":["Aggregate","Beam Cell","Static Discharge+1"],"picked":"Singing Bowl","floor":21},{"not_picked":["Barrage","Leap"],"picked":"Double Energy","floor":22},{"not_picked":["Rebound","Genetic Algorithm+1"],"picked":"Streamline","floor":24},{"not_picked":["Loop+1","Steam"],"picked":"Gash","floor":27},{"not_picked":["Heatsinks+1","Undo","Beam Cell"],"picked":"Singing Bowl","floor":28},{"not_picked":["Stack+1","Static Discharge+1"],"picked":"Steam+1","floor":31},{"not_picked":["Amplify","Core Surge+1"],"picked":"Echo Form","floor":33},{"not_picked":["Ball Lightning+1","Stack"],"picked":"Gash+1","floor":35},{"not_picked":["Chaos","Go for the Eyes+1"],"picked":"Conserve Battery+1","floor":36},{"not_picked":["Lockon+1","Steam","Sunder+1"],"picked":"Singing Bowl","floor":39}],"player_experience":242884,"relics_obtained":[{"floor":7,"key":"StoneCalendar"},{"floor":9,"key":"Ornamental Fan"},{"floor":12,"key":"Pear"},{"floor":24,"key":"Boot"},{"floor":28,"key":"Molten Egg 2"},{"floor":37,"key":"Art of War"}],"event_choices":[{"damage_healed":0,"gold_gain":0,"player_choice":"Entered Light","damage_taken":15,"max_hp_gain":0,"max_hp_loss":0,"event_name":"Shining Light","floor":2,"gold_loss":0,"cards_upgraded":["Strike_B","Steam"]},{"damage_healed":0,"gold_gain":0,"player_choice":"Paid Gold","damage_taken":0,"relics_obtained":["Singing Bowl"],"max_hp_gain":0,"max_hp_loss":0,"event_name":"WeMeetAgain","floor":3,"gold_loss":71},{"damage_healed":0,"gold_gain":0,"player_choice":"Upgraded","damage_taken":0,"max_hp_gain":0,"max_hp_loss":0,"event_name":"Upgrade Shrine","floor":13,"gold_loss":0,"cards_upgraded":["Beam Cell"]},{"damage_healed":0,"gold_gain":0,"player_choice":"Copied","damage_taken":0,"max_hp_gain":0,"max_hp_loss":0,"event_name":"Duplicator","floor":29,"gold_loss":0,"cards_obtained":["Gash"]}],"is_beta":false,"boss_relics":[{"not_picked":["Runic Dome","White Beast Statue"],"picked":"Runic Pyramid"},{"not_picked":["Cursed Key","Astrolabe"],"picked":"Empty Cage"}],"items_purged_floors":[20,25],"is_endless":false,"potions_floor_spawned":[7,10,12,22,24,27,28,31,33,35,36],"killed_by":"Transient","ascension_level":4}