{"gold_per_floor":[116,116,16,34,109,140,140,169,169,185,214,239,239,259,259,356,356,356,92,47,47,47,47,47,47,47,47,47,47,47,47,47,47,47,47,47,47,47,47,47,47,0,0,0,0,0,0,0,0,0],"floor_reached":51,"playtime":2894,"items_purged":["Strike_R","Strike_R"],"score":1363,"play_id":"daa84cf5-072c-4cff-96e2-80cc72f99062","local_time":"20181024081706","is_ascension_mode":true,"campfire_choices":[{"floor":7.0,"key":"REST"},{"data":"Cleave","floor":13.0,"key":"SMITH"},{"data":"Anger","floor":15.0,"key":"SMITH"},{"data":"Limit Break","floor":23,"key":"SMITH"},{"data":"Anger","floor":32,"key":"SMITH"},{"data":"Battle Trance","floor":40,"key":"SMITH"},{"data":"Heavy Blade","floor":47,"key":"SMITH"},{"data":"Pummel","floor":49,"key":"SMITH"}],"neow_cost":"NONE","seed_source_timestamp":0,"circlet_count":0,"master_deck":["Defend_R+1","Defend_R+1","Defend_R+1","Defend_R+1","Bash","AscendersBane","Cleave+1","Anger+1","Battle Trance+1","Heavy Blade+1","Ghostly Armor","Thunderclap","Reaper","Inflame+1","Limit Break+1","Anger+1","Clash","Limit Break+1","Shrug It Off+1","Infernal Blade+1","Pummel+1","Rage+1"],"special_seed":0,"relics":["Burning Blood","Juzu Bracelet","Dodecahedron","Ornamental Fan","Magic Flower","PreservedInsect","Centennial Puzzle","Odd Mushroom","Ectoplasm","Red Skull","Enchiridion","Toxic Egg 2","Old Coin","Pear","Empty Cage","Ice Cream","Pen Nib","Red Mask","Happy Flower","Du-Vu Doll","Letter Opener"],"potions_floor_usage":[33,33,50,50],"damage_taken":[{"damage":13.0,"enemies":"Jaw Worm","floor":1.0,"turns":4.0},{"damage":0.0,"enemies":"2 Louse","floor":4.0,"turns":2.0},{"damage":35.0,"enemies":"3 Sentries","floor":6.0,"turns":9.0},{"damage":27.0,"enemies":"Lagavulin","floor":8.0,"turns":7.0},{"damage":1.0,"enemies":"Cultist","floor":10.0,"turns":4.0},{"damage":16.0,"enemies":"Gremlin Nob","floor":11.0,"turns":3.0},{"damage":4.0,"enemies":"The Mushroom Lair","floor":12.0,"turns":4.0},{"damage":3.0,"enemies":"Looter","floor":14.0,"turns":3.0},{"damage":19.0,"enemies":"Slime Boss","floor":16.0,"turns":9.0},{"damage":2,"enemies":"Spheric Guardian","floor":18,"turns":3},{"damage":14,"enemies":"2 Thieves","floor":20,"turns":3},{"damage":18,"enemies":"Cultist and Chosen","floor":22,"turns":5},{"damage":16,"enemies":"Slavers","floor":24,"turns":5},{"damage":1,"enemies":"Gremlin Leader","floor":27,"turns":3},{"damage":18,"enemies":"Chosen and Byrds","floor":28,"turns":3},{"damage":12,"enemies":"Book of Stabbing","floor":29,"turns":2},{"damage":9,"enemies":"Champ","floor":33,"turns":6},{"damage":34,"enemies":"3 Darklings","floor":35,"turns":3},{"damage":10,"enemies":"3 Shapes","floor":36,"turns":3},{"damage":5,"enemies":"Mind Bloom Boss Battle","floor":37,"turns":5},{"damage":3,"enemies":"Maw","floor":38,"turns":4},{"damage":3,"enemies":"Giant Head","floor":41,"turns":4},{"damage":21,"enemies":"Nemesis","floor":44,"turns":5},{"damage":21,"enemies":"Jaw Worm Horde","floor":45,"turns":3},{"damage":0,"enemies":"Giant Head","floor":46,"turns":5},{"damage":14,"enemies":"Sphere and 2 Shapes","floor":48,"turns":4},{"damage":44,"enemies":"Time Eater","floor":50,"turns":6}],"seed_played":"-3053871467851160841","potions_obtained":[{"floor":6.0,"key":"Swift Potion"},{"floor":10.0,"key":"EssenceOfSteel"},{"floor":14.0,"key":"EssenceOfSteel"},{"floor":24,"key":"Dexterity Potion"},{"floor":33,"key":"SkillPotion"},{"floor":37,"key":"Fire Potion"},{"floor":45,"key":"EssenceOfSteel"}],"is_trial":false,"path_per_floor":["M","?","$","M","?","E","R","E","T","M","E","?","R","M","R","B",null,"M","$","M","?","M","R","E","?","T","E","M","E","$","?","R","B",null,"M","M","?","M","?","R","E","?","T","E","M","E","R","M","R","B"],"character_chosen":"IRONCLAD","items_purchased":["Anger","Limit Break"],"campfire_rested":1,"item_purchase_floors":[3,19],"current_hp_per_floor":[65,53,53,59,51,22,46,25,25,33,26,31,31,37,37,27,67,74,74,75,75,66,66,59,43,43,62,73,80,80,80,80,90,90,90,89,90,90,90,90,90,90,90,78,78,90,90,85,85,50],"gold":0,"neow_bonus":"RANDOM_COMMON_RELIC","is_prod":false,"is_daily":false,"chose_seed":false,"campfire_upgraded":7,"win_rate":0,"timestamp":1540361826,"path_taken":["M","?","$","M","?","E","R","E","T","M","E","?","R","M","R","BOSS","M","$","M","?","M","R","E","?","T","E","M","E","?","?","R","BOSS","M","M","?","M","?","R","E","?","T","E","M","E","R","M","R","BOSS"],"build_version":"2018-10-22","purchased_purges":2,"victory":true,"max_hp_per_floor":[80,80,80,80,80,80,80,80,80,80,80,80,80,80,80,80,80,80,80,80,80,80,80,80,80,80,80,80,90,90,90,90,90,90,90,90,90,90,90,90,90,90,90,90,90,90,90,90,90,90],"card_choices":[{"not_picked":["Clothesline","Inflame"],"picked":"Cleave","floor":1.0},{"not_picked":["Fire Breathing","Perfected Strike"],"picked":"Battle Trance","floor":4.0},{"not_picked":["Rage","Wild Strike","Seeing Red"],"picked":"SKIP","floor":6.0},{"not_picked":["Dropkick","Combust"],"picked":"Heavy Blade","floor":8.0},{"not_picked":["Entrench","Uppercut","Rampage"],"picked":"SKIP","floor":10.0},{"not_picked":["Entrench","Uppercut","Rampage"],"picked":"SKIP","floor":10.0},{"not_picked":["Immolate","Combust"],"picked":"Ghostly Armor","floor":11.0},{"not_picked":["Bloodletting","Body Slam"],"picked":"Thunderclap","floor":12.0},{"not_picked":["Warcry","Sentinel","Perfected Strike"],"picked":"SKIP","floor":14.0},{"not_picked":["Immolate","Double Tap"],"picked":"Reaper","floor":16.0},{"not_picked":["Pommel Strike","Armaments"],"picked":"Inflame+1","floor":18},{"not_picked":["Second Wind","Clash","Pommel Strike"],"picked":"SKIP","floor":20},{"not_picked":["Clothesline","Thunderclap","Perfected Strike"],"picked":"SKIP","floor":22},{"not_picked":["Second Wind+1","Armaments"],"picked":"Anger","floor":24},{"not_picked":["Intimidate+1","Anger"],"picked":"Clash","floor":27},{"not_picked":["Sword Boomerang","Body Slam"],"picked":"Clash","floor":28},{"not_picked":["Anger","Havoc+1"],"picked":"Limit Break+1","floor":29},{"not_picked":["Thunderclap","Corruption","Anger"],"picked":"SKIP","floor":35},{"not_picked":["Heavy Blade","Wild Strike"],"picked":"Shrug It Off+1","floor":36},{"not_picked":["Cleave","Warcry+1","Heavy Blade"],"picked":"SKIP","floor":38},{"not_picked":["Dark Embrace","Corruption+1"],"picked":"Infernal Blade+1","floor":41},{"not_picked":["Reckless Charge","Thunderclap"],"picked":"Pummel","floor":44},{"not_picked":["Havoc+1","Body Slam","Dropkick"],"picked":"SKIP","floor":45},{"not_picked":["Cleave","Anger"],"picked":"Rage+1","floor":46},{"not_picked":["Heavy Blade","Whirlwind","Dual Wield+1"],"picked":"SKIP","floor":48}],"player_experience":391700,"relics_obtained":[{"floor":6.0,"key":"Ornamental Fan"},{"floor":8.0,"key":"Magic Flower"},{"floor":9.0,"key":"PreservedInsect"},{"floor":11.0,"key":"Centennial Puzzle"},{"floor":12.0,"key":"Odd Mushroom"},{"floor":24,"key":"Red Skull"},{"floor":25,"key":"Enchiridion"},{"floor":26,"key":"Toxic Egg 2"},{"floor":27,"key":"Old Coin"},{"floor":29,"key":"Pear"},{"floor":37,"key":"Ice Cream"},{"floor":41,"key":"Pen Nib"},{"floor":43,"key":"Happy Flower"},{"floor":44,"key":"Du-Vu Doll"},{"floor":46,"key":"Letter Opener"}],"event_choices":[{"damage_healed":0.0,"max_hp_gain":0.0,"max_hp_loss":0.0,"gold_gain":0.0,"event_name":"Scrap Ooze","player_choice":"Success","floor":2.0,"gold_loss":0.0,"damage_taken":12.0,"relics_obtained":["Dodecahedron"]},{"damage_healed":0.0,"max_hp_gain":0.0,"max_hp_loss":0.0,"gold_gain":75.0,"event_name":"FaceTrader","player_choice":"Touch","floor":5.0,"gold_loss":0.0,"damage_taken":8.0},{"damage_healed":0.0,"max_hp_gain":0.0,"max_hp_loss":0.0,"gold_gain":0.0,"event_name":"Mushrooms","player_choice":"Fought Mushrooms","floor":12.0,"gold_loss":0.0,"damage_taken":0.0},{"damage_healed":0,"gold_gain":0,"player_choice":"Simplicity","damage_taken":0,"max_hp_gain":0,"max_hp_loss":0,"event_name":"Back to Basics","floor":21,"gold_loss":0,"cards_upgraded":["Strike_R","Strike_R","Strike_R","Defend_R","Defend_R","Defend_R","Defend_R"]},{"damage_healed":0,"gold_gain":0,"player_choice":"Obtained Book","damage_taken":16,"max_hp_gain":0,"max_hp_loss":0,"event_name":"Cursed Tome","floor":25,"gold_loss":0},{"cards_removed":["Strike_R"],"damage_healed":0,"gold_gain":0,"player_choice":"Offered Basic","damage_taken":0,"max_hp_gain":0,"max_hp_loss":0,"event_name":"Bonfire Elementals","floor":31,"gold_loss":0},{"damage_healed":0,"gold_gain":0,"player_choice":"Fight","damage_taken":0,"max_hp_gain":0,"max_hp_loss":0,"event_name":"MindBloom","floor":37,"gold_loss":0},{"cards_removed":["Clash"],"damage_healed":0,"gold_gain":0,"player_choice":"Removed Attack","damage_taken":0,"max_hp_gain":0,"max_hp_loss":0,"event_name":"Falling","floor":39,"gold_loss":0},{"damage_healed":0,"gold_gain":0,"player_choice":"Paid","damage_taken":0,"relics_obtained":["Red Mask"],"max_hp_gain":0,"max_hp_loss":0,"event_name":"Tomb of Lord Red Mask","floor":42,"gold_loss":47}],"is_beta":true,"boss_relics":[{"not_picked":["Tiny House","Eternal Feather"],"picked":"Ectoplasm"},{"not_picked":["Astrolabe","White Beast Statue"],"picked":"Empty Cage"}],"items_purged_floors":[3,19],"is_endless":false,"potions_floor_spawned":[6,10,14,22,24,27,28,33,37,45,46],"ascension_level":12}