{"gold_per_floor":[116,116,136,152,166,166,193,114,140,140,140],"floor_reached":11,"playtime":496,"items_purged":[],"score":84,"play_id":"c9075513-89eb-4ea8-8c3e-2e0b33c78076","local_time":"20190127015429","is_ascension_mode":true,"campfire_choices":[{"data":"Evolve","floor":6,"key":"SMITH"}],"neow_cost":"NONE","seed_source_timestamp":15061323146432,"circlet_count":0,"master_deck":["Strike_R","Strike_R","Strike_R","Strike_R","Defend_R","Defend_R","Defend_R","Defend_R","Bash","Panacea","Evolve+1","Impervious","Headbutt","Feed","Thunderclap","Iron Wave","Battle Trance"],"relics":["Burning Blood","Ancient Tea Set","Anchor","Boot"],"potions_floor_usage":[5],"damage_taken":[{"damage":5,"enemies":"2 Louse","floor":1,"turns":3},{"damage":9,"enemies":"Cultist","floor":3,"turns":5},{"damage":7,"enemies":"Small Slimes","floor":4,"turns":5},{"damage":17,"enemies":"Looter","floor":5,"turns":3},{"damage":60,"enemies":"Lagavulin","floor":7,"turns":7},{"damage":16,"enemies":"Gremlin Nob","floor":11,"turns":2}],"seed_played":"4441609205054047193","potions_obtained":[{"floor":1,"key":"Poison Potion"},{"floor":5,"key":"SpeedPotion"}],"is_trial":false,"path_per_floor":["M","?","M","M","M","R","E","$","T","?","E"],"character_chosen":"IRONCLAD","items_purchased":["Battle Trance"],"campfire_rested":0,"item_purchase_floors":[8],"current_hp_per_floor":[80,80,77,76,65,65,11,11,11,11,0],"gold":140,"neow_bonus":"RANDOM_COLORLESS","is_prod":false,"is_daily":false,"chose_seed":false,"campfire_upgraded":1,"win_rate":0,"timestamp":1548550469,"path_taken":["M","?","M","?","M","R","E","$","T","?","E"],"build_version":"2019-01-23","purchased_purges":0,"victory":false,"max_hp_per_floor":[80,80,80,80,80,80,80,80,80,80,80],"card_choices":[{"not_picked":["Havoc","Twin Strike"],"picked":"Evolve","floor":1},{"not_picked":["Power Through","Dropkick"],"picked":"Headbutt","floor":3},{"not_picked":["Cleave","Sword Boomerang"],"picked":"Feed","floor":4},{"not_picked":["Havoc","Bloodletting"],"picked":"Thunderclap","floor":5},{"not_picked":["Armaments","Spot Weakness"],"picked":"Iron Wave","floor":7}],"player_experience":322264,"relics_obtained":[{"floor":7,"key":"Ancient Tea Set"},{"floor":9,"key":"Anchor"}],"event_choices":[{"damage_healed":0,"gold_gain":0,"cards_transformed":["Strike_R"],"player_choice":"Transformed","damage_taken":0,"max_hp_gain":0,"max_hp_loss":0,"event_name":"Transmorgrifier","floor":2,"gold_loss":0,"cards_obtained":["Impervious"]},{"damage_healed":0,"gold_gain":0,"player_choice":"Searched \u00272\u0027 times","damage_taken":0,"relics_obtained":["Boot"],"max_hp_gain":0,"max_hp_loss":0,"event_name":"Dead Adventurer","floor":10,"gold_loss":0}],"is_beta":false,"boss_relics":[],"items_purged_floors":[],"is_endless":false,"potions_floor_spawned":[1,5],"killed_by":"Gremlin Nob","ascension_level":3}