{"gold_per_floor":[19,19,38,38,113,148,80,57,126,144,144,157,157,36,36,36],"floor_reached":16,"playtime":868,"items_purged":["Strike_R"],"score":113,"play_id":"27ec7f48-b720-44d0-94dd-81e92a5f366c","local_time":"20190127120520","is_ascension_mode":true,"campfire_choices":[{"floor":13,"key":"REST"},{"data":"Entrench","floor":15,"key":"SMITH"}],"neow_cost":"NO_GOLD","seed_source_timestamp":10283728362400,"circlet_count":0,"master_deck":["Strike_R","Strike_R","Defend_R","Defend_R","Defend_R","Defend_R","Bash","Body Slam+1","Pommel Strike+1","Iron Wave","Entrench+1","Shrug It Off","Spot Weakness","Armaments"],"relics":["Burning Blood","Potion Belt","Whetstone","Singing Bowl","Thread and Needle"],"potions_floor_usage":[6,16],"damage_taken":[{"damage":6,"enemies":"Cultist","floor":1,"turns":4},{"damage":4,"enemies":"2 Louse","floor":3,"turns":3},{"damage":17,"enemies":"Gremlin Nob","floor":6,"turns":4},{"damage":0,"enemies":"Jaw Worm","floor":10,"turns":3},{"damage":0,"enemies":"Looter","floor":12,"turns":3},{"damage":67,"enemies":"Slime Boss","floor":16,"turns":11}],"seed_played":"-2778440520761901646","potions_obtained":[{"floor":1,"key":"Block Potion"},{"floor":6,"key":"Block Potion"}],"is_trial":false,"path_per_floor":["M","$","M","?","?","E","$","$","T","M","T","M","R","$","R","B"],"character_chosen":"IRONCLAD","items_purchased":["Entrench","Shrug It Off","Armaments"],"campfire_rested":1,"item_purchase_floors":[7,8,14],"current_hp_per_floor":[80,80,80,47,36,25,25,25,25,33,33,39,63,63,63,0],"gold":36,"neow_bonus":"REMOVE_TWO","is_prod":false,"is_daily":false,"chose_seed":false,"campfire_upgraded":1,"win_rate":0,"timestamp":1548561920,"path_taken":["M","$","M","?","?","E","?","$","T","M","?","?","R","?","R","BOSS"],"build_version":"2019-01-23","purchased_purges":1,"victory":false,"max_hp_per_floor":[80,80,80,80,80,80,80,80,80,82,82,82,82,82,82,82],"card_choices":[{"not_picked":["Reckless Charge","Sentinel"],"picked":"Body Slam","floor":1},{"not_picked":["Clothesline","Cleave"],"picked":"Pommel Strike","floor":3},{"not_picked":["Seeing Red","Berserk"],"picked":"Iron Wave","floor":6},{"not_picked":["Cleave","Anger","Flex"],"picked":"Singing Bowl","floor":10},{"not_picked":["Hemokinesis","Anger"],"picked":"Spot Weakness","floor":12}],"player_experience":171425,"relics_obtained":[{"floor":6,"key":"Whetstone"},{"floor":9,"key":"Singing Bowl"},{"floor":11,"key":"Thread and Needle"}],"event_choices":[{"damage_healed":0,"gold_gain":0,"player_choice":"Success","damage_taken":33,"relics_obtained":["Potion Belt"],"max_hp_gain":0,"max_hp_loss":0,"event_name":"Scrap Ooze","floor":4,"gold_loss":0},{"damage_healed":0,"gold_gain":75,"player_choice":"Gather Gold","damage_taken":11,"max_hp_gain":0,"max_hp_loss":0,"event_name":"World of Goop","floor":5,"gold_loss":0}],"is_beta":false,"boss_relics":[],"items_purged_floors":[14],"is_endless":false,"potions_floor_spawned":[1,6],"killed_by":"Slime Boss","ascension_level":3}