{"gold_per_floor":[112,112,122,122,139,174,186,217,287,362,362,377,302,312,312,409,409,429,448,448,194,194],"floor_reached":22,"playtime":5739,"items_purged":["Strike_R","Strike_R"],"score":235,"play_id":"c83d9da8-d049-4df5-95b0-8cb368ac3b3d","local_time":"20190129173432","is_ascension_mode":true,"campfire_choices":[{"floor":11,"key":"REST"},{"data":"Armaments","floor":15,"key":"SMITH"}],"neow_cost":"NONE","seed_source_timestamp":1285347575500,"circlet_count":0,"master_deck":["Strike_R","Strike_R","Strike_R","Defend_R","Defend_R","Defend_R","Defend_R","Bash","Metallicize+1","Shrug It Off","Body Slam","Double Tap","Inflame","Power Through","Armaments+1","Demon Form","Sentinel","True Grit","Ghostly Armor"],"relics":["Burning Blood","NeowsBlessing","Regal Pillow","Prayer Wheel","Mummified Hand","Runic Cube","Happy Flower"],"potions_floor_usage":[6,6,12],"damage_taken":[{"damage":0,"enemies":"Small Slimes","floor":1,"turns":1},{"damage":0,"enemies":"Jaw Worm","floor":3,"turns":1},{"damage":0,"enemies":"Cultist","floor":5,"turns":1},{"damage":8,"enemies":"Gremlin Nob","floor":6,"turns":3},{"damage":4,"enemies":"3 Louse","floor":7,"turns":4},{"damage":47,"enemies":"Lagavulin","floor":8,"turns":11},{"damage":26,"enemies":"Large Slime","floor":12,"turns":10},{"damage":7,"enemies":"Looter","floor":14,"turns":4},{"damage":44,"enemies":"The Guardian","floor":16,"turns":16},{"damage":29,"enemies":"Chosen","floor":18,"turns":8},{"damage":13,"enemies":"Shell Parasite","floor":19,"turns":10},{"damage":45,"enemies":"3 Cultists","floor":22,"turns":7}],"seed_played":"3784655224810791537","potions_obtained":[{"floor":1,"key":"Strength Potion"},{"floor":3,"key":"SteroidPotion"},{"floor":8,"key":"Swift Potion"},{"floor":16,"key":"Weak Potion"},{"floor":18,"key":"BloodPotion"},{"floor":19,"key":"GamblersBrew"}],"is_trial":false,"path_per_floor":["M","?","M","?","M","E","M","E","T","?","R","M","$","M","R","B",null,"M","M","?","$","M"],"character_chosen":"IRONCLAD","items_purchased":["Happy Flower"],"campfire_rested":1,"item_purchase_floors":[21],"current_hp_per_floor":[80,85,85,85,85,83,85,44,44,33,73,53,53,52,52,14,85,62,55,55,55,10],"gold":194,"neow_bonus":"THREE_ENEMY_KILL","is_prod":false,"is_daily":false,"chose_seed":false,"campfire_upgraded":1,"win_rate":0,"timestamp":1548754472,"path_taken":["M","?","M","?","M","E","?","E","T","?","R","M","$","M","R","BOSS","M","M","?","$","M"],"build_version":"2019-01-23","purchased_purges":2,"victory":false,"max_hp_per_floor":[80,85,85,85,85,85,85,85,85,85,85,85,85,85,85,85,85,85,85,85,85,85],"card_choices":[{"not_picked":["Seeing Red","Clothesline"],"picked":"Metallicize","floor":1},{"not_picked":["Pommel Strike","Flex"],"picked":"Shrug It Off","floor":3},{"not_picked":["Heavy Blade","Flex","Anger"],"picked":"SKIP","floor":5},{"not_picked":["Heavy Blade","Flex","Anger"],"picked":"SKIP","floor":5},{"not_picked":["Carnage","Clothesline"],"picked":"Body Slam","floor":6},{"not_picked":["Warcry","Anger","Havoc"],"picked":"SKIP","floor":7},{"not_picked":["Perfected Strike","Rage","Feel No Pain"],"picked":"SKIP","floor":8},{"not_picked":["True Grit","Sever Soul"],"picked":"Double Tap","floor":12},{"not_picked":["True Grit","Pummel"],"picked":"Inflame","floor":12},{"not_picked":["Clothesline","Flex"],"picked":"Power Through","floor":14},{"not_picked":["Second Wind","Rupture"],"picked":"Armaments","floor":14},{"not_picked":["Brutality","Bludgeon"],"picked":"Demon Form","floor":16},{"not_picked":["Uppercut","Twin Strike"],"picked":"Sentinel","floor":18},{"not_picked":["Twin Strike+1","Headbutt"],"picked":"True Grit","floor":18},{"not_picked":["Sword Boomerang","Havoc"],"picked":"Ghostly Armor","floor":19},{"not_picked":["Havoc","Spot Weakness","Exhume"],"picked":"SKIP","floor":19}],"player_experience":183839,"relics_obtained":[{"floor":6,"key":"Regal Pillow"},{"floor":8,"key":"Prayer Wheel"},{"floor":9,"key":"Mummified Hand"}],"event_choices":[{"damage_healed":0,"gold_gain":0,"player_choice":"Donut","damage_taken":0,"max_hp_gain":5,"max_hp_loss":0,"event_name":"Big Fish","floor":2,"gold_loss":0},{"damage_healed":0,"gold_gain":0,"player_choice":"Upgraded","damage_taken":0,"max_hp_gain":0,"max_hp_loss":0,"event_name":"Upgrade Shrine","floor":4,"gold_loss":0,"cards_upgraded":["Metallicize"]},{"damage_healed":0,"gold_gain":75,"player_choice":"Gather Gold","damage_taken":11,"max_hp_gain":0,"max_hp_loss":0,"event_name":"World of Goop","floor":10,"gold_loss":0},{"damage_healed":0,"gold_gain":0,"player_choice":"Ignored","damage_taken":0,"max_hp_gain":0,"max_hp_loss":0,"event_name":"Ghosts","floor":20,"gold_loss":0}],"is_beta":false,"boss_relics":[{"not_picked":["Astrolabe","Black Blood"],"picked":"Runic Cube"}],"items_purged_floors":[13,21],"is_endless":false,"potions_floor_spawned":[1,3,8,16,18,19],"killed_by":"3 Cultists","ascension_level":4}