{"gold_per_floor":[118,1,21,33,33,67,67,85,109,41,41],"floor_reached":11,"playtime":453,"items_purged":[],"score":106,"play_id":"e07073ca-2677-4656-adfa-fbce08eafd33","local_time":"20190123133326","is_ascension_mode":true,"campfire_choices":[{"data":"Zap","floor":7,"key":"SMITH"}],"neow_cost":"NONE","seed_source_timestamp":1012836660046034,"circlet_count":0,"master_deck":["Strike_B","Strike_B","Strike_B","Defend_B","Defend_B","Defend_B+1","Defend_B+1","Zap+1","Dualcast","Compile Driver","Self Repair","Rip and Tear","Barrage","Auto Shields","Ball Lightning","Thunder Strike","Static Discharge"],"relics":["Cracked Core","Happy Flower","War Paint"],"potions_floor_usage":[11,11],"damage_taken":[{"damage":1,"enemies":"2 Louse","floor":1,"turns":3},{"damage":0,"enemies":"Small Slimes","floor":3,"turns":2},{"damage":5,"enemies":"Cultist","floor":4,"turns":4},{"damage":34,"enemies":"Gremlin Nob","floor":6,"turns":4},{"damage":12,"enemies":"Lots of Slimes","floor":8,"turns":3},{"damage":30,"enemies":"3 Sentries","floor":11,"turns":4}],"seed_played":"-1138358537957316613","potions_obtained":[{"floor":3,"key":"SpeedPotion"},{"floor":4,"key":"Energy Potion"},{"floor":8,"key":"Swift Potion"}],"is_trial":false,"path_per_floor":["M","$","M","M","?","E","R","M","T","$","E"],"character_chosen":"DEFECT","items_purchased":["Self Repair","Rip and Tear","Static Discharge"],"campfire_rested":0,"item_purchase_floors":[2,2,10],"current_hp_per_floor":[74,74,81,82,75,41,41,29,29,29,0],"gold":41,"neow_bonus":"TEN_PERCENT_HP_BONUS","is_prod":false,"is_daily":false,"chose_seed":false,"campfire_upgraded":1,"win_rate":0,"timestamp":1548228806,"path_taken":["M","$","M","M","?","E","R","M","T","$","E"],"build_version":"2019-01-17v2","purchased_purges":0,"victory":false,"max_hp_per_floor":[82,82,82,82,82,82,82,82,82,82,82],"card_choices":[{"not_picked":["Beam Cell","Barrage"],"picked":"Compile Driver","floor":1},{"not_picked":["Rip and Tear","Streamline"],"picked":"Barrage","floor":3},{"not_picked":["Beam Cell","Redo"],"picked":"Auto Shields","floor":4},{"not_picked":["Gash","Genetic Algorithm"],"picked":"Ball Lightning","floor":6},{"not_picked":["Aggregate","Conserve Battery"],"picked":"Thunder Strike","floor":8}],"player_experience":638184,"relics_obtained":[{"floor":6,"key":"Happy Flower"},{"floor":9,"key":"War Paint"}],"event_choices":[{"cards_removed":["Strike_B"],"damage_healed":0,"gold_gain":0,"player_choice":"Card Removal","damage_taken":7,"max_hp_gain":0,"max_hp_loss":0,"event_name":"Golden Wing","floor":5,"gold_loss":0}],"is_beta":false,"boss_relics":[],"items_purged_floors":[],"is_endless":false,"potions_floor_spawned":[3,4,8],"killed_by":"3 Sentries","ascension_level":9}