{"gold_per_floor":[116,291,291,311,330,362,362,121,146,116,116,41,53,118,118,218,218,235,235,88,88,88,113,113,146,146,166,166,183,26,41,41,146,146,162,179,68,87,102,102,119,149,149,167,167,181,181,0,0,0],"floor_reached":51,"playtime":2533,"items_purged":["Strike_B","Strike_B+1"],"score":1230,"play_id":"8365900e-1b9e-4106-9213-eee0673d67cb","local_time":"20190204193649","is_ascension_mode":true,"campfire_choices":[{"floor":7.0,"key":"REST"},{"data":"Seeing Red","floor":11.0,"key":"SMITH"},{"floor":15.0,"key":"REST"},{"floor":24.0,"key":"REST"},{"floor":28.0,"key":"REST"},{"data":"Apotheosis","floor":32.0,"key":"SMITH"},{"data":"Capacitor","floor":40,"key":"SMITH"},{"floor":45,"key":"REST"},{"data":"Electrodynamics","floor":49,"key":"SMITH"}],"neow_cost":"NONE","seed_source_timestamp":0,"circlet_count":0,"master_deck":["AscendersBane","Defend_B+1","Defend_B+1","Defend_B+1","Defend_B+1","Zap","Dualcast","Coolheaded","Streamline","Capacitor+1","Sunder","White Noise","Seeing Red+1","Leap","Apotheosis+1","Skim","Electrodynamics+1","Immolate","Conserve Battery","Glacier","Go for the Eyes+1","Flame Barrier"],"special_seed":0,"relics":["Eternal Feather","Lantern","PrismaticShard","Centennial Puzzle","Tiny Chest","Cursed Key","Omamori","The Courier","Bronze Scales","Bottled Flame","DataDisk","Snecko Eye","Juzu Bracelet","Smiling Mask","Red Mask"],"potions_floor_usage":[38,39,50,50],"damage_taken":[{"damage":6.0,"enemies":"Cultist","floor":1.0,"turns":4.0},{"damage":2.0,"enemies":"Jaw Worm","floor":4.0,"turns":5.0},{"damage":2.0,"enemies":"2 Louse","floor":5.0,"turns":2.0},{"damage":29.0,"enemies":"Lagavulin","floor":6.0,"turns":10.0},{"damage":6.0,"enemies":"Looter","floor":10.0,"turns":4.0},{"damage":9.0,"enemies":"Blue Slaver","floor":13.0,"turns":4.0},{"damage":26.0,"enemies":"3 Sentries","floor":14.0,"turns":9.0},{"damage":25.0,"enemies":"Slime Boss","floor":16.0,"turns":16.0},{"damage":16.0,"enemies":"3 Byrds","floor":18.0,"turns":6.0},{"damage":16.0,"enemies":"Colosseum Slavers","floor":22.0,"turns":4.0},{"damage":5.0,"enemies":"Book of Stabbing","floor":23.0,"turns":7.0},{"damage":17.0,"enemies":"Slavers","floor":25.0,"turns":3.0},{"damage":4.0,"enemies":"Chosen","floor":27.0,"turns":5.0},{"damage":13.0,"enemies":"Snake Plant","floor":29.0,"turns":5.0},{"damage":4.0,"enemies":"Cultist and Chosen","floor":31.0,"turns":4.0},{"damage":36.0,"enemies":"Automaton","floor":33.0,"turns":9.0},{"damage":1.0,"enemies":"3 Shapes","floor":35.0,"turns":3.0},{"damage":0.0,"enemies":"3 Darklings","floor":36.0,"turns":3.0},{"damage":5,"enemies":"Writhing Mass","floor":38,"turns":6},{"damage":8,"enemies":"Jaw Worm Horde","floor":39,"turns":3},{"damage":0,"enemies":"Maw","floor":41,"turns":8},{"damage":19,"enemies":"Giant Head","floor":42,"turns":10},{"damage":0,"enemies":"Transient","floor":44,"turns":5},{"damage":0,"enemies":"3 Darklings","floor":46,"turns":3},{"damage":49,"enemies":"Donu and Deca","floor":50,"turns":14}],"seed_played":"4167667138120912565","potions_obtained":[{"floor":1.0,"key":"EssenceOfSteel"},{"floor":5.0,"key":"EssenceOfSteel"},{"floor":6.0,"key":"Block Potion"},{"floor":14.0,"key":"Weak Potion"},{"floor":31.0,"key":"SkillPotion"},{"floor":41,"key":"Explosive Potion"},{"floor":44,"key":"GamblersBrew"}],"is_trial":false,"path_per_floor":["M","?","?","M","M","E","R","$","T","M","R","$","M","E","R","B",null,"M","?","$","?","?","E","R","E","T","M","R","M","$","M","R","B",null,"M","M","$","M","M","R","M","E","T","M","R","M","?","?","R","B",null],"character_chosen":"DEFECT","items_purchased":["PrismaticShard","White Noise","Omamori","DataDisk","Energy Potion","Glacier"],"campfire_rested":5,"item_purchase_floors":[8,8,20,30,30,37],"current_hp_per_floor":[62,62,55,53,51,22,53,53,53,47,56,56,47,21,52,27,63,47,47,47,47,31,26,57,40,40,36,67,54,54,50,59,23,62,61,61,61,56,48,60,60,41,41,41,75,75,75,75,75,26],"gold":0,"neow_bonus":"BOSS_RELIC","is_prod":false,"is_daily":false,"chose_seed":false,"campfire_upgraded":4,"win_rate":0,"timestamp":1549327009,"path_taken":["M","?","?","M","M","E","R","$","T","?","R","$","M","E","R","BOSS","M","?","$","?","?","E","R","E","T","M","R","M","?","?","R","BOSS","M","M","$","M","M","R","M","E","T","M","R","M","?","?","R","BOSS"],"build_version":"2019-01-23","purchased_purges":2,"victory":true,"max_hp_per_floor":[75,75,75,75,75,75,75,75,75,75,75,75,75,75,75,75,75,75,75,75,75,75,75,75,75,75,75,75,75,75,75,75,75,75,75,75,75,75,75,75,75,75,75,75,75,75,75,75,75,75],"card_choices":[{"not_picked":["Hello World","Sweeping Beam"],"picked":"Coolheaded","floor":1.0},{"not_picked":["Tempest","Barrage"],"picked":"Streamline","floor":4.0},{"not_picked":["Leap","Loop"],"picked":"Capacitor","floor":5.0},{"not_picked":["Sweeping Beam","Beam Cell"],"picked":"Sunder","floor":6.0},{"not_picked":["Headbutt","Hello World"],"picked":"Seeing Red","floor":10.0},{"not_picked":["Evolve","Berserk"],"picked":"Leap","floor":13.0},{"not_picked":["Armaments","Ghostly Armor","Eviscerate"],"picked":"SKIP","floor":14.0},{"not_picked":["Hyperbeam","Venomology"],"picked":"Apotheosis","floor":16.0},{"not_picked":["Deadly Poison","Rebound","Sucker Punch"],"picked":"SKIP","floor":18.0},{"not_picked":["Hologram+1","Go for the Eyes"],"picked":"Electrodynamics","floor":23.0},{"not_picked":["Blood for Blood","Wild Strike","Quick Slash"],"picked":"SKIP","floor":25.0},{"not_picked":["Barrage","Backflip","Finesse"],"picked":"SKIP","floor":27.0},{"not_picked":["Armaments","Havoc","Streamline+1"],"picked":"SKIP","floor":29.0},{"not_picked":["Flying Knee","Heavy Blade+1","Rampage"],"picked":"SKIP","floor":31.0},{"not_picked":["Phantasmal Killer","Buffer"],"picked":"Immolate","floor":33.0},{"not_picked":["Blade Dance","Rebound","Rip and Tear"],"picked":"SKIP","floor":35.0},{"not_picked":["Streamline","Havoc"],"picked":"Conserve Battery","floor":36.0},{"not_picked":["Outmaneuver+1","Corruption+1","Catalyst+1"],"picked":"SKIP","floor":38},{"not_picked":["Wild Strike","Compile Driver+1"],"picked":"Go for the Eyes+1","floor":39},{"not_picked":["Fire Breathing","Shrug It Off","True Grit+1"],"picked":"SKIP","floor":41},{"not_picked":["Good Instincts","Jack Of All Trades","Cleave"],"picked":"SKIP","floor":42},{"not_picked":["Iron Wave","Offering"],"picked":"Flame Barrier","floor":44},{"not_picked":["Heavy Blade","Sucker Punch","Underhanded Strike+1"],"picked":"SKIP","floor":46}],"player_experience":222583,"relics_obtained":[{"floor":6.0,"key":"Lantern"},{"floor":9.0,"key":"Centennial Puzzle"},{"floor":14.0,"key":"Tiny Chest"},{"floor":23.0,"key":"The Courier"},{"floor":25.0,"key":"Bronze Scales"},{"floor":26.0,"key":"Bottled Flame"},{"floor":42,"key":"Juzu Bracelet"},{"floor":43,"key":"Smiling Mask"}],"event_choices":[{"damage_healed":0.0,"max_hp_gain":0.0,"max_hp_loss":0.0,"gold_gain":175.0,"event_name":"Liars Game","player_choice":"AGREE","floor":2.0,"gold_loss":0.0,"damage_taken":0.0,"cards_obtained":["Doubt"]},{"cards_removed":["Doubt"],"damage_healed":0.0,"max_hp_gain":0.0,"max_hp_loss":0.0,"gold_gain":0.0,"event_name":"Golden Wing","player_choice":"Card Removal","floor":3.0,"gold_loss":0.0,"damage_taken":7.0},{"damage_healed":0.0,"max_hp_gain":0.0,"max_hp_loss":0.0,"gold_gain":0.0,"event_name":"Back to Basics","player_choice":"Simplicity","floor":19.0,"gold_loss":0.0,"damage_taken":0.0,"cards_upgraded":["Strike_B","Strike_B","Strike_B","Defend_B","Defend_B","Defend_B","Defend_B"]},{"damage_healed":0.0,"max_hp_gain":0.0,"max_hp_loss":0.0,"gold_gain":0.0,"cards_transformed":["Strike_B","Strike_B"],"event_name":"Drug Dealer","player_choice":"Became Test Subject","floor":21.0,"gold_loss":0.0,"damage_taken":0.0,"cards_obtained":["Skim","Core Surge"]},{"damage_healed":0.0,"max_hp_gain":0.0,"max_hp_loss":0.0,"gold_gain":0.0,"event_name":"Colosseum","player_choice":"Fight","floor":22.0,"gold_loss":0.0,"damage_taken":0.0},{"damage_healed":0.0,"max_hp_gain":0.0,"max_hp_loss":0.0,"gold_gain":0.0,"event_name":"Colosseum","player_choice":"Fled From Nobs","floor":22.0,"gold_loss":0.0,"damage_taken":0.0},{"cards_removed":["Core Surge"],"damage_healed":0,"gold_gain":0,"player_choice":"Removed Attack","damage_taken":0,"max_hp_gain":0,"max_hp_loss":0,"event_name":"Falling","floor":47,"gold_loss":0},{"damage_healed":0,"gold_gain":0,"player_choice":"Paid","damage_taken":0,"relics_obtained":["Red Mask"],"max_hp_gain":0,"max_hp_loss":0,"event_name":"Tomb of Lord Red Mask","floor":48,"gold_loss":181}],"is_beta":false,"boss_relics":[{"not_picked":["Tiny House","Runic Dome"],"picked":"Cursed Key"},{"not_picked":["Orrery","Astrolabe"],"picked":"Snecko Eye"}],"items_purged_floors":[12,37],"is_endless":false,"potions_floor_spawned":[1,5,6,14,18,22,31,33,36,41,44],"ascension_level":12}