{"gold_per_floor":[136,175,175,205,82,82,139,139,139,174,199,199,281,321,321,472,472,515,690,710,755,361,361,361,361,361,420,420,345,383,394,394,491,491,508,608,608,626,626,658,658,673,673,714,746,756,756,366,366,366,366,366,32,88,88],"floor_reached":55,"playtime":7028,"items_purged":["Defend_B","Defend_B","Defend_B","Strike_B"],"score":1037,"play_id":"7975ff2e-40e2-47ce-bc7d-99b3e2c25c3e","local_time":"20181111014115","is_ascension_mode":true,"campfire_choices":[{"data":"HandOfGreed","floor":6.0,"key":"SMITH"},{"data":"Zap","floor":8.0,"key":"SMITH"},{"floor":12.0,"key":"REST"},{"data":"Buffer","floor":15.0,"key":"SMITH"},{"data":"Consume","floor":23.0,"key":"SMITH"},{"data":"Fusion","floor":25.0,"key":"SMITH"},{"floor":28.0,"key":"DIG"},{"floor":32.0,"key":"DIG"},{"floor":41.0,"key":"RECALL"},{"floor":47.0,"key":"DIG"},{"floor":49.0,"key":"DIG"},{"data":"Secret Technique","floor":52.0,"key":"SMITH"}],"neow_cost":"PERCENT_DAMAGE","seed_source_timestamp":0,"circlet_count":0,"master_deck":["Strike_B","Zap+1","Dualcast","HandOfGreed+1","Dramatic Entrance","Conserve Battery","Conserve Battery","Streamline","Conserve Battery","Glacier","Double Energy","Buffer+1","FTL","Conserve Battery","Echo Form","Fusion+1","Coolheaded","Cold Snap","Consume+1","Capacitor+1","Blizzard+1","Conserve Battery","Electrodynamics","Skim+1","Creative AI","Secret Weapon","Secret Technique","Double Energy+1","Double Energy+1","Capacitor","Chaos+1","Impatience","Secret Technique+1","Chrysalis"],"special_seed":0,"relics":["Cracked Core","Kunai","Blood Vial","Torii","Sozu","Nunchaku","Letter Opener","Shovel","Molten Egg 2","Potion Belt","Lantern","FossilizedHelix","Inserter","Gambling Chip","Centennial Puzzle","Prayer Wheel","Du-Vu Doll","Omamori","Unceasing Top","Pear"],"potions_floor_usage":[55],"damage_taken":[{"damage":0.0,"enemies":"Cultist","floor":1.0,"turns":3.0},{"damage":11.0,"enemies":"Jaw Worm","floor":2.0,"turns":2.0},{"damage":0.0,"enemies":"Small Slimes","floor":4.0,"turns":2.0},{"damage":15.0,"enemies":"Lagavulin","floor":7.0,"turns":5.0},{"damage":0.0,"enemies":"Blue Slaver","floor":10.0,"turns":2.0},{"damage":14.0,"enemies":"Gremlin Nob","floor":11.0,"turns":4.0},{"damage":5.0,"enemies":"3 Sentries","floor":13.0,"turns":4.0},{"damage":6.0,"enemies":"3 Louse","floor":14.0,"turns":2.0},{"damage":0.0,"enemies":"Slime Boss","floor":16.0,"turns":15.0},{"damage":0.0,"enemies":"Shell Parasite","floor":18.0,"turns":8.0},{"damage":8.0,"enemies":"Colosseum Slavers","floor":19.0,"turns":5.0},{"damage":45.0,"enemies":"Colosseum Nobs","floor":19.0,"turns":6.0},{"damage":0.0,"enemies":"3 Byrds","floor":20.0,"turns":5.0},{"damage":1.0,"enemies":"3 Cultists","floor":21.0,"turns":6.0},{"damage":0.0,"enemies":"Slavers","floor":24.0,"turns":1.0},{"damage":0.0,"enemies":"Gremlin Leader","floor":27.0,"turns":9.0},{"damage":0.0,"enemies":"Centurion and Healer","floor":30.0,"turns":6.0},{"damage":0.0,"enemies":"Sentry and Sphere","floor":31.0,"turns":7.0},{"damage":8.0,"enemies":"Automaton","floor":33.0,"turns":12.0},{"damage":0.0,"enemies":"3 Darklings","floor":35.0,"turns":5.0},{"damage":0.0,"enemies":"Mind Bloom Boss Battle","floor":36.0,"turns":7.0},{"damage":0.0,"enemies":"Orb Walker","floor":38.0,"turns":4.0},{"damage":0.0,"enemies":"Nemesis","floor":40.0,"turns":7.0},{"damage":0.0,"enemies":"Spire Growth","floor":42.0,"turns":7.0},{"damage":0.0,"enemies":"Jaw Worm Horde","floor":44.0,"turns":3.0},{"damage":0.0,"enemies":"Giant Head","floor":45.0,"turns":7.0},{"damage":0.0,"enemies":"Maw","floor":46.0,"turns":6.0},{"damage":22.0,"enemies":"Donu and Deca","floor":50.0,"turns":7.0},{"damage":0.0,"enemies":"Shield and Spear","floor":54.0,"turns":4.0},{"damage":85,"enemies":"The Heart","floor":55,"turns":8}],"seed_played":"-3821852968976066231","potions_obtained":[{"floor":1.0,"key":"FocusPotion"},{"floor":2.0,"key":"SmokeBomb"},{"floor":10.0,"key":"PowerPotion"},{"floor":13.0,"key":"GamblersBrew"}],"is_trial":false,"path_per_floor":["M","M","?","M","$","R","E","R","T","M","E","R","E","M","R","B",null,"M","?","M","M","$","R","E","R","T","E","R","?","M","M","R","B",null,"M","?","?","M","?","E","R","M","T","M","E","M","R","$","R","B",null,"R","$","E","B"],"character_chosen":"DEFECT","items_purchased":["Conserve Battery","Shovel","Impatience","Secret Technique","Chrysalis"],"campfire_rested":1,"item_purchase_floors":[5,22,48,48,53],"current_hp_per_floor":[54,43,36,36,36,36,21,21,21,21,7,29,26,22,22,24,75,75,24,26,27,27,27,29,29,29,31,31,31,33,35,35,29,75,75,75,75,75,65,67,67,69,69,71,73,75,75,75,75,53,75,75,75,85,0],"gold":88,"neow_bonus":"RANDOM_COLORLESS_2","is_prod":false,"is_daily":false,"chose_seed":false,"campfire_upgraded":6,"win_rate":1,"timestamp":1541896875,"path_taken":["M","M","?","M","?","R","E","R","T","M","E","R","E","M","R","BOSS","M","?","M","M","$","R","E","R","T","E","R","?","M","M","R","BOSS","M","?","?","M","?","E","R","M","T","M","E","M","R","$","R","BOSS","R","$","E","BOSS"],"build_version":"2018-11-08","purchased_purges":4,"victory":false,"max_hp_per_floor":[75,75,75,75,75,75,75,75,75,75,75,75,75,75,75,75,75,75,75,75,75,75,75,75,75,75,75,75,75,75,75,75,75,75,75,75,75,75,75,75,75,75,75,75,75,75,75,75,75,75,75,75,75,85,85],"card_choices":[{"not_picked":["Sweeping Beam","Ball Lightning"],"picked":"Conserve Battery","floor":1.0},{"not_picked":["Beam Cell","Coolheaded"],"picked":"Conserve Battery","floor":2.0},{"not_picked":["Sweeping Beam","Hello World"],"picked":"Streamline","floor":4.0},{"not_picked":["Loop","Compile Driver"],"picked":"Glacier","floor":7.0},{"not_picked":["Streamline","Coolheaded"],"picked":"Double Energy","floor":10.0},{"not_picked":["Hologram","Sweeping Beam"],"picked":"Buffer","floor":11.0},{"not_picked":["Genetic Algorithm","Static Discharge"],"picked":"FTL","floor":13.0},{"not_picked":["Gash","Genetic Algorithm"],"picked":"Conserve Battery","floor":14.0},{"not_picked":["Rainbow","All For One"],"picked":"Echo Form","floor":16.0},{"not_picked":["Rebound","Cold Snap"],"picked":"Fusion","floor":18.0},{"not_picked":["Barrage","Aggregate"],"picked":"Coolheaded","floor":19.0},{"not_picked":["Ball Lightning","Beam Cell"],"picked":"Cold Snap","floor":20.0},{"not_picked":["Go for the Eyes","Melter+1"],"picked":"Consume","floor":21.0},{"not_picked":["Steam","Heatsinks"],"picked":"Capacitor+1","floor":27.0},{"not_picked":["Barrage+1","Chaos"],"picked":"Blizzard+1","floor":30.0},{"not_picked":["All For One+1","Reinforced Body+1"],"picked":"Conserve Battery","floor":31.0},{"not_picked":["Amplify","Thunder Strike+1"],"picked":"Electrodynamics","floor":33.0},{"not_picked":["Ball Lightning+1","Blizzard+1","Barrage+1"],"picked":"SKIP","floor":35.0},{"not_picked":["Compile Driver+1","Auto Shields"],"picked":"Skim+1","floor":36.0},{"not_picked":["Ball Lightning+1","Blizzard+1"],"picked":"Creative AI","floor":38.0},{"not_picked":["Deep Breath","Madness"],"picked":"Secret Weapon","floor":39.0},{"not_picked":["Violence","Panacea"],"picked":"Secret Technique","floor":39.0},{"not_picked":["Redo+1","Chill"],"picked":"Double Energy+1","floor":40.0},{"not_picked":["Barrage+1","Redo"],"picked":"Double Energy+1","floor":42.0},{"not_picked":["Cold Snap+1","Redo+1"],"picked":"Capacitor","floor":44.0},{"not_picked":["Beam Cell+1","Gash+1"],"picked":"Chaos+1","floor":44.0},{"not_picked":["Steam+1","Lockon+1","Skim"],"picked":"SKIP","floor":45.0},{"not_picked":["Rebound+1","BootSequence+1","Melter+1"],"picked":"SKIP","floor":46.0},{"not_picked":["Rebound+1","Conserve Battery","Rip and Tear+1"],"picked":"SKIP","floor":46.0},{"not_picked":["Rebound+1","Cold Snap+1","Stack"],"picked":"SKIP","floor":54.0}],"player_experience":37034,"relics_obtained":[{"floor":7.0,"key":"Kunai"},{"floor":11.0,"key":"Blood Vial"},{"floor":13.0,"key":"Torii"},{"floor":19.0,"key":"Nunchaku"},{"floor":19.0,"key":"Letter Opener"},{"floor":26.0,"key":"Molten Egg 2"},{"floor":27.0,"key":"Potion Belt"},{"floor":28.0,"key":"Lantern"},{"floor":32.0,"key":"FossilizedHelix"},{"floor":36.0,"key":"Gambling Chip"},{"floor":40.0,"key":"Centennial Puzzle"},{"floor":43.0,"key":"Prayer Wheel"},{"floor":45.0,"key":"Du-Vu Doll"},{"floor":47.0,"key":"Omamori"},{"floor":49.0,"key":"Unceasing Top"},{"floor":54.0,"key":"Pear"}],"event_choices":[{"cards_removed":["Strike_B"],"damage_healed":0.0,"max_hp_gain":0.0,"max_hp_loss":0.0,"gold_gain":0.0,"event_name":"Golden Wing","player_choice":"Card Removal","floor":3.0,"gold_loss":0.0,"damage_taken":7.0},{"damage_healed":0.0,"max_hp_gain":0.0,"max_hp_loss":0.0,"gold_gain":0.0,"event_name":"Colosseum","player_choice":"Fight","floor":19.0,"gold_loss":0.0,"damage_taken":0.0},{"damage_healed":0.0,"max_hp_gain":0.0,"max_hp_loss":0.0,"gold_gain":0.0,"event_name":"Colosseum","player_choice":"Fought Nobs","floor":19.0,"gold_loss":0.0,"damage_taken":0.0},{"cards_removed":["Defend_B"],"damage_healed":0.0,"max_hp_gain":0.0,"max_hp_loss":0.0,"gold_gain":0.0,"event_name":"Beggar","player_choice":"Gave Gold","floor":29.0,"gold_loss":75.0,"damage_taken":0.0},{"damage_healed":0.0,"max_hp_gain":0.0,"max_hp_loss":0.0,"gold_gain":0.0,"event_name":"MindBloom","player_choice":"Fight","floor":36.0,"gold_loss":0.0,"damage_taken":0.0},{"cards_removed":["Strike_B"],"damage_healed":0.0,"max_hp_gain":0.0,"max_hp_loss":0.0,"gold_gain":0.0,"event_name":"Falling","player_choice":"Removed Attack","floor":37.0,"gold_loss":0.0,"damage_taken":0.0},{"damage_healed":0.0,"max_hp_gain":0.0,"max_hp_loss":0.0,"gold_gain":0.0,"event_name":"SensoryStone","player_choice":"Memory 3","floor":39.0,"gold_loss":0.0,"damage_taken":10.0}],"is_beta":true,"boss_relics":[{"not_picked":["Coffee Dripper","Empty Cage"],"picked":"Sozu"},{"not_picked":["FrozenCore","Runic Pyramid"],"picked":"Inserter"}],"items_purged_floors":[5,22,48,53],"is_endless":false,"potions_floor_spawned":[1,2,10,13,19,20,24,31,33,38,40,45,54],"killed_by":"The Heart","ascension_level":1}