{"gold_per_floor":[210,228,4,4,154,154,11,36,36,53,68,68,68,68,68,68],"floor_reached":16,"playtime":436,"items_purged":["Strike_G"],"score":191,"play_id":"8bdfbc60-4bd3-4a85-ace4-134a7789a0c4","local_time":"20190205012051","is_ascension_mode":true,"campfire_choices":[{"data":"Deadly Poison","floor":6,"key":"SMITH"},{"data":"Footwork","floor":12,"key":"SMITH"},{"data":"Skewer","floor":15,"key":"SMITH"}],"neow_cost":"NONE","seed_source_timestamp":30278998554000,"circlet_count":0,"master_deck":["AscendersBane","Defend_G","Defend_G","Defend_G","Defend_G","Defend_G","Strike_G","Strike_G","Strike_G","Strike_G","Survivor","Neutralize","Cloak And Dagger","Deadly Poison+1","Die Die Die","Footwork+1","Skewer+1"],"relics":["Ring of the Snake","Bottled Flame","Bottled Lightning"],"potions_floor_usage":[8,16],"damage_taken":[{"damage":4,"enemies":"Cultist","floor":1,"turns":5},{"damage":5,"enemies":"Small Slimes","floor":2,"turns":5},{"damage":16,"enemies":"Lagavulin","floor":8,"turns":7},{"damage":4,"enemies":"2 Louse","floor":10,"turns":2},{"damage":4,"enemies":"Blue Slaver","floor":11,"turns":4},{"damage":38,"enemies":"Slime Boss","floor":16,"turns":6}],"seed_played":"-1840795546836828979","potions_obtained":[{"floor":1,"key":"SpeedPotion"}],"is_trial":false,"path_per_floor":["M","M","$","?","?","R","$","E","T","M","M","R","$","?","R","B"],"character_chosen":"THE_SILENT","items_purchased":["Die Die Die","Footwork","Poison Potion"],"campfire_rested":0,"item_purchase_floors":[3,7,7],"current_hp_per_floor":[55,50,50,55,55,55,55,39,39,35,31,31,31,31,31,0],"gold":68,"neow_bonus":"HUNDRED_GOLD","is_prod":false,"is_daily":false,"chose_seed":false,"campfire_upgraded":3,"win_rate":0,"timestamp":1549322451,"path_taken":["M","?","$","?","?","R","$","E","T","M","M","R","?","?","R","BOSS"],"build_version":"2019-01-23","purchased_purges":1,"victory":false,"max_hp_per_floor":[66,66,66,71,71,71,71,71,71,71,71,71,71,71,71,71],"card_choices":[{"not_picked":["Setup","Deflect"],"picked":"Cloak And Dagger","floor":1},{"not_picked":["Flechettes","Flying Knee"],"picked":"Deadly Poison","floor":2},{"not_picked":["Unload","Slice","Underhanded Strike"],"picked":"SKIP","floor":8},{"not_picked":["Unload","Slice","Underhanded Strike"],"picked":"SKIP","floor":8},{"not_picked":["Escape Plan","Sucker Punch","Endless Agony"],"picked":"SKIP","floor":10},{"not_picked":["Choke","Endless Agony"],"picked":"Skewer","floor":11}],"player_experience":611643,"relics_obtained":[{"floor":8,"key":"Bottled Flame"},{"floor":9,"key":"Bottled Lightning"}],"event_choices":[{"damage_healed":0,"gold_gain":0,"player_choice":"Donut","damage_taken":0,"max_hp_gain":5,"max_hp_loss":0,"event_name":"Big Fish","floor":4,"gold_loss":0},{"damage_healed":0,"gold_gain":150,"player_choice":"AGREE","damage_taken":0,"max_hp_gain":0,"max_hp_loss":0,"event_name":"Liars Game","floor":5,"gold_loss":0,"cards_obtained":["Doubt"]},{"cards_removed":["Doubt"],"damage_healed":0,"gold_gain":0,"player_choice":"Forget","damage_taken":0,"max_hp_gain":0,"max_hp_loss":0,"event_name":"Living Wall","floor":14,"gold_loss":0}],"is_beta":false,"boss_relics":[],"items_purged_floors":[3],"is_endless":false,"potions_floor_spawned":[1],"killed_by":"Slime Boss","ascension_level":19}