{"gold_per_floor":[113,128,78,48,67,98,98,98,98,111,111,51,51,51,51,156,156,173,188,203,203,203,203,203,236,236,236,251,270,288,288,288,391,391,409,409,509,524,524,524,542,542,617,648,55,67,67,67,67,67],"floor_reached":51,"playtime":3981,"items_purged":["Strike_R","Strike_R"],"score":1018,"play_id":"58eb3363-c266-4b97-bf26-9558bbd60131","local_time":"20190205193825","is_ascension_mode":true,"campfire_choices":[{"data":"Feed","floor":8,"key":"SMITH"},{"data":"Flame Barrier","floor":11,"key":"SMITH"},{"data":"Iron Wave","floor":13,"key":"SMITH"},{"data":"Bash","floor":15,"key":"SMITH"},{"data":"Barricade","floor":23,"key":"SMITH"},{"data":"Ghostly Armor","floor":27,"key":"SMITH"},{"data":"Entrench","floor":32,"key":"SMITH"},{"data":"Juggernaut","floor":40,"key":"SMITH"},{"data":"Seeing Red","floor":42,"key":"SMITH"},{"data":"Limit Break","floor":47,"key":"SMITH"},{"data":"Inflame","floor":49,"key":"SMITH"}],"neow_cost":"NONE","seed_source_timestamp":98420787683064,"circlet_count":0,"master_deck":["Defend_R","Defend_R","Defend_R","Defend_R","Bash+1","Thunderclap","Seeing Red+1","Iron Wave+1","Feed+1","Flame Barrier+1","Barricade+1","Writhe","Ghostly Armor+1","Offering","Entrench+1","Juggernaut+1","Spot Weakness+1","Inflame+1","Limit Break+1"],"relics":["Burning Blood","Centennial Puzzle","Mercury Hourglass","The Courier","Coffee Dripper","Blood Vial","Bag of Marbles","Shuriken","Red Skull","Eternal Feather","Dead Branch","Paper Frog","Gremlin Horn","Meat on the Bone","Potion Belt","Boot"],"potions_floor_usage":[4,6,16,18,25,25,29,33,35,50,50,50,50,50],"damage_taken":[{"damage":8,"enemies":"2 Louse","floor":1,"turns":4},{"damage":9,"enemies":"Jaw Worm","floor":2,"turns":5},{"damage":5,"enemies":"Cultist","floor":5,"turns":4},{"damage":40,"enemies":"3 Sentries","floor":6,"turns":9},{"damage":0,"enemies":"Large Slime","floor":10,"turns":4},{"damage":41,"enemies":"The Guardian","floor":16,"turns":15},{"damage":1,"enemies":"3 Byrds","floor":18,"turns":3},{"damage":9,"enemies":"Shell Parasite","floor":19,"turns":5},{"damage":16,"enemies":"Centurion and Healer","floor":20,"turns":9},{"damage":47,"enemies":"Slavers","floor":25,"turns":8},{"damage":0,"enemies":"Snecko","floor":28,"turns":7},{"damage":6,"enemies":"Snake Plant","floor":29,"turns":5},{"damage":11,"enemies":"Centurion and Healer","floor":30,"turns":8},{"damage":19,"enemies":"Champ","floor":33,"turns":16},{"damage":10,"enemies":"Orb Walker","floor":35,"turns":6},{"damage":10,"enemies":"Mind Bloom Boss Battle","floor":37,"turns":11},{"damage":41,"enemies":"3 Darklings","floor":38,"turns":6},{"damage":20,"enemies":"Jaw Worm Horde","floor":41,"turns":5},{"damage":13,"enemies":"Reptomancer","floor":44,"turns":9},{"damage":23,"enemies":"Sphere and 2 Shapes","floor":46,"turns":4},{"damage":84,"enemies":"Time Eater","floor":50,"turns":9}],"seed_played":"1739057002080751185","potions_obtained":[{"floor":4,"key":"GamblersBrew"},{"floor":4,"key":"Fruit Juice"},{"floor":6,"key":"Strength Potion"},{"floor":16,"key":"Weak Potion"},{"floor":18,"key":"Swift Potion"},{"floor":20,"key":"SkillPotion"},{"floor":28,"key":"SpeedPotion"},{"floor":30,"key":"LiquidBronze"},{"floor":33,"key":"Regen Potion"},{"floor":37,"key":"Dexterity Potion"},{"floor":46,"key":"AttackPotion"}],"is_trial":false,"path_per_floor":["M","M","?","?","M","E","?","R","T","M","R","$","R","$","R","B",null,"M","M","M","?","?","R","?","E","T","R","M","M","M","T","R","B",null,"M","?","?","M","T","R","M","R","T","E","$","M","R","$","R","B",null],"character_chosen":"IRONCLAD","items_purchased":["LiquidBronze","Inflame","Limit Break","Energy Potion","Potion Belt","Boot","Regen Potion"],"campfire_rested":0,"item_purchase_floors":[45,45,45,45,45,45,45],"current_hp_per_floor":[70,67,67,72,73,39,39,39,39,49,49,49,49,49,49,14,70,79,80,74,74,74,74,54,19,19,19,31,37,38,38,38,27,98,115,115,117,88,88,97,85,94,94,89,89,78,87,87,96,47],"gold":67,"neow_bonus":"RANDOM_COMMON_RELIC","is_prod":false,"is_daily":false,"chose_seed":false,"campfire_upgraded":11,"win_rate":0,"timestamp":1549391905,"path_taken":["M","M","?","?","?","E","?","R","T","M","R","$","R","?","R","BOSS","M","M","M","?","?","R","?","E","T","R","M","M","M","?","R","BOSS","M","?","?","M","?","R","?","R","T","E","?","M","R","$","R","BOSS"],"build_version":"2019-01-23","purchased_purges":2,"victory":true,"max_hp_per_floor":[80,80,80,85,85,85,85,85,85,89,89,89,89,89,89,89,89,93,97,101,101,101,101,106,110,110,110,114,118,122,122,122,122,122,126,126,130,134,134,134,134,134,134,134,134,138,138,138,138,138],"card_choices":[{"not_picked":["Wild Strike","Shrug It Off"],"picked":"Thunderclap","floor":1},{"not_picked":["Corruption","Wild Strike"],"picked":"Seeing Red","floor":2},{"not_picked":["Pommel Strike","Shrug It Off"],"picked":"Iron Wave","floor":5},{"not_picked":["Flex","Rage","Heavy Blade"],"picked":"SKIP","floor":6},{"not_picked":["Twin Strike","Clash"],"picked":"Flame Barrier","floor":10},{"not_picked":["Juggernaut","Feed"],"picked":"Barricade","floor":16},{"not_picked":["Armaments","Carnage","Anger"],"picked":"SKIP","floor":18},{"not_picked":["Pummel","Heavy Blade","Fire Breathing"],"picked":"SKIP","floor":19},{"not_picked":["Warcry+1","Corruption","Limit Break"],"picked":"SKIP","floor":20},{"not_picked":["Thunderclap","Sword Boomerang","Pommel Strike"],"picked":"SKIP","floor":25},{"not_picked":["Armaments","Havoc","Dual Wield"],"picked":"SKIP","floor":28},{"not_picked":["True Grit","Armaments","Clothesline+1"],"picked":"SKIP","floor":29},{"not_picked":["Armaments+1","Sword Boomerang"],"picked":"Entrench","floor":30},{"not_picked":["Barricade","Exhume"],"picked":"Juggernaut","floor":33},{"not_picked":["Flame Barrier","Entrench","Cleave+1"],"picked":"SKIP","floor":35},{"not_picked":["Rage","Headbutt+1","Cleave"],"picked":"SKIP","floor":38},{"not_picked":["Anger+1","Wild Strike+1","Seeing Red+1"],"picked":"SKIP","floor":41},{"not_picked":["Hemokinesis","Evolve"],"picked":"Spot Weakness+1","floor":44},{"not_picked":["Uppercut+1","Havoc+1","Evolve+1"],"picked":"SKIP","floor":46}],"player_experience":363322,"relics_obtained":[{"floor":6,"key":"Mercury Hourglass"},{"floor":9,"key":"The Courier"},{"floor":25,"key":"Bag of Marbles"},{"floor":26,"key":"Shuriken"},{"floor":31,"key":"Red Skull"},{"floor":37,"key":"Dead Branch"},{"floor":39,"key":"Paper Frog"},{"floor":43,"key":"Gremlin Horn"},{"floor":44,"key":"Meat on the Bone"}],"event_choices":[{"cards_removed":["Strike_R"],"damage_healed":0,"gold_gain":0,"player_choice":"Card Removal","damage_taken":0,"max_hp_gain":0,"max_hp_loss":0,"event_name":"The Cleric","floor":3,"gold_loss":50},{"damage_healed":0,"gold_gain":0,"player_choice":"Bought 2 Potions","damage_taken":0,"max_hp_gain":0,"max_hp_loss":0,"event_name":"The Woman in Blue","floor":4,"gold_loss":0},{"damage_healed":0,"gold_gain":0,"player_choice":"1 cards matched","damage_taken":0,"max_hp_gain":0,"max_hp_loss":0,"event_name":"Match and Keep!","floor":7,"gold_loss":0,"cards_obtained":["Feed"]},{"damage_healed":0,"gold_gain":0,"player_choice":"Opened","damage_taken":0,"relics_obtained":["Blood Vial"],"max_hp_gain":0,"max_hp_loss":0,"event_name":"The Mausoleum","floor":21,"gold_loss":0,"cards_obtained":["Writhe"]},{"damage_healed":0,"gold_gain":0,"cards_transformed":["Strike_R","Strike_R"],"player_choice":"Became Test Subject","damage_taken":0,"max_hp_gain":0,"max_hp_loss":0,"event_name":"Drug Dealer","floor":22,"gold_loss":0,"cards_obtained":["Ghostly Armor","Offering"]},{"damage_healed":0,"gold_gain":0,"player_choice":"Shed Blood","damage_taken":25,"max_hp_gain":5,"max_hp_loss":0,"event_name":"Forgotten Altar","floor":24,"gold_loss":0},{"damage_healed":0,"gold_gain":0,"player_choice":"Ignored","damage_taken":0,"max_hp_gain":0,"max_hp_loss":0,"event_name":"Tomb of Lord Red Mask","floor":36,"gold_loss":0},{"damage_healed":0,"gold_gain":0,"player_choice":"Fight","damage_taken":0,"max_hp_gain":0,"max_hp_loss":0,"event_name":"MindBloom","floor":37,"gold_loss":0}],"is_beta":false,"boss_relics":[{"not_picked":["Philosopher\u0027s Stone","Lizard Tail"],"picked":"Coffee Dripper"},{"not_picked":["Fusion Hammer","Astrolabe"],"picked":"Eternal Feather"}],"items_purged_floors":[12,45],"is_endless":false,"potions_floor_spawned":[6,16,18,20,28,30,33,37,46],"ascension_level":6}