{"path_per_floor":["M","?","?","M","M","R","?","T","T","M","R","?","R","E","R","B",null,"M","?","$","?","?","R","M","?","T","M","M","R","E","M","R","B",null,"M","M","?","$","M","E","?","M","T","M","M","R","M","M","R","B"],"character_chosen":"IRONCLAD","items_purchased":["Infernal Blade","Blood Vial"],"gold_per_floor":[115,115,115,135,148,148,148,148,148,165,165,165,165,196,196,297,297,309,309,167,82,82,82,102,102,102,119,129,129,161,178,178,274,274,287,297,349,206,216,247,247,267,292,305,305,305,323,343,343,343],"floor_reached":51,"campfire_rested":4,"playtime":12357,"current_hp_per_floor":[92,92,92,96,96,96,96,96,96,81,81,62,90,93,93,62,115,112,112,112,112,112,112,102,102,102,104,84,115,91,96,96,92,115,114,113,102,102,92,73,59,42,42,38,46,80,41,30,64,26],"items_purged":["Injury"],"gold":343,"score":723,"play_id":"9d836461-4d38-4423-811d-0c90369dc1a7","local_time":"20180520001733","is_prod":false,"is_daily":false,"chose_seed":false,"is_ascension_mode":false,"campfire_upgraded":5,"timestamp":1526768253,"campfire_choices":[{"data":"Warcry","floor":6.0,"key":"SMITH"},{"data":"Headbutt","floor":11.0,"key":"SMITH"},{"floor":13.0,"key":"REST"},{"data":"Iron Wave","floor":15.0,"key":"SMITH"},{"data":"Inflame","floor":23.0,"key":"SMITH"},{"floor":29,"key":"REST"},{"data":"Cleave","floor":32,"key":"SMITH"},{"floor":46,"key":"REST"},{"floor":49,"key":"REST"}],"path_taken":["M","?","?","M","M","R","?","?","T","M","R","?","R","E","R","BOSS","M","?","$","?","?","R","?","?","T","M","M","R","E","M","R","BOSS","M","?","?","$","M","E","?","M","T","M","M","R","M","M","R","BOSS"],"build_version":"2018-05-17","seed_source_timestamp":0,"purchased_purges":1,"victory":true,"master_deck":["Warcry+1","Heavy Blade","Headbutt+1","True Grit+1","Iron Wave+1","Offering+1","Inflame+1","Cleave+1","True Grit+1","Clothesline","Twin Strike","Hemokinesis","Headbutt","Thunderclap","Pummel","Warcry+1","Infernal Blade+1","Spot Weakness+1","Ghostly Armor+1","Armaments+1","Sentinel+1","Shrug It Off+1","Demon Form","Shockwave+1","Spot Weakness+1","Rage+1","Madness+1","Madness+1","Barricade","Heavy Blade+1","Intimidate+1","Pommel Strike+1","Spot Weakness+1","Battle Trance+1"],"max_hp_per_floor":[96,96,96,96,96,96,96,96,96,96,96,96,96,110,110,115,115,115,115,115,115,115,115,115,115,115,115,115,115,115,115,115,115,115,115,115,115,115,115,115,115,115,115,115,115,115,115,115,115,115],"relics":["Burning Blood","Pen Nib","Toxic Egg 2","Pantograph","Mango","Pandora\u0027s Box","Spirit Poop","Lantern","Smiling Mask","Bag of Marbles","Runic Pyramid","Calipers","Blood Vial","Ancient Tea Set","Dream Catcher"],"card_choices":[{"not_picked":["Sword Boomerang","True Grit"],"picked":"Warcry","floor":1.0},{"not_picked":["Sword Boomerang","Infernal Blade"],"picked":"Heavy Blade","floor":4.0},{"not_picked":["Entrench","Havoc"],"picked":"Headbutt","floor":5.0},{"not_picked":["Body Slam","Perfected Strike"],"picked":"True Grit+1","floor":10.0},{"not_picked":["Rage+1","Blood for Blood"],"picked":"Iron Wave","floor":14.0},{"not_picked":["Brutality","Dark Embrace"],"picked":"Offering+1","floor":16.0},{"not_picked":["Hemokinesis","Metallicize"],"picked":"Warcry+1","floor":18.0},{"not_picked":["Iron Wave","Warcry+1"],"picked":"Ghostly Armor+1","floor":24.0},{"not_picked":["Disarm+1","Twin Strike"],"picked":"Armaments+1","floor":27.0},{"not_picked":["Warcry+1","Blood for Blood+1","Armaments+1"],"picked":"SKIP","floor":28.0},{"not_picked":["Infernal Blade+1","Perfected Strike"],"picked":"Sentinel+1","floor":30},{"not_picked":["Hemokinesis","Havoc+1"],"picked":"Shrug It Off+1","floor":31},{"not_picked":["Double Tap+1","Berserk"],"picked":"Demon Form","floor":33},{"not_picked":["Corruption","Heavy Blade+1","Clash"],"picked":"SKIP","floor":35},{"not_picked":["Second Wind+1","Feel No Pain+1"],"picked":"Shockwave+1","floor":36},{"not_picked":["Power Through+1","Perfected Strike+1"],"picked":"Spot Weakness+1","floor":37},{"not_picked":["Twin Strike","Warcry+1"],"picked":"Rage+1","floor":39},{"not_picked":["Wild Strike","Anger","Fire Breathing+1"],"picked":"SKIP","floor":40},{"not_picked":["Flex+1","Thunderclap+1"],"picked":"Barricade","floor":42},{"not_picked":["Corruption","Sword Boomerang+1"],"picked":"Heavy Blade+1","floor":44},{"not_picked":["Heavy Blade","Clothesline"],"picked":"Intimidate+1","floor":46},{"not_picked":["Heavy Blade+1","Clash+1"],"picked":"Pommel Strike+1","floor":47},{"not_picked":["Havoc+1","Clash+1"],"picked":"Spot Weakness+1","floor":48},{"not_picked":["Sever Soul","Dark Embrace"],"picked":"Battle Trance+1","floor":49}],"player_experience":134458,"potions_floor_usage":[30,30,33,33,45,50,50,50],"damage_taken":[{"damage":10.0,"enemies":"2 Louse","floor":1.0,"turns":2.0},{"damage":1.0,"enemies":"Jaw Worm","floor":4.0,"turns":4.0},{"damage":6.0,"enemies":"Cultist","floor":5.0,"turns":3.0},{"damage":21.0,"enemies":"2 Fungi Beasts","floor":10.0,"turns":5.0},{"damage":17.0,"enemies":"Gremlin Nob","floor":14.0,"turns":4.0},{"damage":59.0,"enemies":"The Guardian","floor":16.0,"turns":11.0},{"damage":9.0,"enemies":"Shell Parasite","floor":18.0,"turns":2.0},{"damage":16.0,"enemies":"2 Thieves","floor":24.0,"turns":3.0},{"damage":4.0,"enemies":"Snecko","floor":27.0,"turns":3.0},{"damage":26.0,"enemies":"Slaver and Parasite","floor":28.0,"turns":3.0},{"damage":30,"enemies":"Book of Stabbing","floor":30,"turns":5},{"damage":1,"enemies":"Sentry and Sphere","floor":31,"turns":3},{"damage":29,"enemies":"Collector","floor":33,"turns":5},{"damage":7,"enemies":"3 Shapes","floor":35,"turns":3},{"damage":7,"enemies":"Orb Walker","floor":36,"turns":1},{"damage":17,"enemies":"Mysterious Sphere","floor":37,"turns":3},{"damage":18,"enemies":"Sphere and 2 Shapes","floor":39,"turns":3},{"damage":27,"enemies":"2 Orb Walkers","floor":40,"turns":4},{"damage":25,"enemies":"4 Shapes","floor":42,"turns":6},{"damage":12,"enemies":"Maw","floor":44,"turns":5},{"damage":0,"enemies":"3 Darklings","floor":45,"turns":1},{"damage":47,"enemies":"Sphere and 2 Shapes","floor":47,"turns":5},{"damage":19,"enemies":"4 Shapes","floor":48,"turns":7},{"damage":71,"enemies":"Awakened One","floor":50,"turns":7}],"relics_obtained":[{"floor":8.0,"key":"Toxic Egg 2"},{"floor":9.0,"key":"Pantograph"},{"floor":14.0,"key":"Mango"},{"floor":26.0,"key":"Smiling Mask"},{"floor":30,"key":"Bag of Marbles"},{"floor":37,"key":"Calipers"},{"floor":40,"key":"Ancient Tea Set"},{"floor":43,"key":"Dream Catcher"}],"event_choices":[{"event_name":"Golden Wing","player_choice":"Ignored","floor":2.0,"damage_taken":0.0},{"event_name":"The Cleric","player_choice":"Leave","floor":3.0,"damage_taken":0.0},{"event_name":"Big Fish","player_choice":"Box","floor":7.0,"damage_taken":0.0},{"event_name":"Shining Light","player_choice":"Entered Light","floor":12.0,"damage_taken":0.0},{"event_name":"Bonfire Elementals","player_choice":"CURSE","floor":19.0,"damage_taken":0.0},{"event_name":"Addict","player_choice":"Obtained Relic","floor":21.0,"damage_taken":0.0},{"event_name":"The Library","player_choice":"Read","floor":22.0,"damage_taken":0.0},{"event_name":"Back to Basics","player_choice":"Elegance","floor":25.0,"damage_taken":0.0},{"event_name":"Mysterious Sphere","player_choice":"Fight","floor":37,"damage_taken":0},{"event_name":"Winding Halls","player_choice":"Embrace Madness","floor":41,"damage_taken":0}],"boss_relics":[{"not_picked":["Tiny House","Astrolabe"],"picked":"Runic Pyramid"}],"potions_floor_spawned":[1,10,14,16,27,28,37,40,45,47],"seed_played":"4486729758367312375","ascension_level":0,"potions_obtained":[{"floor":1.0,"key":"SteroidPotion"},{"floor":10.0,"key":"EntropicBrew"},{"floor":14.0,"key":"Fruit Juice"},{"floor":16.0,"key":"Energy Potion"},{"floor":27.0,"key":"SpeedPotion"},{"floor":28.0,"key":"EssenceOfSteel"},{"floor":37,"key":"FearPotion"},{"floor":40,"key":"SmokeBomb"},{"floor":47,"key":"SpeedPotion"}],"is_trial":false}