{"gold_per_floor":[119,133,133,195,245,270,286,314,314,324,339,389,402,402],"floor_reached":14,"playtime":1476,"items_purged":[],"score":151,"play_id":"86999b59-4261-4e9b-8e50-128f0a7fd5d4","local_time":"20190129135626","is_ascension_mode":true,"campfire_choices":[],"neow_cost":"NONE","seed_source_timestamp":1531596808434357,"circlet_count":0,"master_deck":["Strike_B","Strike_B","Strike_B","Defend_B","Defend_B","Defend_B","Defend_B","Zap","Dualcast","Rebound","Go for the Eyes","Glacier","Consume","Ball Lightning","Fission","Cold Snap","Leap","Leap"],"relics":["Cracked Core","NeowsBlessing","SsserpentHead","Regal Pillow","Ice Cream","Cables"],"potions_floor_usage":[8,14,14,14,14,14],"damage_taken":[{"damage":0,"enemies":"Small Slimes","floor":1,"turns":1},{"damage":0,"enemies":"Cultist","floor":2,"turns":1},{"damage":0,"enemies":"2 Louse","floor":4,"turns":1},{"damage":17,"enemies":"3 Sentries","floor":6,"turns":12},{"damage":4,"enemies":"Looter","floor":7,"turns":4},{"damage":34,"enemies":"Gremlin Nob","floor":8,"turns":4},{"damage":1,"enemies":"2 Fungi Beasts","floor":10,"turns":2},{"damage":3,"enemies":"3 Louse","floor":11,"turns":3},{"damage":0,"enemies":"Looter","floor":13,"turns":3},{"damage":18,"enemies":"3 Sentries","floor":14,"turns":6}],"seed_played":"8195171187156121172","potions_obtained":[{"floor":6,"key":"SkillPotion"},{"floor":11,"key":"Energy Potion"},{"floor":13,"key":"EntropicBrew"}],"is_trial":false,"path_per_floor":["M","M","?","M","?","E","M","E","T","M","M","?","M","E"],"character_chosen":"DEFECT","items_purchased":[],"campfire_rested":0,"item_purchase_floors":[],"current_hp_per_floor":[68,68,68,68,61,44,40,6,6,5,2,2,2,0],"gold":402,"neow_bonus":"THREE_ENEMY_KILL","is_prod":false,"is_daily":false,"chose_seed":false,"campfire_upgraded":0,"win_rate":0,"timestamp":1548748586,"path_taken":["M","M","?","?","?","E","M","E","T","M","M","?","M","E"],"build_version":"2019-01-23","purchased_purges":0,"victory":false,"max_hp_per_floor":[75,75,75,75,75,75,75,75,75,75,75,75,75,75],"card_choices":[{"not_picked":["Streamline","Turbo"],"picked":"Rebound","floor":1},{"not_picked":["Hologram","Redo"],"picked":"Go for the Eyes","floor":2},{"not_picked":["Aggregate","Turbo"],"picked":"Glacier","floor":4},{"not_picked":["Beam Cell","Hello World"],"picked":"Consume","floor":6},{"not_picked":["Hello World","Beam Cell"],"picked":"Ball Lightning","floor":7},{"not_picked":["Compile Driver","Ball Lightning"],"picked":"Fission","floor":8},{"not_picked":["Double Energy","Hologram"],"picked":"Cold Snap","floor":10},{"not_picked":["Cold Snap","Turbo"],"picked":"Leap","floor":11},{"not_picked":["Amplify","Cold Snap"],"picked":"Leap","floor":13}],"player_experience":685387,"relics_obtained":[{"floor":6,"key":"Regal Pillow"},{"floor":8,"key":"Ice Cream"},{"floor":9,"key":"Cables"}],"event_choices":[{"damage_healed":0,"gold_gain":0,"player_choice":"Trade","damage_taken":0,"relics_obtained":["SsserpentHead"],"max_hp_gain":0,"max_hp_loss":0,"event_name":"FaceTrader","floor":3,"gold_loss":0},{"cards_removed":["Strike_B"],"damage_healed":0,"gold_gain":0,"player_choice":"Card Removal","damage_taken":7,"max_hp_gain":0,"max_hp_loss":0,"event_name":"Golden Wing","floor":5,"gold_loss":0},{"damage_healed":0,"gold_gain":0,"player_choice":"Fled","damage_taken":0,"max_hp_gain":0,"max_hp_loss":0,"event_name":"Scrap Ooze","floor":12,"gold_loss":0}],"is_beta":false,"boss_relics":[],"items_purged_floors":[],"is_endless":false,"potions_floor_spawned":[6,11,13],"killed_by":"3 Sentries","ascension_level":9}