{"gold_per_floor":[117,128,128,142,13,13,27,27,105,138,156,156,181,191,191,191],"floor_reached":16,"playtime":752,"items_purged":["Strike_B"],"score":162,"play_id":"acb5514b-e0b3-4f53-8424-13a732a2e5a8","local_time":"20190121164813","is_ascension_mode":true,"campfire_choices":[{"data":"Zap","floor":6,"key":"SMITH"},{"data":"Gash","floor":8,"key":"SMITH"},{"floor":12,"key":"REST"},{"data":"Redo","floor":15,"key":"SMITH"}],"neow_cost":"NONE","seed_source_timestamp":851420589216661,"circlet_count":0,"master_deck":["Strike_B","Strike_B","Strike_B","Defend_B","Defend_B","Defend_B","Defend_B","Zap+1","Dualcast","Go for the Eyes","Gash+1","Rebound","Sweeping Beam","Hologram","Sweeping Beam","Beam Cell","Redo+1"],"relics":["Cracked Core","NeowsBlessing","Bag of Preparation","Bottled Lightning","Cables","Meat on the Bone"],"potions_floor_usage":[],"damage_taken":[{"damage":0,"enemies":"Small Slimes","floor":1,"turns":1},{"damage":0,"enemies":"Cultist","floor":2,"turns":1},{"damage":0,"enemies":"Jaw Worm","floor":4,"turns":1},{"damage":3,"enemies":"Blue Slaver","floor":7,"turns":3},{"damage":27,"enemies":"Lagavulin","floor":10,"turns":6},{"damage":0,"enemies":"Large Slime","floor":11,"turns":4},{"damage":19,"enemies":"3 Sentries","floor":13,"turns":4},{"damage":9,"enemies":"Exordium Thugs","floor":14,"turns":3},{"damage":48,"enemies":"Slime Boss","floor":16,"turns":8}],"seed_played":"-3181818498327358174","potions_obtained":[{"floor":1,"key":"FocusPotion"},{"floor":10,"key":"SmokeBomb"},{"floor":11,"key":"SpeedPotion"}],"is_trial":false,"path_per_floor":["M","M","?","M","$","R","M","R","T","E","M","R","E","M","R","B"],"character_chosen":"DEFECT","items_purchased":["Sweeping Beam"],"campfire_rested":1,"item_purchase_floors":[5],"current_hp_per_floor":[68,68,68,68,68,68,65,65,65,38,38,60,41,44,44,0],"gold":191,"neow_bonus":"THREE_ENEMY_KILL","is_prod":false,"is_daily":false,"chose_seed":false,"campfire_upgraded":3,"win_rate":0,"timestamp":1548067693,"path_taken":["M","M","?","M","?","R","M","R","T","E","M","R","E","M","R","BOSS"],"build_version":"2019-01-17v2","purchased_purges":1,"victory":false,"max_hp_per_floor":[75,75,75,75,75,75,75,75,75,75,75,75,75,75,75,75],"card_choices":[{"not_picked":["Heatsinks","Barrage"],"picked":"Go for the Eyes","floor":1},{"not_picked":["Auto Shields","Fusion"],"picked":"Gash","floor":2},{"not_picked":["Sweeping Beam","Redo"],"picked":"Rebound","floor":4},{"not_picked":["Recycle","Turbo","Tempest"],"picked":"SKIP","floor":7},{"not_picked":["Go for the Eyes","Redo"],"picked":"Hologram","floor":10},{"not_picked":["Beam Cell","Tempest"],"picked":"Sweeping Beam","floor":11},{"not_picked":["Chill","Meteor Strike"],"picked":"Beam Cell","floor":13},{"not_picked":["Glacier","Melter"],"picked":"Redo","floor":14}],"player_experience":621643,"relics_obtained":[{"floor":9,"key":"Bottled Lightning"},{"floor":10,"key":"Cables"},{"floor":13,"key":"Meat on the Bone"}],"event_choices":[{"damage_healed":0,"gold_gain":0,"player_choice":"Gave Potion","damage_taken":0,"relics_obtained":["Bag of Preparation"],"max_hp_gain":0,"max_hp_loss":0,"event_name":"WeMeetAgain","floor":3,"gold_loss":0}],"is_beta":false,"boss_relics":[],"items_purged_floors":[5],"is_endless":false,"potions_floor_spawned":[1,10,11],"killed_by":"Slime Boss","ascension_level":9}