{"gold_per_floor":[119,134,134,134,148,183,183,213,213,228,228,115,133,150,150,247,247,259,287,301,301,313,313,313,313,313,313,331,148,148,158,158,258,258,278,101,101,101,116,126,126,143,143,155,5,19,37,54,54,54],"floor_reached":50,"playtime":3259,"items_purged":["Strike_R","Strike_R+1","Strike_R+1","Defend_R"],"score":573,"play_id":"02186bff-0494-465d-80b5-977dc83e2259","local_time":"20190129123607","is_ascension_mode":true,"campfire_choices":[{"data":"True Grit","floor":7,"key":"SMITH"},{"data":"Shrug It Off","floor":11,"key":"SMITH"},{"data":"Bash","floor":15,"key":"SMITH"},{"floor":23,"key":"REST"},{"data":"Double Tap","floor":25,"key":"SMITH"},{"data":"Pommel Strike","floor":27,"key":"SMITH"},{"data":"Twin Strike","floor":32,"key":"SMITH"},{"data":"Inflame","floor":41,"key":"SMITH"},{"data":"Defend_R","floor":49,"key":"SMITH"}],"neow_cost":"NONE","seed_source_timestamp":2671693035158,"circlet_count":0,"master_deck":["Defend_R+1","Bash+1","Whirlwind+1","Pommel Strike+1","Twin Strike+1","True Grit+1","Shrug It Off+1","Dropkick","Uppercut+1","Second Wind+1","True Grit+1","Pommel Strike+1","Spot Weakness","Double Tap+1","Rage+1","Trip+1","Shrug It Off+1","Shrug It Off+1","Inflame+1","Rage+1"],"relics":["Burning Blood","NeowsBlessing","Whetstone","Sundial","Vajra","Astrolabe","Red Mask","Toxic Egg 2","Pantograph","Pear","Velvet Choker","Question Card","Prayer Wheel"],"potions_floor_usage":[6,8,16,19,20,33,33,33,33,33,33,50,50,50],"damage_taken":[{"damage":0,"enemies":"2 Louse","floor":1,"turns":1},{"damage":0,"enemies":"Jaw Worm","floor":2,"turns":1},{"damage":0,"enemies":"Cultist","floor":5,"turns":1},{"damage":20,"enemies":"3 Sentries","floor":6,"turns":3},{"damage":40,"enemies":"Lagavulin","floor":8,"turns":6},{"damage":8,"enemies":"Lots of Slimes","floor":10,"turns":3},{"damage":0,"enemies":"3 Louse","floor":13,"turns":1},{"damage":6,"enemies":"Looter","floor":14,"turns":2},{"damage":20,"enemies":"The Guardian","floor":16,"turns":10},{"damage":29,"enemies":"Spheric Guardian","floor":18,"turns":6},{"damage":36,"enemies":"Masked Bandits","floor":19,"turns":4},{"damage":0,"enemies":"3 Byrds","floor":20,"turns":2},{"damage":14,"enemies":"Snake Plant","floor":22,"turns":4},{"damage":0,"enemies":"Snecko","floor":28,"turns":3},{"damage":8,"enemies":"Chosen and Byrds","floor":31,"turns":3},{"damage":31,"enemies":"Collector","floor":33,"turns":7},{"damage":1,"enemies":"Orb Walker","floor":35,"turns":3},{"damage":26,"enemies":"3 Darklings","floor":39,"turns":5},{"damage":17,"enemies":"Writhing Mass","floor":40,"turns":3},{"damage":5,"enemies":"Sphere and 2 Shapes","floor":42,"turns":6},{"damage":19,"enemies":"Spire Growth","floor":44,"turns":4},{"damage":0,"enemies":"Transient","floor":46,"turns":5},{"damage":0,"enemies":"3 Darklings","floor":47,"turns":4},{"damage":3,"enemies":"Sphere and 2 Shapes","floor":48,"turns":5},{"damage":86,"enemies":"Time Eater","floor":50,"turns":8}],"seed_played":"-4884700742801781900","potions_obtained":[{"floor":1,"key":"Explosive Potion"},{"floor":2,"key":"Poison Potion"},{"floor":10,"key":"Strength Potion"},{"floor":14,"key":"SpeedPotion"},{"floor":19,"key":"LiquidBronze"},{"floor":24,"key":"EssenceOfSteel"},{"floor":24,"key":"Explosive Potion"},{"floor":24,"key":"EntropicBrew"},{"floor":33,"key":"Energy Potion"},{"floor":40,"key":"Explosive Potion"},{"floor":42,"key":"SteroidPotion"},{"floor":44,"key":"FearPotion"}],"is_trial":false,"path_per_floor":["M","M","?","?","M","E","R","E","T","M","R","$","M","M","R","B",null,"M","?","M","?","M","R","?","R","T","R","M","$","T","M","R","B",null,"M","$","T","?","M","M","R","M","T","M","$","M","M","M","R","B"],"character_chosen":"IRONCLAD","items_purchased":["Dropkick","Trip+1","Shrug It Off+1"],"campfire_rested":1,"item_purchase_floors":[12,29,36],"current_hp_per_floor":[80,80,80,80,80,66,66,32,32,30,30,30,36,36,36,22,66,43,13,19,19,11,35,35,35,35,35,41,41,51,49,49,49,80,85,85,85,85,65,54,54,55,55,42,42,48,54,57,57,0],"gold":54,"neow_bonus":"THREE_ENEMY_KILL","is_prod":false,"is_daily":false,"chose_seed":false,"campfire_upgraded":8,"win_rate":0,"timestamp":1548761767,"path_taken":["M","M","?","?","?","E","R","E","T","?","R","$","M","M","R","BOSS","M","?","M","?","M","R","?","R","T","R","?","$","?","M","R","BOSS","M","?","?","?","M","?","R","M","T","M","$","M","M","M","R","BOSS"],"build_version":"2019-01-23","purchased_purges":4,"victory":false,"max_hp_per_floor":[80,80,80,80,80,80,80,80,80,80,80,80,80,80,80,80,80,80,80,80,80,80,80,80,80,80,80,80,80,90,90,90,90,90,90,90,90,90,90,90,90,90,90,90,90,90,90,90,90,90],"card_choices":[{"not_picked":["Spot Weakness","Perfected Strike"],"picked":"Whirlwind","floor":1},{"not_picked":["Rage","Warcry"],"picked":"Pommel Strike","floor":2},{"not_picked":["Twin Strike","Carnage","Feel No Pain"],"picked":"SKIP","floor":5},{"not_picked":["Carnage","Feel No Pain"],"picked":"Twin Strike","floor":5},{"not_picked":["Armaments","Immolate"],"picked":"True Grit","floor":6},{"not_picked":["Carnage","Body Slam"],"picked":"Shrug It Off","floor":8},{"not_picked":["True Grit","Cleave","Heavy Blade"],"picked":"SKIP","floor":10},{"not_picked":["Whirlwind","Infernal Blade","Warcry"],"picked":"SKIP","floor":13},{"not_picked":["Clothesline","Iron Wave","Heavy Blade"],"picked":"SKIP","floor":14},{"not_picked":["Body Slam+1","Sword Boomerang"],"picked":"Pommel Strike+1","floor":18},{"not_picked":["Shrug It Off","Sentinel"],"picked":"Spot Weakness","floor":19},{"not_picked":["Anger","Warcry"],"picked":"Double Tap","floor":20},{"not_picked":["Anger","Dual Wield+1"],"picked":"Rage+1","floor":22},{"not_picked":["Whirlwind","Feel No Pain","Burning Pact+1"],"picked":"SKIP","floor":28},{"not_picked":["Uppercut","Clothesline","Warcry+1"],"picked":"SKIP","floor":31},{"not_picked":["Havoc+1","Clash","Anger+1"],"picked":"SKIP","floor":35},{"not_picked":["Havoc+1","Clash+1","Second Wind+1","Wild Strike+1"],"picked":"SKIP","floor":39},{"not_picked":["Armaments+1","Body Slam","Infernal Blade+1"],"picked":"Inflame","floor":40},{"not_picked":["Feel No Pain+1","Warcry+1","Corruption","Dropkick+1"],"picked":"SKIP","floor":42},{"not_picked":["Fire Breathing","Warcry+1","Body Slam+1","Rupture"],"picked":"SKIP","floor":44},{"not_picked":["Evolve","Perfected Strike+1","Flex+1","Dual Wield+1"],"picked":"SKIP","floor":44},{"not_picked":["Bludgeon","Hemokinesis","Flex+1","Dual Wield+1"],"picked":"SKIP","floor":46},{"not_picked":["Battle Trance+1","Anger+1","Bloodletting+1","True Grit+1"],"picked":"SKIP","floor":46},{"not_picked":["Battle Trance+1","Warcry+1","Sever Soul+1"],"picked":"Rage+1","floor":47},{"not_picked":["Flex+1","Sever Soul","Sword Boomerang+1","Battle Trance+1"],"picked":"SKIP","floor":47},{"not_picked":["Rage+1","Pommel Strike+1","Sword Boomerang+1","Feel No Pain"],"picked":"SKIP","floor":48},{"not_picked":["Clash","Hemokinesis+1","Berserk","Thunderclap"],"picked":"SKIP","floor":48}],"player_experience":346985,"relics_obtained":[{"floor":6,"key":"Whetstone"},{"floor":8,"key":"Sundial"},{"floor":9,"key":"Vajra"},{"floor":19,"key":"Red Mask"},{"floor":26,"key":"Pantograph"},{"floor":30,"key":"Pear"},{"floor":37,"key":"Question Card"},{"floor":43,"key":"Prayer Wheel"}],"event_choices":[{"cards_removed":["Strike_R"],"damage_healed":0,"gold_gain":0,"player_choice":"Forget","damage_taken":0,"max_hp_gain":0,"max_hp_loss":0,"event_name":"Living Wall","floor":3,"gold_loss":0},{"damage_healed":0,"gold_gain":0,"player_choice":"Forge","damage_taken":0,"max_hp_gain":0,"max_hp_loss":0,"event_name":"Accursed Blacksmith","floor":4,"gold_loss":0,"cards_upgraded":["Whirlwind"]},{"damage_healed":0,"gold_gain":0,"player_choice":"Fought Bandits","damage_taken":0,"max_hp_gain":0,"max_hp_loss":0,"event_name":"Masked Bandits","floor":19,"gold_loss":0},{"damage_healed":0,"gold_gain":0,"player_choice":"Opened","damage_taken":0,"relics_obtained":["Toxic Egg 2"],"max_hp_gain":0,"max_hp_loss":0,"event_name":"The Mausoleum","floor":21,"gold_loss":0},{"damage_healed":0,"gold_gain":0,"player_choice":"Got Potions","damage_taken":0,"max_hp_gain":0,"max_hp_loss":0,"event_name":"Lab","floor":24,"gold_loss":0},{"damage_healed":0,"gold_gain":0,"player_choice":"Copied","damage_taken":0,"max_hp_gain":0,"max_hp_loss":0,"event_name":"Duplicator","floor":38,"gold_loss":0,"cards_obtained":["Shrug It Off"]}],"is_beta":false,"boss_relics":[{"not_picked":["Fusion Hammer","Lizard Tail"],"picked":"Astrolabe"},{"not_picked":["Philosopher\u0027s Stone","Mark of Pain"],"picked":"Velvet Choker"}],"items_purged_floors":[12,29,36,45],"is_endless":false,"potions_floor_spawned":[1,2,10,14,19,31,33,40,42,44,46,47],"killed_by":"Time Eater","ascension_level":5}