{"gold_per_floor":[114,114,133,133,152,152,183,183,207,220,220,235,235,254,254,328,328,338,263,263,27,27,0],"floor_reached":23,"playtime":576,"items_purged":["Strike_G"],"score":378,"play_id":"e5b791fe-90b1-4c4a-9ab9-352aedb8c43a","local_time":"20190205180349","is_ascension_mode":true,"campfire_choices":[{"data":"Skewer","floor":6.0,"key":"SMITH"},{"floor":11.0,"key":"REST"},{"data":"Cloak And Dagger","floor":13.0,"key":"SMITH"},{"data":"Burst","floor":15.0,"key":"SMITH"}],"neow_cost":"NONE","seed_source_timestamp":4080418039400,"circlet_count":0,"master_deck":["AscendersBane","Defend_G","Defend_G","Defend_G","Defend_G","Defend_G","Strike_G","Strike_G","Strike_G","Survivor","Neutralize","All Out Attack","Skewer+1","Neutralize","Terror","Burst+1","Infinite Blades","Cloak And Dagger+1","Die Die Die","Leg Sweep","Dodge and Roll","Backstab+1","Necronomicurse","Envenom"],"special_seed":0,"relics":["Ring of the Snake","NeowsBlessing","Regal Pillow","Nunchaku","Vajra","Orrery","Necronomicon","Molten Egg 2"],"potions_floor_usage":[],"damage_taken":[{"damage":0.0,"enemies":"Jaw Worm","floor":1.0,"turns":1.0},{"damage":0.0,"enemies":"Cultist","floor":3.0,"turns":1.0},{"damage":0.0,"enemies":"2 Louse","floor":5.0,"turns":1.0},{"damage":22.0,"enemies":"Lagavulin","floor":7.0,"turns":9.0},{"damage":0.0,"enemies":"Looter","floor":10.0,"turns":4.0},{"damage":4.0,"enemies":"Blue Slaver","floor":12.0,"turns":4.0},{"damage":8.0,"enemies":"Exordium Wildlife","floor":14.0,"turns":4.0},{"damage":12.0,"enemies":"The Guardian","floor":16.0,"turns":12.0},{"damage":29.0,"enemies":"Spheric Guardian","floor":18.0,"turns":8.0},{"damage":13,"enemies":"2 Thieves","floor":23,"turns":2}],"seed_played":"8770760023955616585","potions_obtained":[{"floor":1.0,"key":"Dexterity Potion"},{"floor":3.0,"key":"SpeedPotion"}],"is_trial":false,"path_per_floor":["M","?","M","?","M","R","E","?","T","M","R","M","R","M","R","B",null,"M","?","?","$","T","M"],"character_chosen":"THE_SILENT","items_purchased":["Envenom"],"campfire_rested":1,"item_purchase_floors":[21],"current_hp_per_floor":[59,59,59,33,33,33,11,11,11,11,45,41,41,33,33,21,55,26,26,5,5,5,0],"gold":0,"neow_bonus":"THREE_ENEMY_KILL","is_prod":false,"is_daily":false,"chose_seed":false,"campfire_upgraded":3,"win_rate":0,"timestamp":1549382629,"path_taken":["M","?","?","?","M","R","E","?","T","M","R","M","R","M","R","BOSS","M","?","?","$","?","?"],"build_version":"2019-01-23","purchased_purges":1,"victory":false,"max_hp_per_floor":[66,66,66,66,66,66,66,66,66,66,66,66,66,66,66,66,66,66,66,66,66,66,66],"card_choices":[{"not_picked":["Accuracy","Endless Agony"],"picked":"All Out Attack","floor":1.0},{"not_picked":["Underhanded Strike","Blade Dance","Dagger Throw"],"picked":"SKIP","floor":3.0},{"not_picked":["Poisoned Stab","Dagger Throw"],"picked":"Terror","floor":5.0},{"not_picked":["Deflect","Finisher"],"picked":"Burst","floor":7.0},{"not_picked":["Cloak And Dagger","Acrobatics"],"picked":"Infinite Blades","floor":10.0},{"not_picked":["Poisoned Stab","Blur"],"picked":"Cloak And Dagger","floor":12.0},{"not_picked":["Flying Knee","Skewer","Reflex"],"picked":"SKIP","floor":14.0},{"not_picked":["Tools of the Trade","Glass Knife"],"picked":"Die Die Die","floor":16.0},{"not_picked":["Slice","Outmaneuver"],"picked":"Leg Sweep","floor":17.0},{"not_picked":["Slice","Poisoned Stab"],"picked":"Dodge and Roll","floor":17.0},{"not_picked":["Dagger Spray+1","Masterful Stab"],"picked":"Backstab+1","floor":18.0}],"player_experience":623066,"relics_obtained":[{"floor":7.0,"key":"Nunchaku"},{"floor":9.0,"key":"Vajra"},{"floor":20.0,"key":"Necronomicon"},{"floor":22.0,"key":"Molten Egg 2"}],"event_choices":[{"damage_healed":0.0,"max_hp_gain":0.0,"max_hp_loss":0.0,"gold_gain":0.0,"event_name":"Match and Keep!","player_choice":"2 cards matched","floor":2.0,"gold_loss":0.0,"damage_taken":0.0,"cards_obtained":["Skewer","Neutralize"]},{"damage_healed":0.0,"max_hp_gain":0.0,"max_hp_loss":0.0,"gold_gain":0.0,"event_name":"Scrap Ooze","player_choice":"Success","floor":4.0,"gold_loss":0.0,"damage_taken":26.0,"relics_obtained":["Regal Pillow"]},{"damage_healed":0.0,"max_hp_gain":0.0,"max_hp_loss":0.0,"gold_gain":0.0,"event_name":"Shining Light","player_choice":"Ignored","floor":8.0,"gold_loss":0.0,"damage_taken":0.0},{"cards_removed":["Strike_G"],"damage_healed":0.0,"max_hp_gain":0.0,"max_hp_loss":0.0,"gold_gain":0.0,"event_name":"Beggar","player_choice":"Gave Gold","floor":19.0,"gold_loss":75.0,"damage_taken":0.0},{"damage_healed":0.0,"max_hp_gain":0.0,"max_hp_loss":0.0,"gold_gain":0.0,"event_name":"Cursed Tome","player_choice":"Obtained Book","floor":20.0,"gold_loss":0.0,"damage_taken":21.0}],"is_beta":false,"boss_relics":[{"not_picked":["Empty Cage","Coffee Dripper"],"picked":"Orrery"}],"items_purged_floors":[21],"is_endless":false,"potions_floor_spawned":[1,3],"killed_by":"2 Thieves","ascension_level":20}