{"gold_per_floor":[112,112,123,123,141,141,166,166,166,180,215,215,233,249,249,346,346,358,358,375,474,24,24],"floor_reached":23,"playtime":1216,"items_purged":["Strike_B"],"score":201,"play_id":"ad7b13db-4afb-431d-8c96-a339e75b961e","local_time":"20180626224102","is_ascension_mode":false,"campfire_choices":[{"floor":6,"key":"DIG"},{"floor":8,"key":"DIG"},{"floor":12,"key":"REST"},{"floor":15,"key":"DIG"}],"neow_cost":"NONE","seed_source_timestamp":9474052754775,"circlet_count":0,"master_deck":["Strike_B","Strike_B","Strike_B","Defend_B","Defend_B","Defend_B","Defend_B","Zap","Dualcast","Capacitor","Normality","Sweeping Beam","Regret","Sweeping Beam","Compile Driver","Sweeping Beam+1","Fusion","Electrodynamics","Redo","Static Discharge+1","Sunder+1"],"relics":["Cracked Core","Oddly Smooth Stone","Shovel","Happy Flower","Blue Candle","Du-Vu Doll","Art of War","Molten Egg 2","Pen Nib","Meat on the Bone","Philosopher\u0027s Stone","Thread and Needle"],"potions_floor_usage":[7,11],"damage_taken":[{"damage":0,"enemies":"Jaw Worm","floor":1,"turns":3},{"damage":0,"enemies":"Cultist","floor":3,"turns":3},{"damage":6,"enemies":"Small Slimes","floor":5,"turns":4},{"damage":36,"enemies":"Gremlin Nob","floor":7,"turns":5},{"damage":6,"enemies":"3 Louse","floor":10,"turns":3},{"damage":25,"enemies":"Lagavulin","floor":11,"turns":5},{"damage":1,"enemies":"Large Slime","floor":13,"turns":3},{"damage":2,"enemies":"Blue Slaver","floor":14,"turns":2},{"damage":6,"enemies":"Slime Boss","floor":16,"turns":7},{"damage":24,"enemies":"2 Thieves","floor":18,"turns":3},{"damage":15,"enemies":"3 Byrds","floor":20,"turns":2},{"damage":43,"enemies":"Slavers","floor":23,"turns":2}],"seed_played":"5908006555075443611","potions_obtained":[{"floor":5,"key":"Energy Potion"},{"floor":10,"key":"AttackPotion"},{"floor":16,"key":"GamblersBrew"},{"floor":20,"key":"SneckoOil"}],"is_trial":false,"path_per_floor":["M","?","M","?","M","R","E","R","T","M","E","R","M","M","R","B",null,"M","?","M","?","$"],"character_chosen":"DEFECT","items_purchased":["Thread and Needle","Sunder+1"],"campfire_rested":1,"item_purchase_floors":[22,22],"current_hp_per_floor":[75,75,75,75,69,69,33,33,33,27,2,24,23,21,21,27,75,51,37,34,34,34,0],"gold":24,"neow_bonus":"RANDOM_COMMON_RELIC","is_prod":false,"is_daily":false,"chose_seed":false,"campfire_upgraded":0,"win_rate":0,"timestamp":1530045662,"path_taken":["M","?","M","?","M","R","E","R","T","M","E","R","M","M","R","BOSS","M","?","M","?","?","E"],"build_version":"2018-06-21v2","purchased_purges":1,"victory":false,"max_hp_per_floor":[75,75,75,75,75,75,75,75,75,75,75,75,75,75,75,75,75,75,80,80,80,80,80],"card_choices":[{"not_picked":["Streamline","Doom and Gloom"],"picked":"Capacitor","floor":1},{"not_picked":["Blizzard","Gash"],"picked":"Sweeping Beam","floor":3},{"not_picked":["Rebound","Gash"],"picked":"Sweeping Beam","floor":5},{"not_picked":["Go for the Eyes","BootSequence"],"picked":"Compile Driver","floor":7},{"not_picked":["Beam Cell+1","Conserve Battery","Compile Driver+1"],"picked":"SKIP","floor":10},{"not_picked":["Go for the Eyes+1","Reinforced Body","Rebound+1"],"picked":"SKIP","floor":11},{"not_picked":["Go for the Eyes+1","Steam"],"picked":"Sweeping Beam+1","floor":13},{"not_picked":["All For One+1","Beam Cell+1"],"picked":"Fusion","floor":14},{"not_picked":["Seek","Amplify"],"picked":"Electrodynamics","floor":16},{"not_picked":["Compile Driver+1","Genetic Algorithm"],"picked":"Redo","floor":18},{"not_picked":["Melter+1","Undo+1"],"picked":"Static Discharge+1","floor":20}],"player_experience":187145,"relics_obtained":[{"floor":6,"key":"Blue Candle"},{"floor":7,"key":"Du-Vu Doll"},{"floor":8,"key":"Art of War"},{"floor":9,"key":"Molten Egg 2"},{"floor":11,"key":"Pen Nib"},{"floor":15,"key":"Meat on the Bone"}],"event_choices":[{"event_name":"Accursed Blacksmith","player_choice":"Rummage","floor":2,"damage_taken":0},{"event_name":"Big Fish","player_choice":"Box","floor":4,"damage_taken":0},{"event_name":"Forgotten Altar","player_choice":"Shed Blood","floor":19,"damage_taken":0},{"event_name":"Nest","player_choice":"Stole From Cult","floor":21,"damage_taken":0}],"boss_relics":[{"not_picked":["Runic Pyramid","Astrolabe"],"picked":"Philosopher\u0027s Stone"}],"items_purged_floors":[22],"is_endless":false,"potions_floor_spawned":[5,10,16,20],"killed_by":"Slavers","ascension_level":0}