{"gold_per_floor":[212,34,54,54,65,96,116,141,141,141,41,53,71,71,71,171,221,236,151,106,118,129,129,145,70,93,93,93],"floor_reached":28,"playtime":2013,"items_purged":["Strike_R","Strike_R"],"score":294,"play_id":"252b5527-867f-4bdd-96a2-f2f8eccb144b","local_time":"20190129155540","is_ascension_mode":true,"campfire_choices":[{"data":"Armaments","floor":10,"key":"SMITH"},{"data":"Sentinel","floor":15,"key":"SMITH"},{"data":"Entrench","floor":23,"key":"SMITH"},{"data":"Barricade","floor":27,"key":"SMITH"}],"neow_cost":"NONE","seed_source_timestamp":1242972544386600,"circlet_count":0,"master_deck":["Strike_R","Strike_R","Defend_R","Defend_R","Defend_R","Defend_R","Bash","Iron Wave","Twin Strike+1","Inflame","Battle Trance","Headbutt","Armaments+1","Sentinel+1","Iron Wave","Limit Break","Entrench+1","Anger+1","Shrug It Off","Heavy Blade","Barricade+1"],"relics":["Burning Blood","Orichalcum","Lantern","Oddly Smooth Stone","Gremlin Horn","Tiny House","Bag of Preparation","Art of War"],"potions_floor_usage":[8,16,16,28,28],"damage_taken":[{"damage":0,"enemies":"2 Louse","floor":1,"turns":3},{"damage":0,"enemies":"Small Slimes","floor":3,"turns":3},{"damage":6,"enemies":"Jaw Worm","floor":5,"turns":3},{"damage":24,"enemies":"Gremlin Nob","floor":6,"turns":5},{"damage":7,"enemies":"Looter","floor":7,"turns":4},{"damage":30,"enemies":"Lagavulin","floor":8,"turns":9},{"damage":0,"enemies":"3 Louse","floor":12,"turns":3},{"damage":0,"enemies":"Lots of Slimes","floor":13,"turns":5},{"damage":0,"enemies":"Slime Boss","floor":16,"turns":7},{"damage":7,"enemies":"3 Byrds","floor":18,"turns":7},{"damage":12,"enemies":"Shell Parasite","floor":21,"turns":8},{"damage":20,"enemies":"Shelled Parasite and Fungi","floor":22,"turns":5},{"damage":11,"enemies":"Chosen and Byrds","floor":24,"turns":9},{"damage":68,"enemies":"Gremlin Leader","floor":28,"turns":6}],"seed_played":"-6983526852025414464","potions_obtained":[{"floor":5,"key":"Fire Potion"},{"floor":6,"key":"Weak Potion"},{"floor":12,"key":"Strength Potion"},{"floor":17,"key":"LiquidBronze"},{"floor":21,"key":"Explosive Potion"},{"floor":22,"key":"LiquidBronze"},{"floor":24,"key":"SkillPotion"}],"is_trial":false,"path_per_floor":["M","$","M","?","M","E","M","E","T","R","$","M","M","?","R","B",null,"M","?","$","M","M","R","M","?","T","R","E"],"character_chosen":"IRONCLAD","items_purchased":["Twin Strike","Inflame","Shrug It Off"],"campfire_rested":0,"item_purchase_floors":[2,2,20],"current_hp_per_floor":[80,80,80,80,80,62,61,37,37,37,37,43,49,37,37,43,85,84,84,84,78,64,64,59,59,59,59,0],"gold":93,"neow_bonus":"HUNDRED_GOLD","is_prod":false,"is_daily":false,"chose_seed":false,"campfire_upgraded":4,"win_rate":0,"timestamp":1548795340,"path_taken":["M","$","M","?","M","E","M","E","T","R","$","M","M","?","R","BOSS","M","?","$","M","M","R","M","?","T","R","E"],"build_version":"2019-01-23","purchased_purges":2,"victory":false,"max_hp_per_floor":[80,80,80,80,80,80,80,80,80,80,80,80,80,80,80,80,85,85,85,85,85,85,85,85,85,85,85,85],"card_choices":[{"not_picked":["Clash","Shockwave"],"picked":"Iron Wave","floor":1},{"not_picked":["Seeing Red","Sword Boomerang"],"picked":"Battle Trance","floor":3},{"not_picked":["Twin Strike","Rampage"],"picked":"Headbutt","floor":5},{"not_picked":["Body Slam","Evolve"],"picked":"Armaments","floor":6},{"not_picked":["Warcry","Blood for Blood"],"picked":"Sentinel","floor":7},{"not_picked":["Hemokinesis","Seeing Red"],"picked":"Iron Wave","floor":8},{"not_picked":["Clash","Thunderclap","Twin Strike"],"picked":"SKIP","floor":12},{"not_picked":["Evolve","Clash","Combust"],"picked":"SKIP","floor":13},{"not_picked":["Feed","Exhume"],"picked":"Limit Break","floor":16},{"not_picked":["True Grit","Body Slam"],"picked":"Entrench","floor":17},{"not_picked":["Flex+1","Fire Breathing+1"],"picked":"Anger+1","floor":18},{"not_picked":["Havoc","Sword Boomerang"],"picked":"Heavy Blade","floor":21},{"not_picked":["Blood for Blood","Sword Boomerang+1","Burning Pact"],"picked":"SKIP","floor":22},{"not_picked":["Dual Wield+1","Evolve"],"picked":"Barricade","floor":24}],"player_experience":84064,"relics_obtained":[{"floor":6,"key":"Orichalcum"},{"floor":8,"key":"Lantern"},{"floor":9,"key":"Oddly Smooth Stone"},{"floor":26,"key":"Art of War"}],"event_choices":[{"damage_healed":0,"gold_gain":0,"player_choice":"Ignored","damage_taken":0,"max_hp_gain":0,"max_hp_loss":0,"event_name":"Liars Game","floor":4,"gold_loss":0},{"damage_healed":0,"gold_gain":0,"player_choice":"Success","damage_taken":12,"relics_obtained":["Gremlin Horn"],"max_hp_gain":0,"max_hp_loss":0,"event_name":"Scrap Ooze","floor":14,"gold_loss":0},{"damage_healed":0,"gold_gain":0,"player_choice":"Obtained Relic","damage_taken":0,"relics_obtained":["Bag of Preparation"],"max_hp_gain":0,"max_hp_loss":0,"event_name":"Addict","floor":19,"gold_loss":85},{"cards_removed":["Strike_R"],"damage_healed":0,"gold_gain":0,"player_choice":"Gave Gold","damage_taken":0,"max_hp_gain":0,"max_hp_loss":0,"event_name":"Beggar","floor":25,"gold_loss":75}],"is_beta":false,"boss_relics":[{"not_picked":["Ectoplasm","Eternal Feather"],"picked":"Tiny House"}],"items_purged_floors":[2,11],"is_endless":false,"potions_floor_spawned":[5,6,12,21,22,24],"killed_by":"Gremlin Leader","ascension_level":1}