{"gold_per_floor":[115,115,126,137,150,150,185,199,223,240,267,267,302,318,318,423,423,439,439,456,127,142,142,174,174,174,184,184,202,202,214,214,318,318,336,336,336,201,216,216,216,246,271,271,271,301,332,4,4,4,4,4,4,32,32],"floor_reached":55,"playtime":3667,"items_purged":["Defend_R"],"score":838,"play_id":"704c0225-7a54-4dba-9ec4-a1bb1e5b3c8f","local_time":"20190131012500","is_ascension_mode":true,"campfire_choices":[{"data":"Armaments","floor":6,"key":"SMITH"},{"data":"Perfected Strike","floor":12,"key":"SMITH"},{"data":"Seeing Red","floor":15,"key":"SMITH"},{"floor":23,"key":"REST"},{"data":"Whirlwind","floor":25,"key":"SMITH"},{"data":"Spot Weakness","floor":28,"key":"SMITH"},{"floor":32,"key":"REST"},{"data":"Demon Form","floor":40,"key":"SMITH"},{"floor":44,"key":"RECALL"},{"floor":49,"key":"REST"},{"data":"Pommel Strike","floor":52,"key":"SMITH"}],"neow_cost":"NONE","seed_source_timestamp":1361877375602500,"circlet_count":0,"master_deck":["Strike_R","Strike_R","Strike_R","Strike_R","Strike_R","Defend_R","Defend_R","Defend_R","Seeing Red+1","Perfected Strike+1","Twin Strike","Spot Weakness+1","Armaments+1","Headbutt","Ghostly Armor+1","Shrug It Off+1","Pommel Strike","Pommel Strike+1","True Grit+1","Burning Pact+1","Whirlwind+1","Warcry+1","Twin Strike","Sentinel+1","Flex+1","Anger+1","Iron Wave+1","Flex+1","Rage+1","Demon Form+1","Flame Barrier+1","Enlightenment+1","Twin Strike","Perfected Strike+1","Madness+1","Secret Weapon+1","Infernal Blade+1"],"relics":["Burning Blood","Toxic Egg 2","Lantern","Red Skull","Omamori","Orrery","Chemical X","WingedGreaves","Pantograph","Dodecahedron","Mark of Pain","Singing Bowl","MawBank","Bird Faced Urn"],"potions_floor_usage":[7,18,22,33,33,42,50],"damage_taken":[{"damage":1,"enemies":"2 Louse","floor":1,"turns":3},{"damage":6,"enemies":"Cultist","floor":3,"turns":3},{"damage":2,"enemies":"Jaw Worm","floor":4,"turns":4},{"damage":27,"enemies":"Exordium Thugs","floor":5,"turns":6},{"damage":17,"enemies":"3 Sentries","floor":7,"turns":7},{"damage":0,"enemies":"3 Louse","floor":8,"turns":3},{"damage":0,"enemies":"Exordium Wildlife","floor":10,"turns":2},{"damage":21,"enemies":"Lagavulin","floor":11,"turns":6},{"damage":22,"enemies":"3 Sentries","floor":13,"turns":5},{"damage":0,"enemies":"Lots of Slimes","floor":14,"turns":3},{"damage":0,"enemies":"Hexaghost","floor":16,"turns":8},{"damage":44,"enemies":"Shell Parasite","floor":18,"turns":6},{"damage":13,"enemies":"Chosen","floor":20,"turns":5},{"damage":34,"enemies":"Snake Plant","floor":22,"turns":3},{"damage":23,"enemies":"Book of Stabbing","floor":24,"turns":4},{"damage":6,"enemies":"Snecko","floor":27,"turns":3},{"damage":0,"enemies":"Chosen and Byrds","floor":29,"turns":3},{"damage":0,"enemies":"Cultist and Chosen","floor":31,"turns":3},{"damage":67,"enemies":"Champ","floor":33,"turns":10},{"damage":63,"enemies":"3 Darklings","floor":35,"turns":5},{"damage":0,"enemies":"Orb Walker","floor":39,"turns":3},{"damage":22,"enemies":"Reptomancer","floor":42,"turns":4},{"damage":51,"enemies":"3 Darklings","floor":46,"turns":5},{"damage":12,"enemies":"4 Shapes","floor":47,"turns":3},{"damage":63,"enemies":"Donu and Deca","floor":50,"turns":6},{"damage":72,"enemies":"Shield and Spear","floor":54,"turns":6},{"damage":72,"enemies":"The Heart","floor":55,"turns":3}],"seed_played":"-985480975798123314","potions_obtained":[{"floor":1,"key":"Weak Potion"},{"floor":3,"key":"SmokeBomb"},{"floor":14,"key":"Dexterity Potion"},{"floor":16,"key":"Explosive Potion"},{"floor":20,"key":"AttackPotion"},{"floor":27,"key":"Block Potion"},{"floor":31,"key":"SteroidPotion"},{"floor":33,"key":"Fire Potion"},{"floor":39,"key":"FearPotion"}],"is_trial":false,"path_per_floor":["M","?","M","M","M","R","E","M","T","M","E","R","E","M","R","B",null,"M","?","M","$","M","R","E","R","T","M","R","M","?","M","R","B",null,"M","?","?","$","M","R","?","E","T","R","T","M","M","$","R","B",null,"R","$","E","B"],"character_chosen":"IRONCLAD","items_purchased":["Chemical X","Flex+1","Enlightenment+1","Twin Strike","Secret Weapon+1","Infernal Blade+1","Regen Potion"],"campfire_rested":3,"item_purchase_floors":[21,21,38,38,48,48,48],"current_hp_per_floor":[80,80,80,80,59,59,48,54,54,60,45,45,29,35,35,41,80,42,42,35,35,7,31,14,14,14,14,14,20,20,26,50,14,80,23,23,70,70,70,70,70,56,56,56,56,13,9,9,31,14,76,76,76,12,0],"gold":32,"neow_bonus":"THREE_CARDS","is_prod":false,"is_daily":false,"chose_seed":false,"campfire_upgraded":7,"win_rate":0,"timestamp":1548915900,"path_taken":["M","?","M","?","M","R","E","M","T","M","E","R","E","M","R","BOSS","M","?","M","$","M","R","E","R","T","?","R","M","?","M","R","BOSS","M","?","?","$","?","R","?","E","T","R","?","M","M","?","R","BOSS","R","$","E","BOSS"],"build_version":"2019-01-23","purchased_purges":1,"victory":false,"max_hp_per_floor":[80,80,80,80,80,80,80,80,80,80,80,80,80,80,80,80,80,80,80,80,80,80,80,80,80,80,80,80,80,80,80,80,80,80,80,80,70,70,70,70,70,72,72,72,72,74,76,76,76,76,76,76,76,78,78],"card_choices":[{"not_picked":["Power Through","Clothesline"],"picked":"Seeing Red","floor":0},{"not_picked":["Headbutt","Wild Strike"],"picked":"Perfected Strike","floor":1},{"not_picked":["Flex","Perfected Strike"],"picked":"Twin Strike","floor":3},{"not_picked":["Rupture","Seeing Red"],"picked":"Spot Weakness","floor":4},{"not_picked":["Twin Strike","Wild Strike"],"picked":"Armaments","floor":5},{"not_picked":["Bloodletting","Clash"],"picked":"Headbutt","floor":7},{"not_picked":["Iron Wave","Pommel Strike"],"picked":"Ghostly Armor+1","floor":8},{"not_picked":["Bloodletting+1","Warcry+1"],"picked":"Shrug It Off+1","floor":10},{"not_picked":["Wild Strike","Headbutt"],"picked":"Pommel Strike","floor":11},{"not_picked":["Sword Boomerang","Hemokinesis"],"picked":"Pommel Strike","floor":13},{"not_picked":["Clothesline","Juggernaut"],"picked":"True Grit+1","floor":14},{"not_picked":["Body Slam","Sword Boomerang"],"picked":"Burning Pact+1","floor":17},{"not_picked":["Body Slam","Havoc+1"],"picked":"Whirlwind","floor":17},{"not_picked":["Ghostly Armor+1","Combust"],"picked":"Warcry+1","floor":17},{"not_picked":["Disarm+1","Rupture"],"picked":"Twin Strike","floor":17},{"not_picked":["Combust","Shrug It Off+1","Berserk"],"picked":"SKIP","floor":18},{"not_picked":["Spot Weakness+1","Fire Breathing+1"],"picked":"Sentinel+1","floor":20},{"not_picked":["Spot Weakness+1","Havoc+1"],"picked":"Anger+1","floor":22},{"not_picked":["Seeing Red+1","Sword Boomerang+1"],"picked":"Iron Wave+1","floor":24},{"not_picked":["Spot Weakness+1","Rupture"],"picked":"Flex+1","floor":27},{"not_picked":["Blood for Blood","Heavy Blade"],"picked":"Rage+1","floor":29},{"not_picked":["Flex+1","Whirlwind","Combust"],"picked":"SKIP","floor":31},{"not_picked":["Fiend Fire","Juggernaut"],"picked":"Demon Form","floor":33},{"not_picked":["Sword Boomerang+1","Blood for Blood+1"],"picked":"Flame Barrier+1","floor":35},{"not_picked":["Pommel Strike","Thunderclap+1"],"picked":"Perfected Strike+1","floor":39},{"not_picked":["Purity+1","Thinking Ahead+1"],"picked":"Madness+1","floor":41},{"not_picked":["Offering+1","Searing Blow+1","Metallicize"],"picked":"Singing Bowl","floor":42},{"not_picked":["Sword Boomerang","Wild Strike","Thunderclap+1"],"picked":"Singing Bowl","floor":46},{"not_picked":["Twin Strike","Second Wind+1","True Grit+1"],"picked":"Singing Bowl","floor":47},{"not_picked":["Pommel Strike","Reckless Charge","Blood for Blood+1"],"picked":"Singing Bowl","floor":54}],"player_experience":135716,"relics_obtained":[{"floor":7,"key":"Toxic Egg 2"},{"floor":9,"key":"Lantern"},{"floor":11,"key":"Red Skull"},{"floor":13,"key":"Omamori"},{"floor":24,"key":"WingedGreaves"},{"floor":26,"key":"Pantograph"},{"floor":42,"key":"Singing Bowl"},{"floor":45,"key":"MawBank"},{"floor":54,"key":"Bird Faced Urn"}],"event_choices":[{"damage_healed":0,"gold_gain":0,"player_choice":"Bought 0 Potions","damage_taken":0,"max_hp_gain":0,"max_hp_loss":0,"event_name":"The Woman in Blue","floor":2,"gold_loss":0},{"cards_removed":["Bash"],"damage_healed":0,"gold_gain":0,"player_choice":"Purged","damage_taken":0,"max_hp_gain":0,"max_hp_loss":0,"event_name":"Purifier","floor":19,"gold_loss":0},{"damage_healed":0,"gold_gain":0,"player_choice":"Opened","damage_taken":0,"relics_obtained":["Dodecahedron"],"max_hp_gain":0,"max_hp_loss":0,"event_name":"The Mausoleum","floor":30,"gold_loss":0,"cards_obtained":["Writhe"]},{"damage_healed":0,"gold_gain":0,"player_choice":"Ignored","damage_taken":0,"max_hp_gain":0,"max_hp_loss":0,"event_name":"Mysterious Sphere","floor":36,"gold_loss":0},{"damage_healed":70,"gold_gain":0,"player_choice":"Heal","damage_taken":0,"max_hp_gain":0,"max_hp_loss":10,"event_name":"The Moai Head","floor":37,"gold_loss":0},{"damage_healed":0,"gold_gain":0,"player_choice":"Memory 1","damage_taken":0,"max_hp_gain":0,"max_hp_loss":0,"event_name":"SensoryStone","floor":41,"gold_loss":0}],"is_beta":false,"boss_relics":[{"not_picked":["Coffee Dripper","Tiny House"],"picked":"Orrery"},{"not_picked":["Eternal Feather","Busted Crown"],"picked":"Mark of Pain"}],"items_purged_floors":[21],"is_endless":false,"potions_floor_spawned":[1,3,14,16,20,27,31,33,39],"killed_by":"The Heart","ascension_level":2}