{"gold_per_floor":[116,291,291,310,322,351,0,0,24,24,42,117,117,132,132,236,236,250,275,275,286,286],"floor_reached":22,"playtime":1411,"items_purged":[],"score":230,"play_id":"8b940717-fe3c-4d65-9e1a-9a886b453bcb","local_time":"20190130140606","is_ascension_mode":true,"campfire_choices":[{"data":"Acrobatics","floor":8,"key":"SMITH"},{"floor":13,"key":"REST"},{"data":"Endless Agony","floor":15,"key":"SMITH"}],"neow_cost":"NONE","seed_source_timestamp":1618642327606205,"circlet_count":0,"master_deck":["Defend_G","Defend_G","Defend_G","Defend_G","Defend_G","Strike_G","Strike_G","Strike_G","Strike_G","Strike_G","Survivor","Neutralize+1","Flying Knee","Endless Agony+1","Poisoned Stab","Flying Knee","Acrobatics+1","Backstab","Concentrate","After Image","Predator","Underhanded Strike","Reflex"],"relics":["Ring of the Snake","Art of War","Bag of Preparation","Tough Bandages","Regal Pillow","Runic Pyramid","Red Mask","NlothsMask"],"potions_floor_usage":[19,22,22],"damage_taken":[{"damage":7,"enemies":"Small Slimes","floor":1,"turns":4},{"damage":7,"enemies":"2 Louse","floor":4,"turns":3},{"damage":0,"enemies":"Cultist","floor":5,"turns":3},{"damage":29,"enemies":"3 Sentries","floor":6,"turns":10},{"damage":5,"enemies":"2 Fungi Beasts","floor":11,"turns":3},{"damage":0,"enemies":"Blue Slaver","floor":14,"turns":3},{"damage":30,"enemies":"Hexaghost","floor":16,"turns":14},{"damage":0,"enemies":"Shell Parasite","floor":18,"turns":6},{"damage":19,"enemies":"Masked Bandits","floor":19,"turns":8},{"damage":14,"enemies":"Spheric Guardian","floor":21,"turns":5},{"damage":36,"enemies":"Snecko","floor":22,"turns":4}],"seed_played":"572908025846938096","potions_obtained":[{"floor":11,"key":"SteroidPotion"},{"floor":14,"key":"EssenceOfSteel"},{"floor":16,"key":"FearPotion"},{"floor":19,"key":"Ancient Potion"}],"is_trial":false,"path_per_floor":["M","?","?","M","M","E","$","R","T","?","M","?","R","M","R","B",null,"M","?","?","M","M"],"character_chosen":"THE_SILENT","items_purchased":["Tough Bandages","Acrobatics"],"campfire_rested":1,"item_purchase_floors":[7,7],"current_hp_per_floor":[63,63,63,56,56,27,27,27,27,27,22,11,47,47,47,17,57,57,38,38,24,0],"gold":286,"neow_bonus":"RANDOM_COMMON_RELIC","is_prod":false,"is_daily":false,"chose_seed":false,"campfire_upgraded":2,"win_rate":0,"timestamp":1548835566,"path_taken":["M","?","?","M","M","E","$","R","T","?","?","?","R","M","R","BOSS","M","?","?","M","?"],"build_version":"2019-01-23","purchased_purges":0,"victory":false,"max_hp_per_floor":[70,70,70,70,70,70,70,70,70,70,70,70,70,70,70,70,70,70,70,70,70,70],"card_choices":[{"not_picked":["PiercingWail","Riddle With Holes"],"picked":"Flying Knee","floor":1},{"not_picked":["Blade Dance","Outmaneuver"],"picked":"Endless Agony","floor":4},{"not_picked":["Expertise","Dodge and Roll"],"picked":"Poisoned Stab","floor":5},{"not_picked":["Dagger Throw","Deflect"],"picked":"Flying Knee","floor":6},{"not_picked":["Flechettes","Dodge and Roll"],"picked":"Backstab","floor":11},{"not_picked":["Cloak And Dagger","Crippling Poison"],"picked":"Concentrate","floor":14},{"not_picked":["Envenom","Adrenaline"],"picked":"After Image","floor":16},{"not_picked":["Prepared","Terror"],"picked":"Predator","floor":18},{"not_picked":["PiercingWail+1","Dodge and Roll"],"picked":"Underhanded Strike","floor":19},{"not_picked":["Predator","Well Laid Plans"],"picked":"Reflex","floor":21}],"player_experience":695439,"relics_obtained":[{"floor":6,"key":"Bag of Preparation"},{"floor":9,"key":"Regal Pillow"},{"floor":19,"key":"Red Mask"}],"event_choices":[{"damage_healed":0,"gold_gain":175,"player_choice":"AGREE","damage_taken":0,"max_hp_gain":0,"max_hp_loss":0,"event_name":"Liars Game","floor":2,"gold_loss":0,"cards_obtained":["Doubt"]},{"cards_removed":["Doubt"],"damage_healed":0,"gold_gain":0,"player_choice":"Forget","damage_taken":0,"max_hp_gain":0,"max_hp_loss":0,"event_name":"Living Wall","floor":3,"gold_loss":0},{"damage_healed":0,"gold_gain":0,"player_choice":"Forge","damage_taken":0,"max_hp_gain":0,"max_hp_loss":0,"event_name":"Accursed Blacksmith","floor":10,"gold_loss":0,"cards_upgraded":["Neutralize"]},{"damage_healed":0,"gold_gain":75,"player_choice":"Gather Gold","damage_taken":11,"max_hp_gain":0,"max_hp_loss":0,"event_name":"World of Goop","floor":12,"gold_loss":0},{"damage_healed":0,"gold_gain":0,"player_choice":"Fought Bandits","damage_taken":0,"max_hp_gain":0,"max_hp_loss":0,"event_name":"Masked Bandits","floor":19,"gold_loss":0},{"damage_healed":0,"gold_gain":0,"player_choice":"Trade","damage_taken":0,"relics_obtained":["NlothsMask"],"max_hp_gain":0,"max_hp_loss":0,"event_name":"FaceTrader","floor":20,"gold_loss":0}],"is_beta":false,"boss_relics":[{"not_picked":["Ectoplasm","Snecko Eye"],"picked":"Runic Pyramid"}],"items_purged_floors":[],"is_endless":false,"potions_floor_spawned":[11,14,16,19],"killed_by":"Snecko","ascension_level":5}