{"gold_per_floor":[114,39,39,39,59,94,94,125,177,206,219,232,244,244],"floor_reached":14,"playtime":665,"items_purged":[],"score":155,"play_id":"37cb9090-fa65-4e2a-8e8f-b256b798bfd5","local_time":"20190124143454","is_ascension_mode":true,"campfire_choices":[{"data":"Neutralize","floor":7,"key":"SMITH"}],"neow_cost":"NONE","seed_source_timestamp":1102711639207479,"circlet_count":0,"master_deck":["Defend_G","Defend_G","Defend_G","Defend_G","Defend_G","Strike_G","Strike_G","Strike_G","Strike_G","Strike_G","Survivor","Neutralize+1","Dagger Spray","Caltrops","Bane","Quick Slash","Dagger Spray","Slice","Poisoned Stab","Flying Knee","Backflip"],"relics":["Ring of the Snake","NeowsBlessing","Oddly Smooth Stone","Gambling Chip","Blue Candle","Anchor","Bag of Preparation"],"potions_floor_usage":[10,10,10],"damage_taken":[{"damage":0,"enemies":"Jaw Worm","floor":1,"turns":1},{"damage":0,"enemies":"Small Slimes","floor":5,"turns":1},{"damage":0,"enemies":"Lagavulin","floor":6,"turns":1},{"damage":33,"enemies":"Gremlin Nob","floor":8,"turns":5},{"damage":32,"enemies":"Lagavulin","floor":10,"turns":10},{"damage":0,"enemies":"Cultist","floor":11,"turns":4},{"damage":0,"enemies":"Looter","floor":12,"turns":2},{"damage":0,"enemies":"Large Slime","floor":13,"turns":3},{"damage":7,"enemies":"Gremlin Nob","floor":14,"turns":3}],"seed_played":"-8706915084572254487","potions_obtained":[{"floor":5,"key":"Explosive Potion"},{"floor":6,"key":"GamblersBrew"},{"floor":8,"key":"Ancient Potion"}],"is_trial":false,"path_per_floor":["M","$","?","?","M","E","R","E","T","E","M","M","M","E"],"character_chosen":"THE_SILENT","items_purchased":["Caltrops"],"campfire_rested":0,"item_purchase_floors":[2],"current_hp_per_floor":[70,70,70,70,70,70,70,37,37,5,5,5,5,0],"gold":244,"neow_bonus":"THREE_ENEMY_KILL","is_prod":false,"is_daily":false,"chose_seed":false,"campfire_upgraded":1,"win_rate":0,"timestamp":1548318894,"path_taken":["M","$","?","?","?","E","R","E","T","E","M","M","M","E"],"build_version":"2019-01-23","purchased_purges":0,"victory":false,"max_hp_per_floor":[70,70,70,70,70,70,70,70,70,70,70,70,70,70],"card_choices":[{"not_picked":["Blade Dance","Cloak And Dagger"],"picked":"Dagger Spray","floor":1},{"not_picked":["Reflex","Deflect"],"picked":"Bane","floor":5},{"not_picked":["Die Die Die","Doppelganger"],"picked":"Quick Slash","floor":6},{"not_picked":["Acrobatics","Riddle With Holes"],"picked":"Dagger Spray","floor":8},{"not_picked":["Reflex","PiercingWail"],"picked":"Slice","floor":10},{"not_picked":["Masterful Stab","Quick Slash"],"picked":"Poisoned Stab","floor":11},{"not_picked":["Slice","Accuracy"],"picked":"Flying Knee","floor":12},{"not_picked":["Outmaneuver","Poisoned Stab"],"picked":"Backflip","floor":13}],"player_experience":641474,"relics_obtained":[{"floor":6,"key":"Gambling Chip"},{"floor":8,"key":"Blue Candle"},{"floor":9,"key":"Anchor"},{"floor":10,"key":"Bag of Preparation"}],"event_choices":[{"damage_healed":0,"gold_gain":0,"player_choice":"Box","damage_taken":0,"relics_obtained":["Oddly Smooth Stone"],"max_hp_gain":0,"max_hp_loss":0,"event_name":"Big Fish","floor":3,"gold_loss":0,"cards_obtained":["Regret"]},{"cards_removed":["Regret"],"damage_healed":0,"gold_gain":0,"player_choice":"Purged","damage_taken":0,"max_hp_gain":0,"max_hp_loss":0,"event_name":"Purifier","floor":4,"gold_loss":0}],"is_beta":false,"boss_relics":[],"items_purged_floors":[],"is_endless":false,"potions_floor_spawned":[5,6,8],"killed_by":"Gremlin Nob","ascension_level":3}