{"gold_per_floor":[115,130,130,80,97,97,122,170,182,194,224,258,286,313,325,337],"floor_reached":16,"playtime":664,"items_purged":[],"score":153,"play_id":"d7a79ffc-e491-4ad9-8b90-1781ed457c56","local_time":"20181103124627","is_ascension_mode":true,"campfire_choices":[{"data":"Zap","floor":6,"key":"SMITH"},{"floor":10,"key":"REST"},{"floor":15,"key":"REST"}],"neow_cost":"NONE","seed_source_timestamp":515293609171106,"circlet_count":0,"master_deck":["AscendersBane","Strike_B","Strike_B","Strike_B","Defend_B","Defend_B","Defend_B","Defend_B","Zap+1","Dualcast","Coolheaded","Go for the Eyes","Scrape","Redo","Gash","Coolheaded","Self Repair"],"relics":["Cracked Core","Ancient Tea Set","MawBank","Mummified Hand","Odd Mushroom"],"potions_floor_usage":[16,16],"damage_taken":[{"damage":10,"enemies":"2 Louse","floor":1,"turns":4},{"damage":13,"enemies":"Jaw Worm","floor":2,"turns":4},{"damage":0,"enemies":"Cultist","floor":5,"turns":3},{"damage":39,"enemies":"Lagavulin","floor":7,"turns":6},{"damage":7,"enemies":"Blue Slaver","floor":11,"turns":2},{"damage":17,"enemies":"The Mushroom Lair","floor":12,"turns":4},{"damage":7,"enemies":"3 Louse","floor":13,"turns":4},{"damage":0,"enemies":"Exordium Wildlife","floor":14,"turns":4},{"damage":39,"enemies":"Slime Boss","floor":16,"turns":13}],"seed_played":"-5092409804243763467","potions_obtained":[{"floor":5,"key":"Swift Potion"},{"floor":7,"key":"Weak Potion"},{"floor":14,"key":"Ancient Potion"}],"is_trial":false,"path_per_floor":["M","M","?","?","M","R","E","T","T","R","M","?","M","M","R","B"],"character_chosen":"DEFECT","items_purchased":[],"campfire_rested":2,"item_purchase_floors":[],"current_hp_per_floor":[58,45,50,50,50,50,11,11,11,35,28,11,4,11,35,0],"gold":337,"neow_bonus":"THREE_CARDS","is_prod":false,"is_daily":false,"chose_seed":false,"campfire_upgraded":1,"win_rate":0,"timestamp":1541245587,"path_taken":["M","M","?","?","M","R","E","?","T","R","?","?","M","M","R","BOSS"],"build_version":"2018-11-02","purchased_purges":0,"victory":false,"max_hp_per_floor":[75,75,80,80,80,80,80,80,80,80,80,80,80,80,80,80],"card_choices":[{"not_picked":["Stack","Cold Snap"],"picked":"Coolheaded","floor":0},{"not_picked":["Rebound","Force Field","Stack"],"picked":"SKIP","floor":1},{"not_picked":["Rebound","Force Field","Stack"],"picked":"SKIP","floor":1},{"not_picked":["Cold Snap","Leap"],"picked":"Go for the Eyes","floor":2},{"not_picked":["Conserve Battery","Streamline"],"picked":"Scrape","floor":5},{"not_picked":["Coolheaded","Turbo"],"picked":"Redo","floor":7},{"not_picked":["Force Field","Stack"],"picked":"Gash","floor":11},{"not_picked":["Stack","Redo"],"picked":"Coolheaded","floor":12},{"not_picked":["Steam Power","Storm"],"picked":"Self Repair","floor":13},{"not_picked":["Stack","Cold Snap","Reprogram"],"picked":"SKIP","floor":14}],"player_experience":481932,"relics_obtained":[{"floor":7,"key":"Ancient Tea Set"},{"floor":8,"key":"MawBank"},{"floor":9,"key":"Mummified Hand"},{"floor":12,"key":"Odd Mushroom"}],"event_choices":[{"damage_healed":0,"gold_gain":0,"player_choice":"Donut","damage_taken":0,"max_hp_gain":5,"max_hp_loss":0,"event_name":"Big Fish","floor":3,"gold_loss":0},{"cards_removed":["Strike_B"],"damage_healed":0,"gold_gain":0,"player_choice":"Card Removal","damage_taken":0,"max_hp_gain":0,"max_hp_loss":0,"event_name":"The Cleric","floor":4,"gold_loss":50},{"damage_healed":0,"gold_gain":0,"player_choice":"Fought Mushrooms","damage_taken":0,"max_hp_gain":0,"max_hp_loss":0,"event_name":"Mushrooms","floor":12,"gold_loss":0}],"is_beta":true,"boss_relics":[],"items_purged_floors":[],"is_endless":false,"potions_floor_spawned":[5,7,14],"killed_by":"Slime Boss","ascension_level":10}