{"path_per_floor":["M","$","M","T","?","R","M","M","T","R","?","M","?","?","R","B",null,"M","?","?","M","?","R","E","M","T","E","R","M","R","M","R"],"character_chosen":"IRONCLAD","items_purchased":[],"gold_per_floor":[115,40,51,51,1,1,18,33,33,33,133,149,149,179,179,282,282,296,211,211,229,229,229,255,269,296,324,324,337,337,347,347,347],"floor_reached":33,"campfire_rested":1,"playtime":2010,"current_hp_per_floor":[80,80,80,80,80,80,80,80,80,80,80,80,80,80,80,71,80,80,80,72,66,66,66,32,40,40,25,49,57,57,65,65,0],"items_purged":["Strike_R"],"gold":347,"score":275,"play_id":"03a786c2-6e22-4ce9-abdb-674da09bb381","local_time":"20180506220341","is_prod":false,"is_daily":false,"chose_seed":false,"is_ascension_mode":false,"campfire_upgraded":6,"timestamp":1525637021,"path_taken":["M","$","M","?","?","R","M","M","T","R","?","M","?","?","R","BOSS","M","?","?","?","?","R","E","M","T","E","R","M","R","M","R","BOSS"],"build_version":"2018-05-03","seed_source_timestamp":6455211913957,"purchased_purges":1,"victory":false,"master_deck":["Strike_R","Strike_R","Strike_R","Defend_R","Defend_R","Defend_R","Defend_R","Bash","Cleave+1","Shrug It Off+1","Heavy Blade+1","Body Slam+1","Immolate+1","Headbutt+1","Shockwave+1","Flex+1","Twin Strike+1","Shrug It Off+1"],"max_hp_per_floor":[80,80,80,80,80,80,80,80,80,80,80,80,80,80,80,80,80,80,80,80,80,80,80,80,80,80,80,80,80,80,80,80,80],"relics":["Burning Blood","Ancient Tea Set","Gremlin Horn","Letter Opener","Philosopher\u0027s Stone","Bag of Marbles","Blood Vial","Orichalcum","Question Card"],"card_choices":[{"not_picked":["Clothesline","True Grit"],"picked":"Cleave","floor":1},{"not_picked":["Clash","Dropkick"],"picked":"Shrug It Off","floor":3},{"not_picked":["Juggernaut","Carnage"],"picked":"Heavy Blade","floor":8},{"not_picked":["Combust","Dropkick"],"picked":"Body Slam","floor":12},{"not_picked":["Limit Break","Dark Embrace"],"picked":"Immolate","floor":16},{"not_picked":["Wild Strike","Sword Boomerang"],"picked":"Headbutt","floor":18},{"not_picked":["Heavy Blade","Clash"],"picked":"Shockwave","floor":21},{"not_picked":["Hemokinesis","Armaments"],"picked":"Flex","floor":25},{"not_picked":["Clothesline","Clash"],"picked":"Twin Strike","floor":27},{"not_picked":["Pommel Strike","Heavy Blade","Shockwave"],"picked":"Shrug It Off","floor":31}],"player_experience":68883,"potions_floor_usage":[16,16,24,33,33,33],"damage_taken":[{"damage":1,"enemies":"Cultist","floor":1,"turns":4},{"damage":6,"enemies":"2 Louse","floor":3,"turns":3},{"damage":1,"enemies":"Jaw Worm","floor":7,"turns":4},{"damage":2,"enemies":"Large Slime","floor":8,"turns":5},{"damage":0,"enemies":"Looter","floor":12,"turns":2},{"damage":15,"enemies":"Slime Boss","floor":16,"turns":9},{"damage":1,"enemies":"Chosen","floor":18,"turns":3},{"damage":12,"enemies":"Spheric Guardian","floor":21,"turns":3},{"damage":40,"enemies":"Book of Stabbing","floor":24,"turns":5},{"damage":0,"enemies":"Snecko","floor":25,"turns":3},{"damage":23,"enemies":"Gremlin Leader","floor":27,"turns":5},{"damage":0,"enemies":"3 Cultists","floor":29,"turns":2},{"damage":0,"enemies":"Cultist and Chosen","floor":31,"turns":3},{"damage":82,"enemies":"Champ","floor":33,"turns":8}],"event_choices":[{"event_name":"The Cleric","player_choice":"Card Removal","floor":5,"damage_taken":0},{"event_name":"Wheel of Change","player_choice":"Gold","floor":11,"damage_taken":0},{"event_name":"Upgrade Shrine","player_choice":"Upgraded","floor":13,"damage_taken":0},{"event_name":"Dead Adventurer","player_choice":"Searched \u00272\u0027 times","floor":14,"damage_taken":0},{"event_name":"Addict","player_choice":"Obtained Relic","floor":19,"damage_taken":0},{"event_name":"Wheel of Change","player_choice":"Damage","floor":20,"damage_taken":0},{"event_name":"Upgrade Shrine","player_choice":"Upgraded","floor":22,"damage_taken":0}],"boss_relics":[{"not_picked":["Black Blood","Tiny House"],"picked":"Philosopher\u0027s Stone"}],"potions_floor_spawned":[1,3,8,16,18,27,29,31],"seed_played":"7683402141659761651","killed_by":"Champ","ascension_level":0,"is_trial":false}