{"gold_per_floor":[121,151,238,250,274,286,325,349,361,373,385,397,426,468,480,570,582,613,625,637,369,380,380,380,408,435,468,483,518,518,537,537,612,662,678,697,151,165,165,196,196,196,278,290,324,424,443,468,468,468],"floor_reached":51,"playtime":4686,"items_purged":[],"score":1524,"play_id":"85d3e7b4-4f0a-4b24-a661-f3b312ef2dbf","local_time":"20181029203628","is_ascension_mode":true,"campfire_choices":[{"data":"Body Slam","floor":6.0,"key":"SMITH"},{"data":"Armaments","floor":11,"key":"SMITH"},{"data":"Battle Trance","floor":15,"key":"SMITH"},{"data":"Body Slam","floor":32,"key":"SMITH"},{"data":"Entrench","floor":41,"key":"SMITH"},{"data":"Body Slam","floor":49,"key":"SMITH"}],"neow_cost":"NONE","seed_source_timestamp":107391419495322,"circlet_count":0,"master_deck":["Defend_R","Defend_R","Defend_R","Defend_R+1","Bash","AscendersBane","Body Slam+1","Shrug It Off","Battle Trance+1","Armaments+1","Entrench+1","Iron Wave+1","Bite","Bite","Bite","Bite+1","Bite","RitualDagger","Body Slam+1","Entrench+1","Thunderclap","Iron Wave","Body Slam+1","Body Slam+1","Barricade+1"],"special_seed":0,"relics":["Burning Blood","MawBank","CultistMask","Vajra","Bag of Preparation","Pear","Coffee Dripper","PreservedInsect","Happy Flower","Regal Pillow","Oddly Smooth Stone","War Paint","Dream Catcher","MutagenicStrength","Tiny House","Kunai","Shuriken","Bottled Flame","Frozen Egg 2","Blood Vial","Bird Faced Urn","Ancient Tea Set"],"potions_floor_usage":[16,22,29,33,38,47,50],"damage_taken":[{"damage":1.0,"enemies":"2 Louse","floor":1.0,"turns":4.0},{"damage":5.0,"enemies":"Small Slimes","floor":2.0,"turns":4.0},{"damage":5.0,"enemies":"Jaw Worm","floor":5.0,"turns":4.0},{"damage":34.0,"enemies":"Lagavulin","floor":7.0,"turns":9.0},{"damage":9.0,"enemies":"Red Slaver","floor":8.0,"turns":3.0},{"damage":10,"enemies":"2 Fungi Beasts","floor":13,"turns":3},{"damage":16,"enemies":"3 Sentries","floor":14,"turns":8},{"damage":64,"enemies":"Hexaghost","floor":16,"turns":15},{"damage":13,"enemies":"3 Byrds","floor":18,"turns":6},{"damage":0,"enemies":"Shell Parasite","floor":22,"turns":3},{"damage":3,"enemies":"Gremlin Leader","floor":25,"turns":4},{"damage":14,"enemies":"Slavers","floor":27,"turns":5},{"damage":7,"enemies":"Chosen and Byrds","floor":28,"turns":6},{"damage":30,"enemies":"Gremlin Leader","floor":29,"turns":6},{"damage":2,"enemies":"3 Cultists","floor":31,"turns":5},{"damage":65,"enemies":"Automaton","floor":33,"turns":16},{"damage":6,"enemies":"3 Darklings","floor":35,"turns":13},{"damage":0,"enemies":"Orb Walker","floor":36,"turns":3},{"damage":24,"enemies":"Spire Growth","floor":38,"turns":4},{"damage":0,"enemies":"Giant Head","floor":40,"turns":5},{"damage":14,"enemies":"Transient","floor":44,"turns":5},{"damage":40,"enemies":"Reptomancer","floor":45,"turns":5},{"damage":0,"enemies":"Mind Bloom Boss Battle","floor":46,"turns":2},{"damage":29,"enemies":"Maw","floor":47,"turns":5},{"damage":0,"enemies":"Giant Head","floor":48,"turns":5},{"damage":0,"enemies":"Awakened One","floor":50,"turns":8}],"seed_played":"8878410284235726274","potions_obtained":[{"floor":2.0,"key":"Block Potion"},{"floor":7.0,"key":"EssenceOfSteel"},{"floor":13,"key":"SteroidPotion"},{"floor":22,"key":"Weak Potion"},{"floor":27,"key":"Regen Potion"},{"floor":31,"key":"GamblersBrew"},{"floor":34,"key":"FearPotion"},{"floor":45,"key":"SkillPotion"},{"floor":46,"key":"EssenceOfSteel"}],"is_trial":false,"path_per_floor":["M","M","?","?","M","R","E","M","T","$","R","?","M","E","R","B",null,"M","?","?","$","M","?","?","E","T","E","M","E","?","M","R","B",null,"M","M","$","M","?","E","R","?","T","M","E","?","M","E","R","B"],"character_chosen":"IRONCLAD","items_purchased":["Body Slam","Entrench","PreservedInsect","Kunai","Shuriken","Iron Wave"],"campfire_rested":0,"item_purchase_floors":[21,21,21,37,37,37],"current_hp_per_floor":[77,78,67,67,68,68,40,37,37,37,37,80,76,76,76,18,72,65,63,57,57,63,63,52,62,62,68,68,61,61,68,68,45,67,73,73,73,55,55,69,69,69,69,65,36,44,34,46,46,66],"gold":468,"neow_bonus":"RANDOM_COMMON_RELIC","is_prod":false,"is_daily":false,"chose_seed":false,"campfire_upgraded":6,"win_rate":0,"timestamp":1540841788,"path_taken":["M","M","?","?","M","R","E","M","T","$","R","?","M","E","R","BOSS","M","?","?","$","M","?","?","E","T","E","M","E","?","M","R","BOSS","M","M","$","M","?","E","R","?","T","M","E","?","?","E","R","BOSS"],"build_version":"2018-10-25v2","purchased_purges":0,"victory":true,"max_hp_per_floor":[80,80,80,80,80,80,80,80,80,80,80,80,80,90,90,90,90,90,63,63,63,63,63,68,68,68,68,68,68,68,68,68,68,73,73,73,73,73,73,73,73,73,73,73,73,73,73,73,73,73],"card_choices":[{"not_picked":["Wild Strike","Anger"],"picked":"Body Slam","floor":1.0},{"not_picked":["Hemokinesis","Ghostly Armor"],"picked":"Shrug It Off","floor":2.0},{"not_picked":["Wild Strike","Disarm"],"picked":"Battle Trance","floor":5.0},{"not_picked":["Clothesline","Sever Soul","Corruption"],"picked":"SKIP","floor":7.0},{"not_picked":["Intimidate","Shrug It Off"],"picked":"Armaments","floor":8.0},{"not_picked":["Heavy Blade","Burning Pact","Double Tap"],"picked":"SKIP","floor":13},{"not_picked":["Wild Strike","Second Wind"],"picked":"Entrench","floor":14},{"not_picked":["Flex","Seeing Red"],"picked":"Iron Wave+1","floor":18},{"not_picked":["Sword Boomerang","Clash","Wild Strike"],"picked":"SKIP","floor":22},{"not_picked":["Bloodletting","Limit Break"],"picked":"Metallicize","floor":25},{"not_picked":["Entrench","Sentinel","Rage"],"picked":"SKIP","floor":27},{"not_picked":["Power Through+1","Clash","Clothesline"],"picked":"SKIP","floor":28},{"not_picked":["Heavy Blade","Brutality","Clothesline"],"picked":"SKIP","floor":29},{"not_picked":["Spot Weakness","Carnage+1","Shrug It Off"],"picked":"SKIP","floor":31},{"not_picked":["Twin Strike","Intimidate","Whirlwind"],"picked":"SKIP","floor":35},{"not_picked":["Power Through+1","Seeing Red"],"picked":"Thunderclap","floor":36},{"not_picked":["Reckless Charge","Heavy Blade"],"picked":"Body Slam","floor":38},{"not_picked":["Blood for Blood","Sword Boomerang"],"picked":"Body Slam+1","floor":40},{"not_picked":["Armaments","Sword Boomerang"],"picked":"Barricade+1","floor":44},{"not_picked":["Rampage","Havoc+1","Seeing Red+1"],"picked":"SKIP","floor":45},{"not_picked":["Clash+1","Anger+1","Twin Strike"],"picked":"SKIP","floor":47},{"not_picked":["Pommel Strike","Juggernaut+1","Perfected Strike+1"],"picked":"SKIP","floor":48},{"not_picked":["Pommel Strike","Juggernaut+1","Perfected Strike+1"],"picked":"SKIP","floor":48}],"player_experience":422541,"relics_obtained":[{"floor":7.0,"key":"Vajra"},{"floor":9.0,"key":"Bag of Preparation"},{"floor":14,"key":"Pear"},{"floor":25,"key":"Regal Pillow"},{"floor":26,"key":"Oddly Smooth Stone"},{"floor":27,"key":"War Paint"},{"floor":29,"key":"Dream Catcher"},{"floor":40,"key":"Bottled Flame"},{"floor":43,"key":"Frozen Egg 2"},{"floor":45,"key":"Blood Vial"},{"floor":46,"key":"Bird Faced Urn"},{"floor":48,"key":"Ancient Tea Set"}],"event_choices":[{"damage_healed":0.0,"max_hp_gain":0.0,"max_hp_loss":0.0,"gold_gain":75.0,"event_name":"World of Goop","player_choice":"Gather Gold","floor":3.0,"gold_loss":0.0,"damage_taken":11.0},{"damage_healed":0.0,"max_hp_gain":0.0,"max_hp_loss":0.0,"gold_gain":0.0,"event_name":"FaceTrader","player_choice":"Trade","floor":4.0,"gold_loss":0.0,"damage_taken":0.0,"relics_obtained":["CultistMask"]},{"damage_healed":43,"gold_gain":0,"player_choice":"Full Heal","damage_taken":0,"max_hp_gain":0,"max_hp_loss":0,"event_name":"Wheel of Change","floor":12,"gold_loss":0},{"damage_healed":0,"gold_gain":0,"player_choice":"Became a vampire","damage_taken":0,"max_hp_gain":0,"max_hp_loss":27,"event_name":"Vampires","floor":19,"gold_loss":0,"cards_obtained":["Bite","Bite","Bite","Bite","Bite"]},{"damage_healed":0,"gold_gain":0,"player_choice":"Joined the Cult","damage_taken":6,"max_hp_gain":0,"max_hp_loss":0,"event_name":"Nest","floor":20,"gold_loss":0,"cards_obtained":["RitualDagger"]},{"damage_healed":0,"gold_gain":0,"player_choice":"Opened","damage_taken":0,"relics_obtained":["Happy Flower"],"max_hp_gain":0,"max_hp_loss":0,"event_name":"The Mausoleum","floor":23,"gold_loss":0},{"damage_healed":0,"gold_gain":0,"player_choice":"Shed Blood","damage_taken":16,"max_hp_gain":5,"max_hp_loss":0,"event_name":"Forgotten Altar","floor":24,"gold_loss":0},{"damage_healed":0,"gold_gain":0,"player_choice":"Inject Mutagens","damage_taken":0,"relics_obtained":["MutagenicStrength"],"max_hp_gain":0,"max_hp_loss":0,"event_name":"Drug Dealer","floor":30,"gold_loss":0},{"cards_removed":["Metallicize"],"damage_healed":0,"gold_gain":0,"player_choice":"Removed Power","damage_taken":0,"max_hp_gain":0,"max_hp_loss":0,"event_name":"Falling","floor":39,"gold_loss":0},{"damage_healed":0,"gold_gain":0,"player_choice":"Ignored","damage_taken":0,"max_hp_gain":0,"max_hp_loss":0,"event_name":"Tomb of Lord Red Mask","floor":42,"gold_loss":0},{"damage_healed":0,"gold_gain":0,"player_choice":"Fight","damage_taken":0,"max_hp_gain":0,"max_hp_loss":0,"event_name":"MindBloom","floor":46,"gold_loss":0}],"is_beta":true,"boss_relics":[{"not_picked":["Velvet Choker","Ectoplasm"],"picked":"Coffee Dripper"},{"not_picked":["Runic Pyramid","Fusion Hammer"],"picked":"Tiny House"}],"items_purged_floors":[],"is_endless":false,"potions_floor_spawned":[2,7,13,14,22,27,28,31,45,46],"ascension_level":13}