{"gold_per_floor":[410,410,485,1,16,16,34,65,65,65,65,65,98,115,115,218,218,199,209,132,57,14,47,47,72,96,116,135,135],"floor_reached":29,"playtime":1809,"items_purged":[],"score":337,"play_id":"f04306f7-bd18-4f5f-9d43-e094cc458ea5","local_time":"20180703135238","is_ascension_mode":true,"campfire_choices":[{"data":"Cleave","floor":6,"key":"SMITH"},{"data":"Bash","floor":10,"key":"SMITH"},{"data":"Strike_R","floor":12,"key":"SMITH"},{"data":"Clothesline","floor":15,"key":"SMITH"},{"data":"Rage","floor":24,"key":"SMITH"}],"neow_cost":"FIFTY_PERCENT_DAMAGE","seed_source_timestamp":7832613213968,"circlet_count":0,"master_deck":["Strike_R+1","Strike_R","Strike_R","Defend_R","Defend_R","Defend_R","Defend_R","Bash+1","Cleave+1","Metallicize+1","Flex","Clothesline+1","Offering","Rage+1","Rupture+1","J.A.X.","Twin Strike","Carnage+1","Wild Strike+1","Clothesline+1","Barricade+1"],"relics":["Burning Blood","Old Coin","Mango","Frozen Egg 2","Orichalcum","Letter Opener","Self Forming Clay","The Courier","Empty Cage","Darkstone Periapt","Molten Egg 2","Happy Flower"],"potions_floor_usage":[5,8,14,25,28],"damage_taken":[{"damage":5,"enemies":"Jaw Worm","floor":1,"turns":5},{"damage":4,"enemies":"Small Slimes","floor":5,"turns":3},{"damage":0,"enemies":"2 Louse","floor":7,"turns":3},{"damage":16,"enemies":"3 Sentries","floor":8,"turns":6},{"damage":15,"enemies":"Gremlin Nob","floor":13,"turns":5},{"damage":3,"enemies":"Blue Slaver","floor":14,"turns":4},{"damage":30,"enemies":"Slime Boss","floor":16,"turns":12},{"damage":16,"enemies":"2 Thieves","floor":18,"turns":4},{"damage":23,"enemies":"Spheric Guardian","floor":19,"turns":4},{"damage":44,"enemies":"Slavers","floor":23,"turns":6},{"damage":23,"enemies":"Book of Stabbing","floor":25,"turns":4},{"damage":13,"enemies":"Snecko","floor":27,"turns":4},{"damage":9,"enemies":"Slaver and Parasite","floor":28,"turns":4},{"damage":12,"enemies":"Cultist and Chosen","floor":29,"turns":3}],"seed_played":"-3839118344810079799","potions_obtained":[{"floor":1,"key":"SkillPotion"},{"floor":13,"key":"Weak Potion"},{"floor":23,"key":"PowerPotion"},{"floor":27,"key":"AttackPotion"}],"is_trial":false,"path_per_floor":["M","?","?","$","M","R","M","E","T","R","?","R","E","M","R","B",null,"M","M","?","?","$","E","R","E","T","M","M"],"character_chosen":"IRONCLAD","items_purchased":["Frozen Egg 2","Orichalcum","Fruit Juice","Twin Strike"],"campfire_rested":0,"item_purchase_floors":[4,4,4,22],"current_hp_per_floor":[41,48,37,37,44,44,50,40,40,40,64,64,55,58,58,34,99,89,72,72,72,72,34,34,17,17,10,7,0],"gold":135,"neow_bonus":"ONE_RARE_RELIC","is_prod":false,"is_daily":false,"chose_seed":false,"campfire_upgraded":5,"win_rate":0,"timestamp":1530618758,"path_taken":["M","?","?","$","M","R","M","E","T","R","?","R","E","M","R","BOSS","M","M","?","?","$","E","R","E","T","M","M","M"],"build_version":"2018-06-28","purchased_purges":0,"victory":false,"max_hp_per_floor":[80,94,94,94,99,99,99,99,99,99,99,99,99,99,99,99,99,99,99,99,96,96,96,96,96,96,96,96,96],"card_choices":[{"not_picked":["Intimidate","Whirlwind"],"picked":"Cleave","floor":1},{"not_picked":["Power Through","Shrug It Off"],"picked":"Metallicize+1","floor":5},{"not_picked":["Ghostly Armor","Wild Strike","Pommel Strike"],"picked":"SKIP","floor":7},{"not_picked":["Clash","Infernal Blade","Blood for Blood"],"picked":"SKIP","floor":8},{"not_picked":["Pommel Strike","Sentinel"],"picked":"Flex","floor":13},{"not_picked":["Carnage","Shockwave"],"picked":"Clothesline","floor":14},{"not_picked":["Impervious","Dark Embrace+1"],"picked":"Offering","floor":16},{"not_picked":["Armaments+1","Infernal Blade"],"picked":"Rage","floor":18},{"not_picked":["Ghostly Armor","Shockwave"],"picked":"Rupture+1","floor":19},{"not_picked":["Corruption+1","True Grit"],"picked":"Carnage+1","floor":23},{"not_picked":["Rage","Cleave"],"picked":"Wild Strike","floor":25},{"not_picked":["Shockwave","Dual Wield"],"picked":"Clothesline+1","floor":27},{"not_picked":["Perfected Strike+1","Rage"],"picked":"Barricade+1","floor":28}],"player_experience":241372,"relics_obtained":[{"floor":8,"key":"Letter Opener"},{"floor":9,"key":"Self Forming Clay"},{"floor":13,"key":"The Courier"},{"floor":23,"key":"Darkstone Periapt"},{"floor":25,"key":"Molten Egg 2"},{"floor":26,"key":"Happy Flower"}],"event_choices":[{"event_name":"Scrap Ooze","player_choice":"success","floor":2,"damage_taken":7},{"event_name":"World of Goop","player_choice":"Gather Gold","floor":3,"damage_taken":0},{"event_name":"Mushrooms","player_choice":"Healed and dodged fight","floor":11,"damage_taken":0},{"event_name":"Drug Dealer","player_choice":"Got JAXXED","floor":20,"damage_taken":0},{"event_name":"Beggar","player_choice":"Gave Gold","floor":21,"damage_taken":0}],"boss_relics":[{"not_picked":["Velvet Choker","Runic Dome"],"picked":"Empty Cage"}],"items_purged_floors":[],"is_endless":false,"potions_floor_spawned":[1,13,23,27],"killed_by":"Cultist and Chosen","ascension_level":3}