{"gold_per_floor":[119,129,279,279,279,311,30,65,91,91,91,109,127,144,144,215,215,231,231,243,253,97,97,108,108,133,58,58,58,77,89,89,162,162,176,191,32,47,97,97,128,42,69,86,86,136,136,49,49,49],"floor_reached":51,"playtime":2058,"items_purged":["Strike_G","Strike_G"],"score":1329,"play_id":"4eb46079-56c3-45a4-bc75-192f6acd409f","local_time":"20190205011136","is_ascension_mode":true,"campfire_choices":[{"data":"Apotheosis","floor":11.0,"key":"SMITH"},{"data":"After Image","floor":15.0,"key":"SMITH"},{"data":"Malaise","floor":23.0,"key":"SMITH"},{"data":"After Image","floor":25.0,"key":"SMITH"},{"data":"RitualDagger","floor":29.0,"key":"SMITH"},{"floor":32.0,"key":"REST"},{"floor":40.0,"key":"REST"},{"floor":45.0,"key":"REST"},{"floor":47.0,"key":"REST"},{"floor":49.0,"key":"REST"}],"neow_cost":"NONE","seed_source_timestamp":27744627634700,"circlet_count":0,"master_deck":["AscendersBane","Defend_G","Defend_G","Defend_G","Defend_G","Defend_G","Strike_G+1","Strike_G+1","Survivor","Neutralize+1","Predator","All Out Attack+1","After Image+1","Apotheosis+1","After Image+1","Malaise+1","PiercingWail","Terror","Adrenaline","Deadly Poison","RitualDagger+1","Flying Knee","Burst","Backflip","Noxious Fumes","Blur","Blade Dance","Footwork","Footwork","Dodge and Roll+1","Footwork"],"special_seed":0,"relics":["Ring of the Snake","NeowsBlessing","Bronze Scales","Pear","Blood Vial","FaceOfCleric","Orrery","MutagenicStrength","Pen Nib","Lizard Tail","Mummified Hand","Whetstone","Juzu Bracelet"],"potions_floor_usage":[50,50],"damage_taken":[{"damage":0.0,"enemies":"2 Louse","floor":1.0,"turns":1.0},{"damage":0.0,"enemies":"Small Slimes","floor":2.0,"turns":1.0},{"damage":0.0,"enemies":"Lagavulin","floor":6.0,"turns":1.0},{"damage":10.0,"enemies":"3 Sentries","floor":8.0,"turns":6.0},{"damage":0.0,"enemies":"Cultist","floor":12.0,"turns":4.0},{"damage":0.0,"enemies":"Exordium Thugs","floor":13.0,"turns":5.0},{"damage":2.0,"enemies":"Large Slime","floor":14.0,"turns":6.0},{"damage":13.0,"enemies":"Slime Boss","floor":16.0,"turns":11.0},{"damage":10.0,"enemies":"Shell Parasite","floor":18.0,"turns":6.0},{"damage":12.0,"enemies":"Spheric Guardian","floor":20.0,"turns":7.0},{"damage":2.0,"enemies":"Snake Plant","floor":21.0,"turns":6.0},{"damage":19.0,"enemies":"Chosen and Byrds","floor":24.0,"turns":7.0},{"damage":10.0,"enemies":"3 Cultists","floor":30.0,"turns":5.0},{"damage":2.0,"enemies":"Snake Plant","floor":31.0,"turns":4.0},{"damage":41.0,"enemies":"Collector","floor":33.0,"turns":11.0},{"damage":7.0,"enemies":"3 Shapes","floor":35.0,"turns":4.0},{"damage":22.0,"enemies":"Orb Walker","floor":36.0,"turns":7.0},{"damage":21.0,"enemies":"3 Darklings","floor":38.0,"turns":9.0},{"damage":52.0,"enemies":"Nemesis","floor":41.0,"turns":11.0},{"damage":0.0,"enemies":"Spire Growth","floor":44.0,"turns":5.0},{"damage":82,"enemies":"Awakened One","floor":50,"turns":27}],"seed_played":"-6769217213549768266","potions_obtained":[{"floor":6.0,"key":"SteroidPotion"},{"floor":12.0,"key":"Explosive Potion"},{"floor":16.0,"key":"Strength Potion"},{"floor":21.0,"key":"FearPotion"},{"floor":30.0,"key":"AttackPotion"},{"floor":31.0,"key":"Energy Potion"},{"floor":41.0,"key":"FearPotion"},{"floor":44.0,"key":"EssenceOfSteel"}],"is_trial":false,"path_per_floor":["M","M","?","?","?","E","$","E","T","?","R","M","M","M","R","B",null,"M","?","M","M","$","R","M","R","T","?","?","R","M","M","R","B",null,"M","M","$","M","?","R","E","$","T","M","R","T","R","$","R","B",null],"character_chosen":"THE_SILENT","items_purchased":["Apotheosis","Deadly Poison","Noxious Fumes","Blur","Footwork","Footwork"],"campfire_rested":5,"item_purchase_floors":[7,22,37,37,42,48],"current_hp_per_floor":[59,59,59,59,39,39,39,39,39,39,39,42,45,46,46,36,69,62,62,53,54,54,54,38,38,38,38,32,32,25,26,51,13,69,65,46,46,28,28,55,6,6,6,9,36,36,63,63,90,11],"gold":49,"neow_bonus":"THREE_ENEMY_KILL","is_prod":false,"is_daily":false,"chose_seed":false,"campfire_upgraded":5,"win_rate":0,"timestamp":1549321896,"path_taken":["M","M","?","?","?","E","$","E","T","?","R","?","M","M","R","BOSS","M","?","M","M","$","R","M","R","T","?","?","R","?","M","R","BOSS","M","M","$","M","?","R","E","?","T","?","R","?","R","?","R","BOSS"],"build_version":"2019-01-23","purchased_purges":2,"victory":true,"max_hp_per_floor":[66,66,66,66,66,66,66,76,76,76,76,77,78,79,79,80,80,81,81,82,83,83,83,84,84,84,84,84,84,85,86,86,87,87,88,89,89,90,90,90,91,91,91,92,92,92,92,92,92,93],"card_choices":[{"not_picked":["Outmaneuver","Heel Hook"],"picked":"Predator","floor":1.0},{"not_picked":["Dagger Throw","Flying Knee"],"picked":"All Out Attack","floor":2.0},{"not_picked":["Flying Knee","Predator"],"picked":"After Image","floor":6.0},{"not_picked":["Accuracy","Prepared","Endless Agony"],"picked":"SKIP","floor":8.0},{"not_picked":["Underhanded Strike","Bouncing Flask","Dodge and Roll"],"picked":"SKIP","floor":12.0},{"not_picked":["Riddle With Holes","Blade Dance"],"picked":"After Image","floor":13.0},{"not_picked":["Flechettes","Heel Hook","Eviscerate"],"picked":"SKIP","floor":14.0},{"not_picked":["Storm of Steel","After Image"],"picked":"Malaise","floor":16.0},{"not_picked":["Underhanded Strike","Deadly Poison"],"picked":"PiercingWail","floor":17.0},{"not_picked":["Slice","Dash"],"picked":"Terror","floor":17.0},{"not_picked":["Slice","Accuracy+1"],"picked":"Adrenaline","floor":18.0},{"not_picked":["Crippling Poison","Deflect","Bane"],"picked":"SKIP","floor":20.0},{"not_picked":["Poisoned Stab","Prepared","Riddle With Holes"],"picked":"SKIP","floor":21.0},{"not_picked":["Infinite Blades","All Out Attack","Deflect"],"picked":"SKIP","floor":24.0},{"not_picked":["Sucker Punch","Skewer","Dagger Throw"],"picked":"SKIP","floor":30.0},{"not_picked":["Sucker Punch","Skewer","Dagger Throw"],"picked":"SKIP","floor":30.0},{"not_picked":["Choke","Tactician+1"],"picked":"Flying Knee","floor":31.0},{"not_picked":["Storm of Steel","Doppelganger"],"picked":"Burst","floor":33.0},{"not_picked":["Sucker Punch","Underhanded Strike","Prepared"],"picked":"SKIP","floor":35.0},{"not_picked":["Eviscerate","Sucker Punch+1"],"picked":"Backflip","floor":36.0},{"not_picked":["Backflip","Reflex"],"picked":"Blade Dance","floor":38.0},{"not_picked":["A Thousand Cuts","Poisoned Stab"],"picked":"Footwork","floor":41.0},{"not_picked":["All Out Attack","Underhanded Strike"],"picked":"Dodge and Roll+1","floor":44.0}],"player_experience":609585,"relics_obtained":[{"floor":6.0,"key":"Bronze Scales"},{"floor":8.0,"key":"Pear"},{"floor":9.0,"key":"Blood Vial"},{"floor":26.0,"key":"Pen Nib"},{"floor":41.0,"key":"Mummified Hand"},{"floor":43.0,"key":"Whetstone"},{"floor":46.0,"key":"Juzu Bracelet"}],"event_choices":[{"damage_healed":0.0,"max_hp_gain":0.0,"max_hp_loss":0.0,"gold_gain":150.0,"event_name":"Liars Game","player_choice":"AGREE","floor":3.0,"gold_loss":0.0,"damage_taken":0.0,"cards_obtained":["Doubt"]},{"cards_removed":["Doubt"],"damage_healed":0.0,"max_hp_gain":0.0,"max_hp_loss":0.0,"gold_gain":0.0,"event_name":"Living Wall","player_choice":"Forget","floor":4.0,"gold_loss":0.0,"damage_taken":0.0},{"damage_healed":0.0,"max_hp_gain":0.0,"max_hp_loss":0.0,"gold_gain":0.0,"event_name":"Shining Light","player_choice":"Entered Light","floor":5.0,"gold_loss":0.0,"damage_taken":20.0,"cards_upgraded":["All Out Attack","Strike_G"]},{"damage_healed":0.0,"max_hp_gain":0.0,"max_hp_loss":0.0,"gold_gain":0.0,"event_name":"FaceTrader","player_choice":"Trade","floor":10.0,"gold_loss":0.0,"damage_taken":0.0,"relics_obtained":["FaceOfCleric"]},{"damage_healed":0.0,"max_hp_gain":0.0,"max_hp_loss":0.0,"gold_gain":0.0,"event_name":"Drug Dealer","player_choice":"Inject Mutagens","floor":19.0,"gold_loss":0.0,"damage_taken":0.0,"relics_obtained":["MutagenicStrength"]},{"cards_removed":["Strike_G"],"damage_healed":0.0,"max_hp_gain":0.0,"max_hp_loss":0.0,"gold_gain":0.0,"event_name":"Beggar","player_choice":"Gave Gold","floor":27.0,"gold_loss":75.0,"damage_taken":0.0},{"damage_healed":0.0,"max_hp_gain":0.0,"max_hp_loss":0.0,"gold_gain":0.0,"event_name":"Nest","player_choice":"Joined the Cult","floor":28.0,"gold_loss":0.0,"damage_taken":6.0,"cards_obtained":["RitualDagger"]},{"damage_healed":0.0,"max_hp_gain":0.0,"max_hp_loss":0.0,"gold_gain":50.0,"event_name":"Golden Shrine","player_choice":"Pray","floor":39.0,"gold_loss":0.0,"damage_taken":0.0}],"is_beta":false,"boss_relics":[{"not_picked":["Pandora\u0027s Box","Calling Bell"],"picked":"Orrery"},{"not_picked":["Runic Pyramid","Snecko Eye"],"picked":"Lizard Tail"}],"items_purged_floors":[7,22],"is_endless":false,"potions_floor_spawned":[6,12,14,16,21,30,31,41,44],"ascension_level":18}