{"gold_per_floor":[118,193,211,224,242,242,255,255,255,282,134,134,168,180,180,180],"floor_reached":16,"playtime":474,"items_purged":["Strike_B"],"score":158,"play_id":"ac03cc3f-0656-4b4e-bd75-d263c51fc8d0","local_time":"20190205031641","is_ascension_mode":true,"campfire_choices":[{"data":"Reinforced Body","floor":6,"key":"SMITH"},{"data":"Hyperbeam","floor":12,"key":"SMITH"},{"data":"Echo Form","floor":15,"key":"SMITH"}],"neow_cost":"PERCENT_DAMAGE","seed_source_timestamp":1803771921066200,"circlet_count":0,"master_deck":["Strike_B","Strike_B","Defend_B","Defend_B","Defend_B","Zap","Dualcast","Hyperbeam+1","FTL","Auto Shields","Reinforced Body+1","Hologram","Darkness","Streamline","Echo Form+1","Scrape","Coolheaded","Beam Cell"],"relics":["Cracked Core","NlothsMask","Blood Vial","The Courier"],"potions_floor_usage":[10,13,13],"damage_taken":[{"damage":4,"enemies":"2 Louse","floor":1,"turns":2},{"damage":0,"enemies":"Jaw Worm","floor":3,"turns":3},{"damage":0,"enemies":"Cultist","floor":4,"turns":3},{"damage":0,"enemies":"Looter","floor":5,"turns":2},{"damage":4,"enemies":"Blue Slaver","floor":7,"turns":3},{"damage":1,"enemies":"3 Sentries","floor":10,"turns":4},{"damage":0,"enemies":"Gremlin Nob","floor":13,"turns":2},{"damage":0,"enemies":"3 Louse","floor":14,"turns":4},{"damage":40,"enemies":"The Guardian","floor":16,"turns":4}],"seed_played":"-3438985688825945994","potions_obtained":[{"floor":3,"key":"Strength Potion"},{"floor":4,"key":"Energy Potion"},{"floor":5,"key":"GamblersBrew"},{"floor":10,"key":"Explosive Potion"}],"is_trial":false,"path_per_floor":["M","?","M","M","M","R","M","?","T","E","$","R","E","M","R","B"],"character_chosen":"DEFECT","items_purchased":["Scrape"],"campfire_rested":0,"item_purchase_floors":[11],"current_hp_per_floor":[50,39,39,39,39,39,35,35,35,34,34,34,36,38,38,0],"gold":180,"neow_bonus":"TRANSFORM_TWO_CARDS","is_prod":false,"is_daily":false,"chose_seed":false,"campfire_upgraded":3,"win_rate":0,"timestamp":1549354601,"path_taken":["M","?","M","M","M","R","M","?","T","E","$","R","E","?","R","BOSS"],"build_version":"2019-01-23","purchased_purges":1,"victory":false,"max_hp_per_floor":[75,75,75,75,75,75,75,75,75,75,75,75,75,75,75,75],"card_choices":[{"not_picked":["Rebound","Streamline"],"picked":"Auto Shields","floor":1},{"not_picked":["Streamline","Rebound"],"picked":"Reinforced Body","floor":3},{"not_picked":["Aggregate","Cold Snap"],"picked":"Hologram","floor":4},{"not_picked":["Hello World","Leap"],"picked":"Darkness","floor":5},{"not_picked":["Sweeping Beam","Beam Cell"],"picked":"Streamline","floor":7},{"not_picked":["White Noise","Rebound"],"picked":"Echo Form","floor":10},{"not_picked":["Electrodynamics","Force Field"],"picked":"Coolheaded","floor":13},{"not_picked":["Leap","Chaos"],"picked":"Beam Cell","floor":14}],"player_experience":233964,"relics_obtained":[{"floor":10,"key":"Blood Vial"},{"floor":13,"key":"The Courier"}],"event_choices":[{"damage_healed":0,"gold_gain":75,"player_choice":"Gather Gold","damage_taken":11,"max_hp_gain":0,"max_hp_loss":0,"event_name":"World of Goop","floor":2,"gold_loss":0},{"damage_healed":0,"gold_gain":0,"player_choice":"Trade","damage_taken":0,"relics_obtained":["NlothsMask"],"max_hp_gain":0,"max_hp_loss":0,"event_name":"FaceTrader","floor":8,"gold_loss":0}],"is_beta":false,"boss_relics":[],"items_purged_floors":[11],"is_endless":false,"potions_floor_spawned":[3,4,5,10],"killed_by":"The Guardian","ascension_level":3}