{"path_per_floor":["M","?","M","M","T","$","M","E","T","M","R","M","?","E","R","B",null,"M","M","M","?","M","E","M","R","T","?","R","M","$","?","R","B",null,"M","M","?","M","M","R","E","R","T","E","?","M","E","$","R","B"],"character_chosen":"THE_SILENT","items_purchased":["Oddly Smooth Stone","Tough Bandages","Ancient Tea Set","Potion Belt","Dexterity Potion","Panache","Blur","LiquidBronze","Well Laid Plans"],"gold_per_floor":[118,118,129,141,166,18,30,58,58,71,71,85,85,112,112,215,215,235,255,266,293,308,638,655,655,655,655,655,673,71,71,71,166,166,186,205,427,437,456,456,491,491,491,524,524,542,572,69,69,69],"floor_reached":51,"campfire_rested":2,"playtime":4696,"current_hp_per_floor":[70,63,63,63,63,63,63,53,53,53,53,52,38,25,46,26,70,60,60,60,59,59,47,47,47,47,47,47,38,38,38,59,48,70,65,65,65,65,65,65,48,48,54,24,66,61,60,60,60,47],"items_purged":["Injury","Doubt"],"gold":69,"score":744,"play_id":"85fcb7e9-ef3f-46fe-8950-a0291be76cd9","local_time":"20180520192125","is_prod":false,"is_daily":false,"chose_seed":false,"is_ascension_mode":false,"campfire_upgraded":6,"timestamp":1526836885,"campfire_choices":[{"data":"Sucker Punch","floor":11,"key":"SMITH"},{"floor":15,"key":"REST"},{"data":"Flying Knee","floor":25,"key":"SMITH"},{"data":"Footwork","floor":28,"key":"SMITH"},{"floor":32,"key":"REST"},{"data":"Quick Slash","floor":40,"key":"SMITH"},{"data":"Dagger Throw","floor":42,"key":"SMITH"},{"data":"Panache","floor":49,"key":"SMITH"}],"path_taken":["M","?","M","M","?","$","M","E","T","M","R","M","?","E","R","BOSS","M","M","?","?","M","E","M","R","T","?","R","?","$","?","R","BOSS","M","M","?","M","M","R","E","R","T","E","?","M","E","$","R","BOSS"],"build_version":"2018-05-17","seed_source_timestamp":73717771964,"purchased_purges":2,"victory":true,"master_deck":["Defend_G+1","Defend_G+1","Defend_G+1","Defend_G+1","Defend_G+1","Strike_G+1","Strike_G+1","Strike_G+1","Strike_G+1","Survivor","Neutralize","Flying Knee+1","Riddle With Holes","Well Laid Plans","Sucker Punch+1","Footwork+1","Dagger Throw+1","Dagger Spray","Backflip","Burst+1","Terror+1","Leg Sweep","Quick Slash+1","Caltrops+1","Backstab+1","After Image","Leg Sweep+1","Malaise+1","Flechettes+1","Skewer+1","Deadly Poison+1","Panache+1","Blur+1","Well Laid Plans"],"max_hp_per_floor":[70,70,70,70,70,70,70,70,70,70,70,70,70,70,70,70,70,70,70,70,70,70,70,70,70,70,70,70,70,70,70,70,70,70,70,70,70,70,70,70,70,70,76,76,66,66,66,66,66,66],"relics":["Ring of the Snake","Pen Nib","Boot","Oddly Smooth Stone","Art of War","Shuriken","Smiling Mask","Cursed Key","Red Mask","Old Coin","Toxic Egg 2","Tough Bandages","Ancient Tea Set","Potion Belt","Velvet Choker","Darkstone Periapt","Ornamental Fan","Lantern","Question Card"],"card_choices":[{"not_picked":["Deadly Poison","Flechettes"],"picked":"Flying Knee","floor":1},{"not_picked":["Underhanded Strike","Deflect"],"picked":"Riddle With Holes","floor":3},{"not_picked":["Acrobatics","Eviscerate"],"picked":"Well Laid Plans","floor":4},{"not_picked":["Blade Dance","Caltrops"],"picked":"Sucker Punch","floor":7},{"not_picked":["Bane","Distraction"],"picked":"Footwork","floor":8},{"not_picked":["Endless Agony","Distraction"],"picked":"Dagger Throw","floor":10},{"not_picked":["Expertise","Sucker Punch"],"picked":"Dagger Spray","floor":12},{"not_picked":["Noxious Fumes","Finisher"],"picked":"Backflip","floor":14},{"not_picked":["A Thousand Cuts","Tools of the Trade"],"picked":"Burst","floor":16},{"not_picked":["Calculated Gamble","Dagger Throw"],"picked":"Terror+1","floor":18},{"not_picked":["Accuracy","Infinite Blades"],"picked":"Leg Sweep","floor":19},{"not_picked":["Bane","Poisoned Stab"],"picked":"Quick Slash","floor":20},{"not_picked":["Prepared","Crippling Poison","PiercingWail+1"],"picked":"SKIP","floor":22},{"not_picked":["Quick Slash","Bane","Crippling Poison+1"],"picked":"SKIP","floor":23},{"not_picked":["Heel Hook","Noxious Fumes"],"picked":"Caltrops+1","floor":24},{"not_picked":["Poisoned Stab","Crippling Poison+1"],"picked":"Backstab+1","floor":29},{"not_picked":["Bullet Time+1","Die Die Die"],"picked":"After Image","floor":33},{"not_picked":["Deadly Poison+1","Poisoned Stab+1","Quick Slash"],"picked":"SKIP","floor":35},{"not_picked":["PiercingWail+1","Backflip+1","Dodge and Roll+1"],"picked":"SKIP","floor":36},{"not_picked":["Prepared+1","Dodge and Roll+1"],"picked":"Leg Sweep+1","floor":38},{"not_picked":["Poisoned Stab","Outmaneuver+1"],"picked":"Malaise+1","floor":39},{"not_picked":["Deflect+1","Slice"],"picked":"Flechettes+1","floor":41},{"not_picked":["PiercingWail+1","Distraction+1"],"picked":"Skewer+1","floor":44},{"not_picked":["Sucker Punch","Flying Knee+1"],"picked":"Deadly Poison+1","floor":46},{"not_picked":["Adrenaline+1","Cloak And Dagger+1","Prepared+1"],"picked":"SKIP","floor":47}],"player_experience":146815,"potions_floor_usage":[8,8,14,18,35,41,44,44,50,50,50,50,50],"damage_taken":[{"damage":0,"enemies":"2 Louse","floor":1,"turns":4},{"damage":0,"enemies":"Small Slimes","floor":3,"turns":3},{"damage":0,"enemies":"Jaw Worm","floor":4,"turns":5},{"damage":0,"enemies":"Red Slaver","floor":7,"turns":3},{"damage":10,"enemies":"3 Sentries","floor":8,"turns":5},{"damage":0,"enemies":"Exordium Wildlife","floor":10,"turns":4},{"damage":1,"enemies":"Blue Slaver","floor":12,"turns":4},{"damage":13,"enemies":"Lagavulin","floor":14,"turns":5},{"damage":20,"enemies":"Hexaghost","floor":16,"turns":10},{"damage":10,"enemies":"2 Thieves","floor":18,"turns":4},{"damage":0,"enemies":"Chosen","floor":19,"turns":3},{"damage":0,"enemies":"3 Cultists","floor":20,"turns":5},{"damage":1,"enemies":"Masked Bandits","floor":21,"turns":4},{"damage":0,"enemies":"Chosen and Byrds","floor":22,"turns":4},{"damage":12,"enemies":"Gremlin Leader","floor":23,"turns":7},{"damage":0,"enemies":"Cultist and Chosen","floor":24,"turns":7},{"damage":9,"enemies":"Snecko","floor":29,"turns":5},{"damage":11,"enemies":"Automaton","floor":33,"turns":9},{"damage":5,"enemies":"3 Darklings","floor":35,"turns":4},{"damage":0,"enemies":"Orb Walker","floor":36,"turns":3},{"damage":0,"enemies":"Maw","floor":38,"turns":6},{"damage":0,"enemies":"4 Shapes","floor":39,"turns":4},{"damage":17,"enemies":"Nemesis","floor":41,"turns":7},{"damage":30,"enemies":"2 Orb Walkers","floor":44,"turns":8},{"damage":5,"enemies":"3 Darklings","floor":46,"turns":7},{"damage":1,"enemies":"Giant Head","floor":47,"turns":8},{"damage":28,"enemies":"Time Eater","floor":50,"turns":10}],"relics_obtained":[{"floor":5,"key":"Boot"},{"floor":8,"key":"Art of War"},{"floor":9,"key":"Shuriken"},{"floor":14,"key":"Smiling Mask"},{"floor":21,"key":"Red Mask"},{"floor":23,"key":"Old Coin"},{"floor":26,"key":"Toxic Egg 2"},{"floor":41,"key":"Darkstone Periapt"},{"floor":43,"key":"Ornamental Fan"},{"floor":44,"key":"Lantern"},{"floor":47,"key":"Question Card"}],"event_choices":[{"event_name":"Golden Wing","player_choice":"Card Removal","floor":2,"damage_taken":0},{"event_name":"Shining Light","player_choice":"Entered Light","floor":13,"damage_taken":0},{"event_name":"Masked Bandits","player_choice":"Fought over 266 gold","floor":21,"damage_taken":0},{"event_name":"Back to Basics","player_choice":"Simplicity","floor":27,"damage_taken":0},{"event_name":"Accursed Blacksmith","player_choice":"Forge","floor":31,"damage_taken":0},{"event_name":"Tomb of Lord Red Mask","player_choice":"Wore Mask","floor":37,"damage_taken":0},{"event_name":"The Moai Head","player_choice":"Heal","floor":45,"damage_taken":0}],"boss_relics":[{"not_picked":["Runic Dome","Calling Bell"],"picked":"Cursed Key"},{"not_picked":["Sozu","Black Star"],"picked":"Velvet Choker"}],"potions_floor_spawned":[3,4,7,14,21,24,29,33,35,41,44,46,47],"seed_played":"-2372307841987481912","ascension_level":0,"potions_obtained":[{"floor":3,"key":"SkillPotion"},{"floor":4,"key":"GamblersBrew"},{"floor":7,"key":"AttackPotion"},{"floor":14,"key":"GamblersBrew"},{"floor":21,"key":"Swift Potion"},{"floor":24,"key":"Ancient Potion"},{"floor":29,"key":"Regen Potion"},{"floor":33,"key":"Poison Potion"},{"floor":35,"key":"Weak Potion"},{"floor":41,"key":"Swift Potion"},{"floor":44,"key":"Energy Potion"},{"floor":46,"key":"LiquidBronze"},{"floor":47,"key":"FearPotion"}],"is_trial":false}