{"gold_per_floor":[116,116,132,112,112,112,151,401,448,488,508,522,522,622,622,622],"floor_reached":16,"playtime":663,"items_purged":[],"score":149,"play_id":"7490b9c7-ccf1-4ed7-9580-0afe3dd7ab10","local_time":"20180703114821","is_ascension_mode":true,"campfire_choices":[{"data":"Strike_R","floor":6.0,"key":"SMITH"},{"data":"Seeing Red","floor":13.0,"key":"SMITH"},{"data":"Bludgeon","floor":15.0,"key":"SMITH"}],"neow_cost":"","seed_source_timestamp":0,"circlet_count":0,"master_deck":["Strike_R","Strike_R","Strike_R","Strike_R","Strike_R+1","Defend_R","Defend_R","Defend_R","Defend_R","Bash+1","Bludgeon+1","Regret","Seeing Red+1","Twin Strike"],"special_seed":0,"relics":["Burning Blood","Happy Flower","Golden Idol","Pear","Strawberry","Mummified Hand"],"potions_floor_usage":[16],"damage_taken":[{"damage":6.0,"enemies":"Cultist","floor":1.0,"turns":3.0},{"damage":2.0,"enemies":"Jaw Worm","floor":3.0,"turns":5.0},{"damage":20.0,"enemies":"Gremlin Nob","floor":7.0,"turns":4.0},{"damage":40.0,"enemies":"3 Sentries","floor":10.0,"turns":6.0},{"damage":6.0,"enemies":"2 Louse","floor":11.0,"turns":2.0},{"damage":10.0,"enemies":"Red Slaver","floor":12.0,"turns":2.0},{"damage":29,"enemies":"Slime Boss","floor":16,"turns":5}],"seed_played":"-7253025730078489914","potions_obtained":[{"floor":1.0,"key":"PowerPotion"},{"floor":4.0,"key":"SpeedPotion"},{"floor":7.0,"key":"Ancient Potion"},{"floor":11.0,"key":"Energy Potion"}],"is_trial":false,"path_per_floor":["M","?","M","?","?","R","E","?","T","E","M","M","R","?","R"],"character_chosen":"IRONCLAD","items_purchased":[],"campfire_rested":0,"item_purchase_floors":[],"current_hp_per_floor":[80,60,64,64,64,64,60,60,67,33,33,29,29,29,29,0],"gold":622,"neow_bonus":"","is_prod":false,"is_daily":false,"chose_seed":false,"campfire_upgraded":3,"win_rate":0,"timestamp":1530611301,"path_taken":["M","?","?","?","?","R","E","?","T","E","M","?","R","?","R","BOSS"],"build_version":"2018-06-28","purchased_purges":0,"victory":false,"max_hp_per_floor":[80,80,80,80,80,80,90,90,97,97,97,97,97,97,97,97],"card_choices":[{"not_picked":["Pummel","Wild Strike","Corruption"],"picked":"SKIP","floor":1.0},{"not_picked":["Anger","Armaments","Combust"],"picked":"SKIP","floor":3.0},{"not_picked":["Blood for Blood","Carnage"],"picked":"Bludgeon","floor":7.0},{"not_picked":["True Grit","Power Through"],"picked":"Seeing Red","floor":10.0},{"not_picked":["Warcry","Flex"],"picked":"Twin Strike","floor":11.0},{"not_picked":["Perfected Strike","Sword Boomerang","Corruption"],"picked":"SKIP","floor":12.0}],"player_experience":238379,"relics_obtained":[{"floor":7.0,"key":"Pear"},{"floor":9.0,"key":"Strawberry"},{"floor":10.0,"key":"Mummified Hand"}],"event_choices":[{"event_name":"Golden Idol","player_choice":"Take Damage","floor":2.0,"damage_taken":0.0},{"event_name":"The Woman in Blue","player_choice":"Bought 1 Potion","floor":4.0,"damage_taken":0.0},{"event_name":"Upgrade Shrine","player_choice":"Upgraded","floor":5.0,"damage_taken":0.0},{"event_name":"Golden Shrine","player_choice":"Desecrate","floor":8.0,"damage_taken":0.0},{"event_name":"Wheel of Change","player_choice":"Gold","floor":14.0,"damage_taken":0.0}],"boss_relics":[],"items_purged_floors":[],"is_endless":false,"potions_floor_spawned":[1,7,11],"killed_by":"Slime Boss","ascension_level":3}