{"gold_per_floor":[113,126,142,160,176,211,211,226,250,269,269,269,194,223,223,320,320,340,340,25,43,43,104,104,104,104,104,117,117,127,158,158,262,262,272,282,282,56,68,68,118,118,200,210,210,221,221,241,241,241],"floor_reached":51,"playtime":3953,"items_purged":["Strike_B"],"score":759,"play_id":"4169202e-bd49-4acc-84cd-0d63a39f77e6","local_time":"20190131064050","is_ascension_mode":true,"campfire_choices":[{"data":"All For One","floor":7.0,"key":"SMITH"},{"data":"Reinforced Body","floor":11.0,"key":"SMITH"},{"data":"Streamline","floor":15.0,"key":"SMITH"},{"floor":24.0,"key":"REST"},{"data":"White Noise","floor":27.0,"key":"SMITH"},{"data":"Seek","floor":29.0,"key":"SMITH"},{"floor":32.0,"key":"REST"},{"data":"Echo Form","floor":40.0,"key":"SMITH"},{"data":"Zap","floor":42.0,"key":"PURGE"},{"floor":45.0,"key":"REST"},{"floor":47.0,"key":"REST"},{"floor":49.0,"key":"REST"}],"neow_cost":"NONE","seed_source_timestamp":0,"circlet_count":0,"master_deck":["Strike_B","Strike_B","Strike_B","Defend_B","Defend_B","Defend_B","Defend_B","Dualcast","All For One+1","Gash","Go for the Eyes","Sweeping Beam","Reinforced Body+1","Conserve Battery","Streamline+1","FTL","Gash","Seek+1","White Noise+1","FTL+1","Gash+1","Leap+1","Steam","Leap","Gash+1","Echo Form+1","Madness","Madness","Go for the Eyes+1","Leap+1","Writhe","Steam+1"],"special_seed":0,"relics":["Cracked Core","PreservedInsect","Juzu Bracelet","Boot","Nuclear Battery","Molten Egg 2","Tiny Chest","Meat on the Bone","DataDisk","Cursed Key","Chemical X","Peace Pipe"],"potions_floor_usage":[50],"damage_taken":[{"damage":0.0,"enemies":"Small Slimes","floor":1.0,"turns":2.0},{"damage":1.0,"enemies":"2 Louse","floor":2.0,"turns":2.0},{"damage":0.0,"enemies":"Cultist","floor":3.0,"turns":3.0},{"damage":0.0,"enemies":"Large Slime","floor":4.0,"turns":3.0},{"damage":5.0,"enemies":"Looter","floor":5.0,"turns":3.0},{"damage":22.0,"enemies":"Gremlin Nob","floor":6.0,"turns":5.0},{"damage":0.0,"enemies":"3 Louse","floor":8.0,"turns":2.0},{"damage":0.0,"enemies":"Blue Slaver","floor":10.0,"turns":2.0},{"damage":8.0,"enemies":"Lagavulin","floor":14.0,"turns":4.0},{"damage":0.0,"enemies":"Slime Boss","floor":16.0,"turns":5.0},{"damage":7.0,"enemies":"2 Thieves","floor":18.0,"turns":3.0},{"damage":16.0,"enemies":"Spheric Guardian","floor":21.0,"turns":4.0},{"damage":28.0,"enemies":"Gremlin Leader","floor":23.0,"turns":4.0},{"damage":0.0,"enemies":"Chosen and Byrds","floor":28.0,"turns":4.0},{"damage":9.0,"enemies":"Centurion and Healer","floor":30.0,"turns":3.0},{"damage":9.0,"enemies":"Book of Stabbing","floor":31.0,"turns":5.0},{"damage":49.0,"enemies":"Champ","floor":33.0,"turns":11.0},{"damage":0.0,"enemies":"Orb Walker","floor":35.0,"turns":4.0},{"damage":20.0,"enemies":"3 Darklings","floor":36.0,"turns":5.0},{"damage":13.0,"enemies":"Spire Growth","floor":39.0,"turns":4.0},{"damage":16.0,"enemies":"2 Orb Walkers","floor":41.0,"turns":6.0},{"damage":28.0,"enemies":"Transient","floor":44.0,"turns":5.0},{"damage":29.0,"enemies":"3 Darklings","floor":46.0,"turns":6.0},{"damage":38.0,"enemies":"Sphere and 2 Shapes","floor":48.0,"turns":6.0},{"damage":47,"enemies":"Awakened One","floor":50,"turns":19}],"seed_played":"3168800575697068020","potions_obtained":[{"floor":2.0,"key":"Explosive Potion"},{"floor":4.0,"key":"PowerPotion"},{"floor":8.0,"key":"Ancient Potion"},{"floor":16.0,"key":"Regen Potion"},{"floor":19.0,"key":"EssenceOfSteel"},{"floor":19.0,"key":"LiquidBronze"},{"floor":21.0,"key":"Explosive Potion"},{"floor":23.0,"key":"PowerPotion"},{"floor":36.0,"key":"Weak Potion"},{"floor":46.0,"key":"Fire Potion"}],"is_trial":false,"path_per_floor":["M","M","M","M","M","E","R","M","T","M","R","?","$","E","R","B",null,"M","?","$","M","$","E","R","?","T","R","M","R","M","E","R","B",null,"M","M","?","$","M","R","?","R","T","M","R","M","R","M","R","B",null],"character_chosen":"DEFECT","items_purchased":["Molten Egg 2","FTL+1","Chemical X","Go for the Eyes+1"],"campfire_rested":5,"item_purchase_floors":[20,20,38,38],"current_hp_per_floor":[75,74,74,74,69,47,47,47,47,47,47,47,47,39,39,39,75,68,68,68,52,52,24,46,46,46,46,46,46,49,40,62,25,75,75,55,46,46,45,45,41,41,41,25,47,30,52,26,48,13],"gold":241,"neow_bonus":"ONE_RANDOM_RARE_CARD","is_prod":false,"is_daily":false,"chose_seed":false,"campfire_upgraded":6,"win_rate":0,"timestamp":1548934850,"path_taken":["M","M","M","M","M","E","R","M","T","M","R","?","$","E","R","BOSS","M","?","$","M","$","E","R","?","T","R","M","R","M","E","R","BOSS","M","M","?","$","M","R","?","R","T","M","R","M","R","M","R","BOSS"],"build_version":"2019-01-23","purchased_purges":1,"victory":true,"max_hp_per_floor":[75,75,75,75,75,75,75,75,75,75,75,75,75,75,75,75,75,75,75,75,75,75,75,75,75,75,75,75,75,75,75,75,75,75,75,75,75,75,75,75,75,75,75,75,75,75,75,75,75,75],"card_choices":[{"not_picked":["Auto Shields","Steam"],"picked":"Gash","floor":1.0},{"not_picked":["Coolheaded","Cold Snap"],"picked":"Go for the Eyes","floor":2.0},{"not_picked":["Beam Cell","Blizzard"],"picked":"Sweeping Beam","floor":3.0},{"not_picked":["Ball Lightning","Defragment"],"picked":"Reinforced Body","floor":4.0},{"not_picked":["Sweeping Beam","Hologram"],"picked":"Conserve Battery","floor":5.0},{"not_picked":["Turbo","Amplify"],"picked":"Streamline","floor":6.0},{"not_picked":["Streamline","Steam"],"picked":"FTL","floor":8.0},{"not_picked":["Auto Shields","Capacitor","Sunder"],"picked":"SKIP","floor":10.0},{"not_picked":["Compile Driver","Barrage"],"picked":"Gash","floor":14.0},{"not_picked":["Fission","Hyperbeam"],"picked":"Seek","floor":16.0},{"not_picked":["BootSequence","Defragment"],"picked":"White Noise","floor":18.0},{"not_picked":["Hologram","Steam Power"],"picked":"Gash+1","floor":21.0},{"not_picked":["Chill+1","Buffer"],"picked":"Leap+1","floor":23.0},{"not_picked":["Leap","White Noise"],"picked":"Steam","floor":28.0},{"not_picked":["Streamline+1","Conserve Battery"],"picked":"Leap","floor":30.0},{"not_picked":["Coolheaded","Sunder+1"],"picked":"Gash+1","floor":31.0},{"not_picked":["Fission","Hyperbeam+1"],"picked":"Echo Form","floor":33.0},{"not_picked":["Darkness","Conserve Battery","Hello World+1"],"picked":"SKIP","floor":35.0},{"not_picked":["Steam Power","Turbo+1","Compile Driver+1"],"picked":"SKIP","floor":36.0},{"not_picked":["Fusion+1","Genetic Algorithm"],"picked":"Leap+1","floor":39.0},{"not_picked":["Echo Form","Streamline+1"],"picked":"Steam+1","floor":44.0},{"not_picked":["Beam Cell+1","Conserve Battery+1","Heatsinks"],"picked":"SKIP","floor":46.0},{"not_picked":["Aggregate+1","Skim","Tempest+1"],"picked":"SKIP","floor":48.0}],"player_experience":153250,"relics_obtained":[{"floor":6.0,"key":"PreservedInsect"},{"floor":9.0,"key":"Juzu Bracelet"},{"floor":14.0,"key":"Boot"},{"floor":23.0,"key":"Tiny Chest"},{"floor":26.0,"key":"Meat on the Bone"},{"floor":31.0,"key":"DataDisk"},{"floor":41.0,"key":"Peace Pipe"}],"event_choices":[{"damage_healed":0.0,"max_hp_gain":0.0,"max_hp_loss":0.0,"gold_gain":0.0,"event_name":"Liars Game","player_choice":"Ignored","floor":12.0,"gold_loss":0.0,"damage_taken":0.0},{"damage_healed":0.0,"max_hp_gain":0.0,"max_hp_loss":0.0,"gold_gain":0.0,"event_name":"Lab","player_choice":"Got Potions","floor":19.0,"gold_loss":0.0,"damage_taken":0.0},{"damage_healed":0.0,"max_hp_gain":0.0,"max_hp_loss":0.0,"gold_gain":0.0,"event_name":"Cursed Tome","player_choice":"Ignored","floor":25.0,"gold_loss":0.0,"damage_taken":0.0},{"damage_healed":0.0,"max_hp_gain":0.0,"max_hp_loss":0.0,"gold_gain":0.0,"event_name":"Winding Halls","player_choice":"Embrace Madness","floor":37.0,"gold_loss":0.0,"damage_taken":9.0,"cards_obtained":["Madness","Madness"]},{"damage_healed":0.0,"max_hp_gain":0.0,"max_hp_loss":0.0,"gold_gain":0.0,"event_name":"Mysterious Sphere","player_choice":"Fight","floor":41.0,"gold_loss":0.0,"damage_taken":0.0}],"is_beta":false,"boss_relics":[{"not_picked":["Empty Cage","Snecko Eye"],"picked":"Nuclear Battery"},{"not_picked":["Velvet Choker","Coffee Dripper"],"picked":"Cursed Key"}],"items_purged_floors":[13],"is_endless":false,"potions_floor_spawned":[2,4,8,16,21,23,36,46],"ascension_level":1}