{"gold_per_floor":[119,194,194,30,30,30,70,94,94,94,20,40,59,79,79,209,209,232,247,247,261,78,103,18,118,118,118,148,148,148,148,148,250,250,267,267,284,300,136,161,161,161,187,202,302,302,1,1,1,1],"floor_reached":50,"playtime":2578,"items_purged":["Regret","Defend_R"],"score":635,"play_id":"83a61d7d-d1d9-4b51-af5b-3fc46e18096a","local_time":"20190127231932","is_ascension_mode":true,"campfire_choices":[{"data":"Flash of Steel","floor":6,"key":"SMITH"},{"data":"Bash","floor":10,"key":"SMITH"},{"data":"Shrug It Off","floor":15,"key":"SMITH"},{"data":"Flame Barrier","floor":27,"key":"SMITH"},{"data":"Shrug It Off","floor":29,"key":"SMITH"},{"data":"Twin Strike","floor":32,"key":"SMITH"},{"floor":41,"key":"REST"},{"data":"1","floor":46,"key":"LIFT"},{"floor":49,"key":"REST"}],"neow_cost":"NONE","seed_source_timestamp":913347133597,"circlet_count":0,"master_deck":["Strike_R","Strike_R","Defend_R","Defend_R","Bash+1","Twin Strike+1","Flash of Steel+1","Shrug It Off+1","Cleave+1","Disarm","Rampage+1","Immolate+1","Whirlwind+1","Armaments+1","Shockwave+1","Clothesline+1","Flame Barrier+1","Flash of Steel+1","Shrug It Off+1","Shrug It Off+1","Writhe","Immolate+1","Apotheosis","Transmutation","Impervious","Immolate+1","Thunderclap+1","Dual Wield+1","Juggernaut"],"relics":["Burning Blood","NeowsBlessing","FossilizedHelix","Bloody Idol","Molten Egg 2","Bag of Marbles","Astrolabe","Red Skull","Bag of Preparation","Self Forming Clay","Peace Pipe","Letter Opener","Du-Vu Doll","Prayer Wheel","MutagenicStrength","Snecko Eye","Juzu Bracelet","Dream Catcher","Girya","Ancient Tea Set","Blood Vial"],"potions_floor_usage":[23,23,25,28,33,40,50,50,50],"damage_taken":[{"damage":0,"enemies":"Small Slimes","floor":1,"turns":2},{"damage":0,"enemies":"Lagavulin","floor":7,"turns":1},{"damage":0,"enemies":"Jaw Worm","floor":8,"turns":1},{"damage":0,"enemies":"2 Louse","floor":12,"turns":1},{"damage":0,"enemies":"Blue Slaver","floor":13,"turns":2},{"damage":0,"enemies":"3 Louse","floor":14,"turns":1},{"damage":44,"enemies":"Hexaghost","floor":16,"turns":10},{"damage":0,"enemies":"Spheric Guardian","floor":18,"turns":3},{"damage":19,"enemies":"2 Thieves","floor":19,"turns":3},{"damage":8,"enemies":"Centurion and Healer","floor":21,"turns":4},{"damage":16,"enemies":"Gremlin Leader","floor":23,"turns":6},{"damage":0,"enemies":"Colosseum Slavers","floor":25,"turns":1},{"damage":0,"enemies":"Colosseum Nobs","floor":25,"turns":3},{"damage":24,"enemies":"Slavers","floor":28,"turns":4},{"damage":47,"enemies":"Automaton","floor":33,"turns":10},{"damage":0,"enemies":"3 Darklings","floor":35,"turns":2},{"damage":0,"enemies":"Orb Walker","floor":37,"turns":1},{"damage":0,"enemies":"4 Shapes","floor":38,"turns":1},{"damage":47,"enemies":"Nemesis","floor":40,"turns":7},{"damage":36,"enemies":"Transient","floor":44,"turns":5},{"damage":12,"enemies":"Mind Bloom Boss Battle","floor":45,"turns":8},{"damage":81,"enemies":"Time Eater","floor":50,"turns":6}],"seed_played":"7878219923156582380","potions_obtained":[{"floor":7,"key":"PowerPotion"},{"floor":14,"key":"GamblersBrew"},{"floor":16,"key":"FairyPotion"},{"floor":18,"key":"Explosive Potion"},{"floor":21,"key":"Block Potion"},{"floor":25,"key":"Poison Potion"},{"floor":28,"key":"AttackPotion"},{"floor":35,"key":"AttackPotion"},{"floor":44,"key":"FearPotion"},{"floor":45,"key":"Ancient Potion"}],"is_trial":false,"path_per_floor":["M","?","?","$","?","R","E","M","T","R","$","M","M","M","R","B",null,"M","M","?","M","$","E","?","?","T","R","E","R","?","?","R","B",null,"M","?","M","M","$","E","R","?","T","M","?","R","$","?","R","B"],"character_chosen":"IRONCLAD","items_purchased":["Flash of Steel","Disarm","Flame Barrier","Flash of Steel+1","Shrug It Off","Impervious","Ancient Tea Set","AttackPotion"],"campfire_rested":2,"item_purchase_floors":[4,11,22,22,22,39,47,47],"current_hp_per_floor":[80,69,69,69,49,49,55,61,61,61,61,67,73,79,79,41,80,80,67,67,70,70,65,65,80,80,80,67,67,67,67,67,31,80,80,70,80,80,80,44,68,68,73,48,47,47,47,47,71,0],"gold":1,"neow_bonus":"THREE_ENEMY_KILL","is_prod":false,"is_daily":false,"chose_seed":false,"campfire_upgraded":6,"win_rate":0,"timestamp":1548627572,"path_taken":["M","?","?","$","?","R","E","M","T","R","?","M","M","?","R","BOSS","M","M","?","M","$","E","?","?","T","R","E","R","?","?","R","BOSS","M","?","M","M","$","E","R","?","T","M","?","R","$","?","R","BOSS"],"build_version":"2019-01-23","purchased_purges":2,"victory":false,"max_hp_per_floor":[80,80,80,80,80,80,80,80,80,80,80,80,80,80,80,80,80,80,80,80,80,80,80,80,80,80,80,80,80,80,80,80,80,80,80,80,80,80,80,80,80,80,80,80,80,80,80,80,80,80],"card_choices":[{"not_picked":["Armaments","Feel No Pain"],"picked":"Twin Strike","floor":1},{"not_picked":["Twin Strike","Impervious"],"picked":"Shrug It Off","floor":7},{"not_picked":["Bloodletting","Havoc"],"picked":"Cleave+1","floor":8},{"not_picked":["Perfected Strike+1","Reckless Charge+1"],"picked":"Rampage+1","floor":12},{"not_picked":["Warcry","Infernal Blade","Anger+1"],"picked":"SKIP","floor":13},{"not_picked":["Whirlwind+1","Infernal Blade","Headbutt+1"],"picked":"SKIP","floor":14},{"not_picked":["Dark Embrace","Exhume"],"picked":"Immolate+1","floor":16},{"not_picked":["Perfected Strike+1","Body Slam+1"],"picked":"Clothesline+1","floor":18},{"not_picked":["Disarm","Clothesline+1","Sentinel"],"picked":"SKIP","floor":19},{"not_picked":["Infernal Blade+1","Heavy Blade+1"],"picked":"Clash+1","floor":21},{"not_picked":["Flame Barrier","Headbutt+1","Cleave+1"],"picked":"SKIP","floor":23},{"not_picked":["Second Wind+1","Dropkick+1"],"picked":"Shrug It Off+1","floor":28},{"not_picked":["Limit Break","Barricade"],"picked":"Immolate+1","floor":33},{"not_picked":["Heavy Blade+1","Burning Pact+1","Second Wind"],"picked":"SKIP","floor":35},{"not_picked":["Shrug It Off+1","Anger+1","Ghostly Armor+1"],"picked":"SKIP","floor":35},{"not_picked":["Dramatic Entrance+1","Swift Strike+1"],"picked":"Apotheosis","floor":36},{"not_picked":["Secret Technique","Good Instincts"],"picked":"Transmutation","floor":36},{"not_picked":["Entrench+1","Cleave+1","Heavy Blade+1"],"picked":"SKIP","floor":37},{"not_picked":["Headbutt+1","Feel No Pain","Armaments"],"picked":"SKIP","floor":37},{"not_picked":["Clash+1","Warcry","Clothesline+1"],"picked":"SKIP","floor":38},{"not_picked":["Armaments+1","Heavy Blade+1","Shrug It Off"],"picked":"SKIP","floor":38},{"not_picked":["Wild Strike+1","Battle Trance+1"],"picked":"Immolate+1","floor":40},{"not_picked":["True Grit","Body Slam+1"],"picked":"Thunderclap+1","floor":44},{"not_picked":["Pommel Strike+1","Cleave+1","Anger+1"],"picked":"SKIP","floor":44},{"not_picked":["Warcry","Cleave+1"],"picked":"Dual Wield+1","floor":45},{"not_picked":["Feel No Pain+1","Clothesline+1"],"picked":"Juggernaut","floor":49}],"player_experience":331686,"relics_obtained":[{"floor":7,"key":"Molten Egg 2"},{"floor":9,"key":"Bag of Marbles"},{"floor":23,"key":"Red Skull"},{"floor":25,"key":"Self Forming Clay"},{"floor":25,"key":"Peace Pipe"},{"floor":26,"key":"Letter Opener"},{"floor":28,"key":"Du-Vu Doll"},{"floor":40,"key":"Juzu Bracelet"},{"floor":43,"key":"Dream Catcher"},{"floor":45,"key":"Girya"}],"event_choices":[{"damage_healed":0,"gold_gain":75,"player_choice":"Gather Gold","damage_taken":11,"max_hp_gain":0,"max_hp_loss":0,"event_name":"World of Goop","floor":2,"gold_loss":0},{"damage_healed":0,"gold_gain":0,"player_choice":"Box","damage_taken":0,"relics_obtained":["FossilizedHelix"],"max_hp_gain":0,"max_hp_loss":0,"event_name":"Big Fish","floor":3,"gold_loss":0,"cards_obtained":["Regret"]},{"damage_healed":0,"gold_gain":0,"player_choice":"Take Damage","damage_taken":20,"relics_obtained":["Golden Idol"],"max_hp_gain":0,"max_hp_loss":0,"event_name":"Golden Idol","floor":5,"gold_loss":0},{"damage_healed":0,"gold_gain":0,"player_choice":"Gave Idol","damage_taken":0,"relics_obtained":["Bloody Idol"],"max_hp_gain":0,"max_hp_loss":0,"event_name":"Forgotten Altar","floor":20,"relics_lost":["Golden Idol"],"gold_loss":0},{"damage_healed":0,"gold_gain":0,"player_choice":"Obtained Relic","damage_taken":0,"relics_obtained":["Bag of Preparation"],"max_hp_gain":0,"max_hp_loss":0,"event_name":"Addict","floor":24,"gold_loss":85},{"damage_healed":0,"gold_gain":0,"player_choice":"Fight","damage_taken":0,"max_hp_gain":0,"max_hp_loss":0,"event_name":"Colosseum","floor":25,"gold_loss":0},{"damage_healed":0,"gold_gain":0,"player_choice":"Fought Nobs","damage_taken":0,"max_hp_gain":0,"max_hp_loss":0,"event_name":"Colosseum","floor":25,"gold_loss":0},{"damage_healed":0,"gold_gain":0,"player_choice":"Opened","damage_taken":0,"relics_obtained":["Prayer Wheel"],"max_hp_gain":0,"max_hp_loss":0,"event_name":"The Mausoleum","floor":30,"gold_loss":0,"cards_obtained":["Writhe"]},{"damage_healed":0,"gold_gain":0,"player_choice":"Inject Mutagens","damage_taken":0,"relics_obtained":["MutagenicStrength"],"max_hp_gain":0,"max_hp_loss":0,"event_name":"Drug Dealer","floor":31,"gold_loss":0},{"damage_healed":0,"gold_gain":0,"player_choice":"Memory 3","damage_taken":10,"max_hp_gain":0,"max_hp_loss":0,"event_name":"SensoryStone","floor":36,"gold_loss":0},{"cards_removed":["Defend_R"],"damage_healed":0,"gold_gain":0,"player_choice":"Purged","damage_taken":0,"max_hp_gain":0,"max_hp_loss":0,"event_name":"Purifier","floor":42,"gold_loss":0},{"damage_healed":0,"gold_gain":0,"player_choice":"Fight","damage_taken":0,"max_hp_gain":0,"max_hp_loss":0,"event_name":"MindBloom","floor":45,"gold_loss":0},{"cards_removed":["Clash"],"damage_healed":0,"gold_gain":0,"player_choice":"Gave Card","damage_taken":0,"relics_obtained":["Blood Vial"],"max_hp_gain":0,"max_hp_loss":0,"event_name":"WeMeetAgain","floor":48,"gold_loss":0}],"is_beta":false,"boss_relics":[{"not_picked":["Orrery","Empty Cage"],"picked":"Astrolabe"},{"not_picked":["Lizard Tail","Velvet Choker"],"picked":"Snecko Eye"}],"items_purged_floors":[4,47],"is_endless":false,"potions_floor_spawned":[7,14,16,18,21,25,28,35,44,45],"killed_by":"Time Eater","ascension_level":4}