{"gold_per_floor":[117,127,138,153,170,170,205,205,253,280,355,371,388,160,160,234,234,253,268,268,268,285,285],"floor_reached":23,"playtime":804,"items_purged":["Strike_R"],"score":338,"play_id":"81bf2635-9436-48f0-b28f-6c186e071139","local_time":"20181025082504","is_ascension_mode":true,"campfire_choices":[{"data":"Rampage","floor":6,"key":"SMITH"},{"data":"Cleave","floor":8,"key":"SMITH"},{"data":"Fiend Fire","floor":15,"key":"SMITH"}],"neow_cost":"TEN_PERCENT_HP_LOSS","seed_source_timestamp":1296767629131678,"circlet_count":0,"master_deck":["Strike_R","Strike_R","Strike_R","Defend_R","Defend_R","Defend_R","Defend_R","Bash","AscendersBane","Cleave+1","Inflame","Rampage+1","Shockwave","Fiend Fire+1","Reaper","Shrug It Off","Thunderclap"],"relics":["Burning Blood","Turnip","Red Skull","Bag of Marbles","Mummified Hand","PreservedInsect","Lizard Tail"],"potions_floor_usage":[3,16],"damage_taken":[{"damage":1,"enemies":"Cultist","floor":1,"turns":3},{"damage":2,"enemies":"2 Louse","floor":2,"turns":3},{"damage":2,"enemies":"Jaw Worm","floor":3,"turns":3},{"damage":19,"enemies":"Blue Slaver","floor":4,"turns":4},{"damage":7,"enemies":"3 Louse","floor":5,"turns":2},{"damage":24,"enemies":"Gremlin Nob","floor":7,"turns":4},{"damage":14,"enemies":"3 Sentries","floor":10,"turns":5},{"damage":0,"enemies":"2 Fungi Beasts","floor":12,"turns":2},{"damage":1,"enemies":"Exordium Wildlife","floor":13,"turns":2},{"damage":20,"enemies":"Slime Boss","floor":16,"turns":6},{"damage":32,"enemies":"2 Thieves","floor":18,"turns":5},{"damage":0,"enemies":"Spheric Guardian","floor":19,"turns":2},{"damage":27,"enemies":"Centurion and Healer","floor":22,"turns":6},{"damage":80,"enemies":"Book of Stabbing","floor":23,"turns":6}],"seed_played":"3421270276743894131","potions_obtained":[{"floor":2,"key":"Explosive Potion"},{"floor":5,"key":"SpeedPotion"},{"floor":12,"key":"Explosive Potion"},{"floor":16,"key":"Swift Potion"},{"floor":18,"key":"Explosive Potion"}],"is_trial":false,"path_per_floor":["M","M","M","M","M","R","E","R","T","E","?","M","M","$","R","B",null,"M","M","?","?","M"],"character_chosen":"IRONCLAD","items_purchased":["PreservedInsect"],"campfire_rested":0,"item_purchase_floors":[14],"current_hp_per_floor":[72,72,72,59,58,58,40,40,40,32,21,27,32,32,32,18,59,33,39,39,26,25,0],"gold":285,"neow_bonus":"ONE_RARE_RELIC","is_prod":false,"is_daily":false,"chose_seed":false,"campfire_upgraded":3,"win_rate":0,"timestamp":1540448704,"path_taken":["M","M","?","M","M","R","E","R","T","E","?","M","M","$","R","BOSS","M","M","?","?","?","E"],"build_version":"2018-10-24","purchased_purges":1,"victory":false,"max_hp_per_floor":[72,72,72,72,72,72,72,72,72,72,72,72,72,72,72,72,72,72,72,72,77,77,77],"card_choices":[{"not_picked":["Uppercut","Anger"],"picked":"Cleave","floor":1},{"not_picked":["Twin Strike","Sentinel"],"picked":"Inflame","floor":2},{"not_picked":["Wild Strike","Pommel Strike","Headbutt"],"picked":"SKIP","floor":3},{"not_picked":["Reckless Charge","Body Slam"],"picked":"Rampage","floor":4},{"not_picked":["Evolve","Rage"],"picked":"Shockwave","floor":5},{"not_picked":["Seeing Red","Wild Strike"],"picked":"Fiend Fire","floor":7},{"not_picked":["Evolve","Pommel Strike","Entrench"],"picked":"SKIP","floor":10},{"not_picked":["Searing Blow","Bloodletting","Cleave"],"picked":"SKIP","floor":12},{"not_picked":["Perfected Strike","Wild Strike","Second Wind"],"picked":"SKIP","floor":13},{"not_picked":["Exhume","Limit Break"],"picked":"Reaper","floor":16},{"not_picked":["Spot Weakness","Iron Wave"],"picked":"Shrug It Off","floor":18},{"not_picked":["Intimidate","Twin Strike+1","Seeing Red"],"picked":"SKIP","floor":19},{"not_picked":["Anger","Shrug It Off"],"picked":"Thunderclap","floor":22}],"player_experience":399938,"relics_obtained":[{"floor":7,"key":"Red Skull"},{"floor":9,"key":"Bag of Marbles"},{"floor":10,"key":"Mummified Hand"}],"event_choices":[{"damage_healed":0,"gold_gain":75,"player_choice":"Gather Gold","damage_taken":11,"max_hp_gain":0,"max_hp_loss":0,"event_name":"World of Goop","floor":11,"gold_loss":0},{"cards_removed":["Strike_R"],"damage_healed":0,"gold_gain":0,"player_choice":"Elegance","damage_taken":0,"max_hp_gain":0,"max_hp_loss":0,"event_name":"Back to Basics","floor":20,"gold_loss":0},{"damage_healed":0,"gold_gain":0,"player_choice":"Shed Blood","damage_taken":18,"max_hp_gain":5,"max_hp_loss":0,"event_name":"Forgotten Altar","floor":21,"gold_loss":0}],"is_beta":true,"boss_relics":[{"not_picked":["Tiny House","Snecko Eye"],"picked":"Lizard Tail"}],"items_purged_floors":[14],"is_endless":false,"potions_floor_spawned":[2,5,12,16,18,22],"killed_by":"Book of Stabbing","ascension_level":13}