{"gold_per_floor":[115,135,135,150,134,134,165,185,233,39,39,58,58,72,72,171,171,185,197,208,222,222,222],"floor_reached":23,"playtime":1710,"items_purged":[],"score":197,"play_id":"15931a91-9f31-4c2b-96da-f092040b2ce8","local_time":"20190128214445","is_ascension_mode":false,"campfire_choices":[{"data":"Deflect","floor":6,"key":"SMITH"},{"data":"Die Die Die","floor":11,"key":"SMITH"},{"floor":13,"key":"REST"},{"data":"PiercingWail","floor":15,"key":"SMITH"}],"neow_cost":"NONE","seed_source_timestamp":1177821576680000,"circlet_count":0,"master_deck":["Defend_G","Defend_G","Defend_G","Defend_G","Defend_G","Strike_G","Strike_G","Strike_G","Strike_G","Survivor","Neutralize","Unload","Blade Dance","Accuracy+1","Backflip","Deflect+1","Die Die Die+1","PiercingWail+1","Backstab","A Thousand Cuts","Finisher","Dagger Throw+1","Distraction"],"relics":["Ring of the Snake","Vajra","Boot","MealTicket","WristBlade"],"potions_floor_usage":[5,12,16,16,21,21,23],"damage_taken":[{"damage":0,"enemies":"Small Slimes","floor":1,"turns":3},{"damage":0,"enemies":"Cultist","floor":2,"turns":3},{"damage":0,"enemies":"2 Louse","floor":4,"turns":3},{"damage":7,"enemies":"Exordium Thugs","floor":5,"turns":4},{"damage":40,"enemies":"Lagavulin","floor":7,"turns":11},{"damage":0,"enemies":"Exordium Wildlife","floor":8,"turns":4},{"damage":0,"enemies":"Red Slaver","floor":12,"turns":3},{"damage":0,"enemies":"Exordium Thugs","floor":14,"turns":3},{"damage":16,"enemies":"The Guardian","floor":16,"turns":15},{"damage":10,"enemies":"3 Byrds","floor":18,"turns":4},{"damage":1,"enemies":"Chosen","floor":19,"turns":6},{"damage":17,"enemies":"Shelled Parasite and Fungi","floor":20,"turns":6},{"damage":4,"enemies":"Chosen and Byrds","floor":21,"turns":6},{"damage":45,"enemies":"Gremlin Leader","floor":23,"turns":6}],"seed_played":"-2214239640068385776","potions_obtained":[{"floor":2,"key":"Weak Potion"},{"floor":5,"key":"Explosive Potion"},{"floor":8,"key":"EssenceOfSteel"},{"floor":14,"key":"Poison Potion"},{"floor":16,"key":"GamblersBrew"},{"floor":18,"key":"FearPotion"},{"floor":19,"key":"Swift Potion"},{"floor":20,"key":"Weak Potion"}],"is_trial":false,"path_per_floor":["M","M","?","M","M","R","E","M","T","$","R","M","R","M","R","B",null,"M","M","M","M","?","E"],"character_chosen":"THE_SILENT","items_purchased":["MealTicket"],"campfire_rested":1,"item_purchase_floors":[10],"current_hp_per_floor":[70,70,70,70,63,63,23,23,23,23,23,23,44,44,44,28,70,60,59,42,38,38,0],"gold":222,"neow_bonus":"ONE_RANDOM_RARE_CARD","is_prod":false,"is_daily":false,"chose_seed":false,"campfire_upgraded":3,"win_rate":0.0,"timestamp":1548729885,"path_taken":["M","M","?","M","M","R","E","?","T","$","R","M","R","M","R","BOSS","M","?","M","?","?","E"],"build_version":"2019-01-23","purchased_purges":0,"victory":false,"max_hp_per_floor":[70,70,70,70,70,70,70,70,70,70,70,70,70,70,70,70,70,70,70,70,70,70,70],"card_choices":[{"not_picked":["Underhanded Strike","Outmaneuver"],"picked":"Blade Dance","floor":1},{"not_picked":["Outmaneuver","Dagger Throw"],"picked":"Accuracy","floor":2},{"not_picked":["Underhanded Strike","Dodge and Roll"],"picked":"Backflip","floor":4},{"not_picked":["Eviscerate","All Out Attack"],"picked":"Deflect","floor":5},{"not_picked":["Reflex","Tactician"],"picked":"Die Die Die","floor":7},{"not_picked":["Outmaneuver","Escape Plan","Slice"],"picked":"SKIP","floor":8},{"not_picked":["Bane","Predator"],"picked":"PiercingWail","floor":12},{"not_picked":["Backflip","All Out Attack"],"picked":"Backstab","floor":14},{"not_picked":["Bullet Time","Glass Knife"],"picked":"A Thousand Cuts","floor":16},{"not_picked":["Escape Plan","Prepared+1","Heel Hook"],"picked":"SKIP","floor":18},{"not_picked":["Underhanded Strike+1","Backflip"],"picked":"Finisher","floor":19},{"not_picked":["Poisoned Stab","Quick Slash+1","Deflect"],"picked":"SKIP","floor":20},{"not_picked":["Flying Knee","Deadly Poison"],"picked":"Dagger Throw+1","floor":21}],"player_experience":53623,"relics_obtained":[{"floor":7,"key":"Vajra"},{"floor":9,"key":"Boot"}],"event_choices":[{"damage_healed":0,"gold_gain":0,"player_choice":"Upgraded","damage_taken":0,"max_hp_gain":0,"max_hp_loss":0,"event_name":"Upgrade Shrine","floor":3,"gold_loss":0,"cards_upgraded":["Accuracy"]},{"damage_healed":0,"gold_gain":0,"cards_transformed":["Strike_G"],"player_choice":"Transformed","damage_taken":0,"max_hp_gain":0,"max_hp_loss":0,"event_name":"Transmorgrifier","floor":22,"gold_loss":0,"cards_obtained":["Distraction"]}],"is_beta":false,"boss_relics":[{"not_picked":["Orrery","Coffee Dripper"],"picked":"WristBlade"}],"items_purged_floors":[],"is_endless":false,"potions_floor_spawned":[2,5,8,14,16,18,19,20],"killed_by":"Gremlin Leader","ascension_level":0}