{"gold_per_floor":[16,16,16,16,16,16,49,49,76,87,87,120,120,73,73,147,147,158,158,53,64,64,64,64,74,74,74,90,15,15,31,31,31],"floor_reached":33,"playtime":1792,"items_purged":["Defend_B"],"score":498,"play_id":"5f6fdd5c-0b61-47f1-9c8a-b989e647a9d0","local_time":"20190123145835","is_ascension_mode":true,"campfire_choices":[{"data":"Zap","floor":6.0,"key":"SMITH"},{"floor":8.0,"key":"REST"},{"data":"Dualcast","floor":11.0,"key":"SMITH"},{"floor":13.0,"key":"REST"},{"floor":15.0,"key":"REST"},{"floor":23.0,"key":"REST"},{"data":"Coolheaded","floor":27.0,"key":"SMITH"},{"floor":32,"key":"REST"}],"neow_cost":"NO_GOLD","seed_source_timestamp":74306276620400,"circlet_count":0,"master_deck":["AscendersBane","Strike_B","Strike_B","Defend_B","Defend_B","Zap+1","Dualcast+1","Conserve Battery","Genetic Algorithm","Ball Lightning","Rainbow","Compile Driver","Madness","Coolheaded+1","Double Energy"],"special_seed":0,"relics":["Cracked Core","Orichalcum","Blood Vial","DataDisk","Empty Cage","Ice Cream","Bag of Preparation"],"potions_floor_usage":[33],"damage_taken":[{"damage":2.0,"enemies":"Jaw Worm","floor":1.0,"turns":3.0},{"damage":55.0,"enemies":"3 Sentries","floor":7.0,"turns":10.0},{"damage":2.0,"enemies":"Small Slimes","floor":10.0,"turns":4.0},{"damage":38.0,"enemies":"Gremlin Nob","floor":12.0,"turns":5.0},{"damage":54.0,"enemies":"Hexaghost","floor":16.0,"turns":10.0},{"damage":22.0,"enemies":"3 Byrds","floor":18.0,"turns":3.0},{"damage":32.0,"enemies":"Chosen","floor":21.0,"turns":5.0},{"damage":7.0,"enemies":"Snake Plant","floor":25.0,"turns":3.0},{"damage":6,"enemies":"Centurion and Healer","floor":28,"turns":6},{"damage":13,"enemies":"Colosseum Slavers","floor":30,"turns":3},{"damage":7,"enemies":"3 Cultists","floor":31,"turns":4},{"damage":44,"enemies":"Champ","floor":33,"turns":11}],"seed_played":"3995319562566648106","potions_obtained":[{"floor":1.0,"key":"GamblersBrew"},{"floor":10.0,"key":"Explosive Potion"},{"floor":12.0,"key":"Weak Potion"},{"floor":18.0,"key":"Explosive Potion"},{"floor":28,"key":"FearPotion"}],"is_trial":false,"path_per_floor":["?","?","?","$","?","?","T","$","M","?"],"character_chosen":"DEFECT","items_purchased":["Madness"],"campfire_rested":5,"item_purchase_floors":[20],"current_hp_per_floor":[76,76,76,76,76,76,21,46,46,46,46,10,35,35,60,8,66,46,46,46,16,16,41,41,36,36,36,32,32,21,16,41,0],"gold":31,"neow_bonus":"TWENTY_PERCENT_HP_BONUS","is_prod":false,"is_daily":false,"chose_seed":false,"campfire_upgraded":3,"win_rate":0,"timestamp":1548273515,"path_taken":["M","?","?","?","?","R","E","R","T","M","R","E","R","?","R","BOSS","M","?","$","M","?","R","?","?","T","R","M","$","?","M","R","BOSS"],"build_version":"2019-01-23","purchased_purges":1,"victory":false,"max_hp_per_floor":[85,85,85,85,85,85,85,85,85,85,85,85,85,85,85,85,85,85,85,85,85,85,85,85,85,85,85,85,85,85,85,85,85],"card_choices":[{"not_picked":["Leap","Heatsinks","Beam Cell"],"picked":"SKIP","floor":1.0},{"not_picked":["Storm","Compile Driver"],"picked":"Conserve Battery","floor":7.0},{"not_picked":["Beam Cell","Storm"],"picked":"Genetic Algorithm","floor":10.0},{"not_picked":["Thunder Strike","Beam Cell"],"picked":"Ball Lightning","floor":12.0},{"not_picked":["Buffer","Machine Learning"],"picked":"Rainbow","floor":16.0},{"not_picked":["Rebound","Sweeping Beam"],"picked":"Compile Driver","floor":18.0},{"not_picked":["Turbo","Scrape","Doom and Gloom"],"picked":"SKIP","floor":21.0},{"not_picked":["Turbo","Scrape","Doom and Gloom"],"picked":"SKIP","floor":21.0},{"not_picked":["Fusion","Scrape"],"picked":"Coolheaded","floor":25.0},{"not_picked":["Leap","Conserve Battery","Self Repair"],"picked":"SKIP","floor":28},{"not_picked":["Streamline+1","Barrage"],"picked":"Double Energy","floor":31}],"player_experience":522457,"relics_obtained":[{"floor":7.0,"key":"Orichalcum"},{"floor":9.0,"key":"Blood Vial"},{"floor":12.0,"key":"DataDisk"},{"floor":22.0,"key":"Ice Cream"},{"floor":26.0,"key":"Bag of Preparation"}],"event_choices":[{"damage_healed":0.0,"max_hp_gain":0.0,"max_hp_loss":0.0,"gold_gain":0.0,"event_name":"Liars Game","player_choice":"Ignored","floor":2.0,"gold_loss":0.0,"damage_taken":0.0},{"damage_healed":0.0,"max_hp_gain":0.0,"max_hp_loss":0.0,"gold_gain":0.0,"event_name":"The Cleric","player_choice":"Leave","floor":3.0,"gold_loss":0.0,"damage_taken":0.0},{"cards_removed":["Strike_B"],"damage_healed":0.0,"max_hp_gain":0.0,"max_hp_loss":0.0,"gold_gain":0.0,"event_name":"Living Wall","player_choice":"Forget","floor":4.0,"gold_loss":0.0,"damage_taken":0.0},{"damage_healed":0.0,"max_hp_gain":0.0,"max_hp_loss":0.0,"gold_gain":0.0,"event_name":"World of Goop","player_choice":"Left Gold","floor":14.0,"gold_loss":47.0,"damage_taken":0.0},{"damage_healed":0.0,"max_hp_gain":0.0,"max_hp_loss":0.0,"gold_gain":0.0,"event_name":"Ghosts","player_choice":"Ignored","floor":19.0,"gold_loss":0.0,"damage_taken":0.0},{"damage_healed":0,"gold_gain":0,"player_choice":"Fight","damage_taken":0,"max_hp_gain":0,"max_hp_loss":0,"event_name":"Colosseum","floor":30,"gold_loss":0},{"damage_healed":0,"gold_gain":0,"player_choice":"Fled From Nobs","damage_taken":0,"max_hp_gain":0,"max_hp_loss":0,"event_name":"Colosseum","floor":30,"gold_loss":0}],"is_beta":false,"boss_relics":[{"not_picked":["Tiny House","Runic Dome"],"picked":"Empty Cage"}],"items_purged_floors":[29],"is_endless":false,"potions_floor_spawned":[1,10,12,18,28,30],"killed_by":"Champ","ascension_level":20}