{"gold_per_floor":[17,37,37,47,47,73,73,73,73,90,104,104,122,147,147,226,226,244,118,129,129,147,147,47,47],"floor_reached":25,"playtime":1576,"items_purged":["Strike_R","Strike_R"],"score":440,"play_id":"6833c388-de88-45ac-97c1-9d7a96f52a20","local_time":"20190205140610","is_ascension_mode":true,"campfire_choices":[{"data":"Armaments","floor":8,"key":"SMITH"},{"data":"Rampage","floor":12,"key":"SMITH"},{"floor":15,"key":"REST"},{"floor":23,"key":"REST"}],"neow_cost":"NO_GOLD","seed_source_timestamp":1476478532336413,"circlet_count":0,"master_deck":["AscendersBane","Strike_R","Strike_R","Defend_R","Defend_R","Defend_R","Bash","Feed","Pommel Strike","Flex","Uppercut","Metallicize","Armaments+1","Rampage+1","Battle Trance","Shrug It Off","Anger"],"relics":["Burning Blood","Darkstone Periapt","Shuriken","Fusion Hammer"],"potions_floor_usage":[10,16],"damage_taken":[{"damage":9,"enemies":"Jaw Worm","floor":1,"turns":4},{"damage":1,"enemies":"Cultist","floor":2,"turns":3},{"damage":9,"enemies":"2 Louse","floor":4,"turns":3},{"damage":38,"enemies":"Gremlin Nob","floor":6,"turns":5},{"damage":9,"enemies":"Exordium Wildlife","floor":10,"turns":4},{"damage":6,"enemies":"Blue Slaver","floor":11,"turns":4},{"damage":20,"enemies":"Gremlin Gang","floor":13,"turns":5},{"damage":24,"enemies":"Lagavulin","floor":14,"turns":7},{"damage":40,"enemies":"Hexaghost","floor":16,"turns":8},{"damage":28,"enemies":"Shell Parasite","floor":18,"turns":5},{"damage":21,"enemies":"2 Thieves","floor":20,"turns":4},{"damage":36,"enemies":"Snecko","floor":22,"turns":7},{"damage":32,"enemies":"Gremlin Leader","floor":25,"turns":5}],"seed_played":"-7314901823448676788","potions_obtained":[{"floor":6,"key":"Explosive Potion"},{"floor":10,"key":"LiquidBronze"},{"floor":16,"key":"PowerPotion"},{"floor":18,"key":"Strength Potion"},{"floor":21,"key":"Strength Potion"}],"is_trial":false,"path_per_floor":["M","M","?","M","$","E","?","R","T","M","M","R","M","E","R","B",null,"M","$","M","?","M","R","$","E"],"character_chosen":"IRONCLAD","items_purchased":["Shrug It Off"],"campfire_rested":2,"item_purchase_floors":[19],"current_hp_per_floor":[68,76,76,76,76,44,49,49,49,49,52,52,41,23,52,18,78,56,56,44,44,14,44,44,12],"gold":47,"neow_bonus":"TRANSFORM_TWO_CARDS","is_prod":false,"is_daily":false,"chose_seed":false,"campfire_upgraded":2,"win_rate":0,"timestamp":1549371970,"path_taken":["M","M","?","?","?","E","?","R","T","?","M","R","M","E","R","BOSS","M","$","M","?","?","R","$","E"],"build_version":"2019-01-23","purchased_purges":2,"victory":false,"max_hp_per_floor":[78,81,81,84,84,84,89,89,89,92,95,95,98,98,98,98,98,98,98,101,101,101,101,101,101],"card_choices":[{"not_picked":["Havoc","Twin Strike"],"picked":"Flex","floor":1},{"not_picked":["Reckless Charge","Clothesline"],"picked":"Uppercut","floor":2},{"not_picked":["True Grit","Fire Breathing"],"picked":"Metallicize","floor":4},{"not_picked":["Rupture","True Grit"],"picked":"Armaments","floor":6},{"not_picked":["Entrench","Heavy Blade"],"picked":"Rampage","floor":10},{"not_picked":["Pummel","Armaments","Reaper"],"picked":"SKIP","floor":11},{"not_picked":["Body Slam","Sword Boomerang"],"picked":"Battle Trance","floor":13},{"not_picked":["Thunderclap","Flame Barrier","Searing Blow"],"picked":"SKIP","floor":14},{"not_picked":["Perfected Strike","Bloodletting","Burning Pact"],"picked":"SKIP","floor":18},{"not_picked":["Warcry","Heavy Blade"],"picked":"Anger","floor":20},{"not_picked":["Sword Boomerang","Pommel Strike","Thunderclap+1"],"picked":"SKIP","floor":22}],"player_experience":708460,"relics_obtained":[{"floor":9,"key":"Darkstone Periapt"},{"floor":14,"key":"Shuriken"}],"event_choices":[{"damage_healed":0,"gold_gain":0,"player_choice":"0 cards matched","damage_taken":0,"max_hp_gain":0,"max_hp_loss":0,"event_name":"Match and Keep!","floor":3,"gold_loss":0,"cards_obtained":[]},{"damage_healed":0,"gold_gain":0,"player_choice":"Donut","damage_taken":0,"max_hp_gain":5,"max_hp_loss":0,"event_name":"Big Fish","floor":7,"gold_loss":0},{"damage_healed":0,"gold_gain":0,"player_choice":"Got Potions","damage_taken":0,"max_hp_gain":0,"max_hp_loss":0,"event_name":"Lab","floor":21,"gold_loss":0}],"is_beta":true,"boss_relics":[{"not_picked":["Orrery","Coffee Dripper"],"picked":"Fusion Hammer"}],"items_purged_floors":[19,24],"is_endless":false,"potions_floor_spawned":[6,10,16,18],"killed_by":"Gremlin Leader","ascension_level":19}