{"gold_per_floor":[109,121,121,141,154,194,1,1,1,1,21,40,65,25,25,156,156,169,18,18,18,18],"floor_reached":22,"playtime":1390,"items_purged":[],"score":211,"play_id":"7456364d-483b-4d4f-938f-3f6139a6c422","local_time":"20190109163905","is_ascension_mode":false,"campfire_choices":[{"floor":8,"key":"REST"},{"data":"Pummel","floor":10,"key":"SMITH"},{"floor":15,"key":"REST"}],"neow_cost":"NONE","seed_source_timestamp":18887527831040,"circlet_count":0,"master_deck":["Strike_R","Strike_R","Strike_R","Strike_R","Strike_R","Defend_R","Defend_R","Defend_R","Defend_R","Bash","Iron Wave","Thunderclap","Anger","Pummel+1","Feed","Warcry","Iron Wave","Heavy Blade","Thunderclap","Bloodletting","Reaper","Anger","Shame"],"relics":["Burning Blood","NeowsBlessing","Golden Idol","Happy Flower","Juzu Bracelet","Bronze Scales","Runic Cube","Strawberry","Kunai","Darkstone Periapt"],"potions_floor_usage":[16,22,22],"damage_taken":[{"damage":0,"enemies":"Small Slimes","floor":1,"turns":1},{"damage":0,"enemies":"2 Louse","floor":2,"turns":1},{"damage":0,"enemies":"Cultist","floor":4,"turns":1},{"damage":19,"enemies":"Large Slime","floor":5,"turns":7},{"damage":46,"enemies":"Lagavulin","floor":6,"turns":7},{"damage":0,"enemies":"Exordium Wildlife","floor":11,"turns":3},{"damage":12,"enemies":"Blue Slaver","floor":12,"turns":2},{"damage":0,"enemies":"Large Slime","floor":13,"turns":5},{"damage":57,"enemies":"Hexaghost","floor":16,"turns":9},{"damage":34,"enemies":"2 Thieves","floor":18,"turns":4},{"damage":21,"enemies":"Colosseum Slavers","floor":22,"turns":5},{"damage":91,"enemies":"Colosseum Nobs","floor":22,"turns":6}],"seed_played":"8865769590360927545","potions_obtained":[{"floor":2,"key":"Dexterity Potion"},{"floor":5,"key":"SkillPotion"},{"floor":6,"key":"SpeedPotion"},{"floor":13,"key":"SkillPotion"}],"is_trial":false,"path_per_floor":["M","M","?","M","M","E","$","R","T","R","M","M","M","$","R","B",null,"M","$","?","?","?"],"character_chosen":"IRONCLAD","items_purchased":["Juzu Bracelet","Warcry","Bloodletting","Strawberry"],"campfire_rested":2,"item_purchase_floors":[7,7,14,19],"current_hp_per_floor":[80,80,60,66,53,13,13,37,37,37,46,40,46,46,70,19,83,65,72,72,78,0],"gold":18,"neow_bonus":"THREE_ENEMY_KILL","is_prod":false,"is_daily":false,"chose_seed":false,"campfire_upgraded":1,"win_rate":0.0,"timestamp":1547069945,"path_taken":["M","M","?","M","M","E","$","R","T","R","M","M","M","$","R","BOSS","M","$","?","?","?"],"build_version":"2019-01-03v4","purchased_purges":0,"victory":false,"max_hp_per_floor":[80,80,80,80,80,80,80,80,80,80,83,83,83,83,83,83,83,83,90,90,96,99],"card_choices":[{"not_picked":["Pommel Strike","Headbutt"],"picked":"Iron Wave","floor":1},{"not_picked":["Combust","Pommel Strike"],"picked":"Thunderclap","floor":2},{"not_picked":["Headbutt","Dual Wield"],"picked":"Anger","floor":4},{"not_picked":["Power Through","True Grit"],"picked":"Pummel","floor":5},{"not_picked":["Clothesline","Second Wind"],"picked":"Feed","floor":6},{"not_picked":["Warcry","Spot Weakness"],"picked":"Iron Wave","floor":11},{"not_picked":["Cleave","Hemokinesis"],"picked":"Heavy Blade","floor":12},{"not_picked":["Heavy Blade","Entrench"],"picked":"Thunderclap","floor":13},{"not_picked":["Berserk","Barricade"],"picked":"Reaper","floor":16},{"not_picked":["Iron Wave","Fire Breathing"],"picked":"Anger","floor":18}],"player_experience":14529,"relics_obtained":[{"floor":6,"key":"Happy Flower"},{"floor":9,"key":"Bronze Scales"},{"floor":20,"key":"Kunai"}],"event_choices":[{"damage_healed":0,"gold_gain":0,"player_choice":"Take Damage","damage_taken":20,"relics_obtained":["Golden Idol"],"max_hp_gain":0,"max_hp_loss":0,"event_name":"Golden Idol","floor":3,"gold_loss":0},{"damage_healed":0,"gold_gain":0,"player_choice":"Relic","damage_taken":0,"max_hp_gain":0,"max_hp_loss":0,"event_name":"Wheel of Change","floor":20,"gold_loss":0},{"damage_healed":0,"gold_gain":0,"player_choice":"Stole Relic","damage_taken":0,"relics_obtained":["Darkstone Periapt"],"max_hp_gain":0,"max_hp_loss":0,"event_name":"Addict","floor":21,"gold_loss":0,"cards_obtained":["Shame"]},{"damage_healed":0,"gold_gain":0,"player_choice":"Fight","damage_taken":0,"max_hp_gain":0,"max_hp_loss":0,"event_name":"Colosseum","floor":22,"gold_loss":0},{"damage_healed":0,"gold_gain":0,"player_choice":"Fought Nobs","damage_taken":0,"max_hp_gain":0,"max_hp_loss":0,"event_name":"Colosseum","floor":22,"gold_loss":0}],"is_beta":false,"boss_relics":[{"not_picked":["Runic Dome","White Beast Statue"],"picked":"Runic Cube"}],"items_purged_floors":[],"is_endless":false,"potions_floor_spawned":[2,5,6,12,13,22],"killed_by":"Colosseum Nobs","ascension_level":0}