{"gold_per_floor":[116,116,128,128,128,128,161,175,252,277,24,24,24,56,56,156,156,140,156,21,21,8,8,34,54,84,100,118,118,172,200,200,200],"floor_reached":33,"playtime":1185,"items_purged":["Strike_B"],"score":316,"play_id":"67857034-a4bd-4d56-b45f-c002c6222562","local_time":"20190205125621","is_ascension_mode":true,"campfire_choices":[{"data":"Static Discharge","floor":6,"key":"SMITH"},{"floor":12,"key":"REST"},{"floor":15,"key":"REST"},{"floor":23,"key":"REST"},{"floor":29,"key":"REST"},{"floor":32,"key":"REST"}],"neow_cost":"NONE","seed_source_timestamp":92643449999572,"circlet_count":0,"master_deck":["Strike_B","Strike_B+1","Defend_B","Defend_B","Defend_B","Defend_B","Zap","Dualcast","Chill","Static Discharge+1","Creative AI","Stack+1","Hologram+1","Dark Shackles+1","Steam+1","Rainbow+1","Conserve Battery+1","Melter","Rebound+1","Fission+1","Go for the Eyes","Double Energy+1","Static Discharge","Ball Lightning","Forethought+1","Rampage+1","Sucker Punch+1","Chill+1","Redo+1"],"relics":["Cracked Core","Bag of Preparation","Toxic Egg 2","Strawberry","Membership Card","Orichalcum","Orrery","PrismaticShard","Whetstone","Tiny Chest","PreservedInsect","Ancient Tea Set"],"potions_floor_usage":[7,14,16,27,28,33],"damage_taken":[{"damage":5,"enemies":"Small Slimes","floor":1,"turns":3},{"damage":0,"enemies":"Cultist","floor":3,"turns":3},{"damage":15,"enemies":"Lagavulin","floor":7,"turns":5},{"damage":9,"enemies":"2 Louse","floor":8,"turns":1},{"damage":29,"enemies":"Gremlin Nob","floor":10,"turns":5},{"damage":22,"enemies":"3 Sentries","floor":14,"turns":4},{"damage":16,"enemies":"The Guardian","floor":16,"turns":11},{"damage":26,"enemies":"2 Thieves","floor":18,"turns":4},{"damage":6,"enemies":"Chosen","floor":19,"turns":6},{"damage":29,"enemies":"Book of Stabbing","floor":24,"turns":5},{"damage":2,"enemies":"Snake Plant","floor":25,"turns":4},{"damage":25,"enemies":"Cultist and Chosen","floor":27,"turns":6},{"damage":25,"enemies":"3 Cultists","floor":28,"turns":4},{"damage":28,"enemies":"Slavers","floor":31,"turns":4},{"damage":43,"enemies":"Collector","floor":33,"turns":3}],"seed_played":"3998452490424630663","potions_obtained":[{"floor":0,"key":"Swift Potion"},{"floor":0,"key":"SpeedPotion"},{"floor":0,"key":"FairyPotion"},{"floor":1,"key":"EssenceOfSteel"},{"floor":2,"key":"Regen Potion"},{"floor":8,"key":"FearPotion"},{"floor":16,"key":"GamblersBrew"},{"floor":24,"key":"Fire Potion"},{"floor":27,"key":"SpeedPotion"},{"floor":31,"key":"AttackPotion"}],"is_trial":false,"path_per_floor":["M","?","M","?","?","R","E","M","T","E","$","R","?","E","R","B",null,"M","M","$","?","$","R","E","M","T","M","M","R","T","E","R","B"],"character_chosen":"DEFECT","items_purchased":["Membership Card","Hologram+1","Dark Shackles+1","PrismaticShard","Ball Lightning"],"campfire_rested":5,"item_purchase_floors":[11,11,11,20,22],"current_hp_per_floor":[70,70,70,63,68,68,53,44,44,22,22,48,48,35,61,45,87,61,55,55,47,47,73,44,42,42,17,8,34,34,6,32,0],"gold":200,"neow_bonus":"THREE_SMALL_POTIONS","is_prod":false,"is_daily":false,"chose_seed":false,"campfire_upgraded":1,"win_rate":0,"timestamp":1549342581,"path_taken":["M","?","?","?","?","R","E","M","T","E","?","R","?","E","R","BOSS","M","M","$","?","$","R","E","M","T","?","M","R","?","E","R","BOSS"],"build_version":"2019-01-23","purchased_purges":1,"victory":false,"max_hp_per_floor":[75,75,75,75,80,80,80,80,80,87,87,87,87,87,87,87,87,87,87,87,87,87,87,87,87,87,87,87,87,87,87,87,87],"card_choices":[{"not_picked":["Redo","Conserve Battery"],"picked":"Chill","floor":1},{"not_picked":["Lockon","Conserve Battery"],"picked":"Static Discharge","floor":3},{"not_picked":["Genetic Algorithm","Hologram"],"picked":"Creative AI","floor":7},{"not_picked":["Coolheaded","Recycle","Force Field"],"picked":"SKIP","floor":8},{"not_picked":["Turbo+1","Loop"],"picked":"Stack+1","floor":10},{"not_picked":["Skim+1","Chill+1"],"picked":"Steam+1","floor":14},{"not_picked":["Meteor Strike","Reboot+1"],"picked":"Rainbow+1","floor":16},{"not_picked":["Go for the Eyes","Rebound"],"picked":"Conserve Battery+1","floor":17},{"not_picked":["Go for the Eyes","Gash"],"picked":"Melter","floor":17},{"not_picked":["Cold Snap","Go for the Eyes"],"picked":"Rebound","floor":17},{"not_picked":["Gash","Steam+1"],"picked":"Fission+1","floor":17},{"not_picked":["Compile Driver","Gash"],"picked":"Go for the Eyes","floor":17},{"not_picked":["Compile Driver","Turbo+1"],"picked":"Double Energy+1","floor":18},{"not_picked":["Streamline","Machine Learning"],"picked":"Static Discharge","floor":19},{"not_picked":["Self Repair","Sweeping Beam"],"picked":"Forethought+1","floor":24},{"not_picked":["Sweeping Beam","Bouncing Flask+1"],"picked":"Rampage+1","floor":25},{"not_picked":["Fusion+1","Seeing Red+1"],"picked":"Sucker Punch+1","floor":27},{"not_picked":["Thunderclap","Clothesline"],"picked":"Chill+1","floor":28},{"not_picked":["Bane","Flex+1"],"picked":"Redo+1","floor":31}],"player_experience":185366,"relics_obtained":[{"floor":7,"key":"Bag of Preparation"},{"floor":9,"key":"Toxic Egg 2"},{"floor":10,"key":"Strawberry"},{"floor":14,"key":"Orichalcum"},{"floor":24,"key":"Whetstone"},{"floor":26,"key":"Tiny Chest"},{"floor":30,"key":"PreservedInsect"},{"floor":31,"key":"Ancient Tea Set"}],"event_choices":[{"damage_healed":0,"gold_gain":0,"player_choice":"Got Potions","damage_taken":0,"max_hp_gain":0,"max_hp_loss":0,"event_name":"Lab","floor":2,"gold_loss":0},{"cards_removed":["Strike_B"],"damage_healed":0,"gold_gain":0,"player_choice":"Card Removal","damage_taken":7,"max_hp_gain":0,"max_hp_loss":0,"event_name":"Golden Wing","floor":4,"gold_loss":0},{"damage_healed":0,"gold_gain":0,"player_choice":"Donut","damage_taken":0,"max_hp_gain":5,"max_hp_loss":0,"event_name":"Big Fish","floor":5,"gold_loss":0},{"damage_healed":0,"gold_gain":0,"player_choice":"Ignored","damage_taken":0,"max_hp_gain":0,"max_hp_loss":0,"event_name":"Liars Game","floor":13,"gold_loss":0},{"damage_healed":0,"gold_gain":0,"player_choice":"Damaged","damage_taken":8,"max_hp_gain":0,"max_hp_loss":0,"event_name":"Wheel of Change","floor":21,"gold_loss":0}],"is_beta":false,"boss_relics":[{"not_picked":["Ectoplasm","Fusion Hammer"],"picked":"Orrery"}],"items_purged_floors":[20],"is_endless":false,"potions_floor_spawned":[1,8,16,24,27,31],"killed_by":"Collector","ascension_level":1}