{"gold_per_floor":[19,30,48,63,63,63,95,106,106,106,122,122],"floor_reached":12,"playtime":592,"items_purged":[],"score":90,"play_id":"e32ff1f4-b9ed-49da-afcd-46fbe9feb020","local_time":"20190131214450","is_ascension_mode":true,"campfire_choices":[{"data":"Darkness","floor":6,"key":"SMITH"}],"neow_cost":"NO_GOLD","seed_source_timestamp":1438144555022600,"circlet_count":0,"master_deck":["Strike_B","Strike_B","Strike_B","Defend_B","Defend_B","Defend_B","Defend_B","Zap","Dualcast","Darkness+1","Leap","Conserve Battery","Streamline","Rebound","Coolheaded+1"],"relics":["Cracked Core","StoneCalendar","Ancient Tea Set","Toxic Egg 2"],"potions_floor_usage":[12],"damage_taken":[{"damage":0,"enemies":"Small Slimes","floor":1,"turns":2},{"damage":4,"enemies":"Jaw Worm","floor":2,"turns":4},{"damage":0,"enemies":"Cultist","floor":3,"turns":4},{"damage":12,"enemies":"Large Slime","floor":4,"turns":6},{"damage":12,"enemies":"Lagavulin","floor":7,"turns":5},{"damage":8,"enemies":"Blue Slaver","floor":8,"turns":4},{"damage":1,"enemies":"2 Fungi Beasts","floor":11,"turns":3},{"damage":39,"enemies":"Gremlin Nob","floor":12,"turns":4}],"seed_played":"-4029696539119775622","potions_obtained":[{"floor":1,"key":"LiquidBronze"},{"floor":2,"key":"Weak Potion"},{"floor":3,"key":"Strength Potion"}],"is_trial":false,"path_per_floor":["M","M","M","M","?","R","E","M","T","?","M","E"],"character_chosen":"DEFECT","items_purchased":[],"campfire_rested":0,"item_purchase_floors":[],"current_hp_per_floor":[75,71,71,59,59,59,47,39,39,39,38,0],"gold":122,"neow_bonus":"ONE_RARE_RELIC","is_prod":false,"is_daily":false,"chose_seed":false,"campfire_upgraded":1,"win_rate":0,"timestamp":1548989090,"path_taken":["M","M","M","M","?","R","E","M","T","?","?","E"],"build_version":"2019-01-23","purchased_purges":0,"victory":false,"max_hp_per_floor":[75,75,75,75,75,75,75,75,75,75,75,75],"card_choices":[{"not_picked":["Hologram","Skim"],"picked":"Darkness","floor":1},{"not_picked":["Blizzard","Turbo"],"picked":"Leap","floor":2},{"not_picked":["Leap","Turbo"],"picked":"Conserve Battery","floor":3},{"not_picked":["Genetic Algorithm","FTL"],"picked":"Streamline","floor":4},{"not_picked":["Machine Learning","Heatsinks"],"picked":"Rebound","floor":7},{"not_picked":["Hello World","Rebound","Redo"],"picked":"SKIP","floor":8},{"not_picked":["Double Energy+1","Redo+1"],"picked":"Coolheaded+1","floor":11}],"player_experience":159836,"relics_obtained":[{"floor":7,"key":"Ancient Tea Set"},{"floor":9,"key":"Toxic Egg 2"}],"event_choices":[{"damage_healed":0,"gold_gain":0,"player_choice":"Ignored","damage_taken":0,"max_hp_gain":0,"max_hp_loss":0,"event_name":"Liars Game","floor":5,"gold_loss":0},{"cards_removed":["Strike_B"],"damage_healed":0,"gold_gain":0,"player_choice":"Offered Basic","damage_taken":0,"max_hp_gain":0,"max_hp_loss":0,"event_name":"Bonfire Elementals","floor":10,"gold_loss":0}],"is_beta":false,"boss_relics":[],"items_purged_floors":[],"is_endless":false,"potions_floor_spawned":[1,2,3],"killed_by":"Gremlin Nob","ascension_level":2}