{"gold_per_floor":[116,130,130,147,161,161,194,210,210,210,221,221,254,270,270,365,365,381,351,351,23,23,23],"floor_reached":23,"playtime":798,"items_purged":[],"score":236,"play_id":"be83eaf1-abe2-4e1a-a611-cc4fb825e7d3","local_time":"20190122140514","is_ascension_mode":true,"campfire_choices":[{"floor":6,"key":"REST"},{"floor":12,"key":"REST"},{"floor":15,"key":"REST"}],"neow_cost":"NONE","seed_source_timestamp":6692325630967,"circlet_count":0,"master_deck":["Strike_B","Strike_B","Strike_B","Strike_B","Defend_B","Defend_B","Defend_B","Defend_B","Zap","Dualcast","Redo","Turbo","Beam Cell","Echo Form","Fission","Storm+1","Auto Shields","Decay"],"relics":["Busted Crown","Meat on the Bone","Dodecahedron","Lantern","Turnip","Bag of Preparation","Nuclear Battery","Cables"],"potions_floor_usage":[8,16,18,19,20,20,20],"damage_taken":[{"damage":0,"enemies":"Cultist","floor":1,"turns":4},{"damage":4,"enemies":"Small Slimes","floor":2,"turns":3},{"damage":0,"enemies":"2 Louse","floor":4,"turns":2},{"damage":25,"enemies":"Exordium Wildlife","floor":5,"turns":6},{"damage":49,"enemies":"Lagavulin","floor":7,"turns":7},{"damage":13,"enemies":"Large Slime","floor":8,"turns":6},{"damage":8,"enemies":"Blue Slaver","floor":11,"turns":4},{"damage":50,"enemies":"3 Sentries","floor":13,"turns":8},{"damage":2,"enemies":"Looter","floor":14,"turns":3},{"damage":49,"enemies":"Hexaghost","floor":16,"turns":13},{"damage":19,"enemies":"Spheric Guardian","floor":18,"turns":5},{"damage":27,"enemies":"2 Thieves","floor":19,"turns":5},{"damage":31,"enemies":"Chosen and Byrds","floor":20,"turns":6},{"damage":24,"enemies":"Slavers","floor":23,"turns":1}],"seed_played":"-7405020631698934470","potions_obtained":[{"floor":5,"key":"GamblersBrew"},{"floor":7,"key":"Dexterity Potion"},{"floor":8,"key":"SmokeBomb"},{"floor":14,"key":"SkillPotion"},{"floor":16,"key":"Fire Potion"},{"floor":18,"key":"SkillPotion"},{"floor":19,"key":"Block Potion"}],"is_trial":false,"path_per_floor":["M","M","T","M","M","R","E","M","T","?","M","R","E","M","R","B",null,"M","M","M","$","?","E"],"character_chosen":"DEFECT","items_purchased":["Auto Shields","Cables"],"campfire_rested":3,"item_purchase_floors":[21,21],"current_hp_per_floor":[75,71,71,71,46,68,31,30,30,30,34,56,18,28,50,13,75,56,41,22,22,22,0],"gold":23,"neow_bonus":"BOSS_RELIC","is_prod":false,"is_daily":false,"chose_seed":false,"campfire_upgraded":0,"win_rate":0,"timestamp":1548183914,"path_taken":["M","?","?","M","M","R","E","M","T","?","M","R","E","M","R","BOSS","M","?","M","$","?","E"],"build_version":"2019-01-17v2","purchased_purges":0,"victory":false,"max_hp_per_floor":[75,75,75,75,75,75,75,75,75,75,75,75,75,75,75,75,75,75,75,75,75,75,75],"card_choices":[{"not_picked":[],"picked":"Redo","floor":1},{"not_picked":["Steam"],"picked":"SKIP","floor":2},{"not_picked":["Steam"],"picked":"SKIP","floor":4},{"not_picked":["Streamline"],"picked":"SKIP","floor":5},{"not_picked":["Compile Driver"],"picked":"SKIP","floor":7},{"not_picked":[],"picked":"Turbo","floor":8},{"not_picked":[],"picked":"Beam Cell","floor":11},{"not_picked":["Beam Cell"],"picked":"SKIP","floor":13},{"not_picked":[],"picked":"Echo Form","floor":14},{"not_picked":[],"picked":"Fission","floor":16},{"not_picked":["Rip and Tear"],"picked":"SKIP","floor":18},{"not_picked":[],"picked":"Storm+1","floor":19}],"player_experience":109785,"relics_obtained":[{"floor":3,"key":"Meat on the Bone"},{"floor":7,"key":"Dodecahedron"},{"floor":9,"key":"Lantern"},{"floor":10,"key":"Turnip"},{"floor":13,"key":"Bag of Preparation"}],"event_choices":[{"damage_healed":0,"gold_gain":0,"player_choice":"Relic","damage_taken":0,"max_hp_gain":0,"max_hp_loss":0,"event_name":"Wheel of Change","floor":10,"gold_loss":0},{"damage_healed":0,"gold_gain":0,"player_choice":"Smashed Altar","damage_taken":0,"max_hp_gain":0,"max_hp_loss":0,"event_name":"Forgotten Altar","floor":22,"gold_loss":0,"cards_obtained":["Decay"]}],"is_beta":false,"boss_relics":[{"not_picked":["Orrery","Calling Bell"],"picked":"Nuclear Battery"}],"items_purged_floors":[],"is_endless":false,"potions_floor_spawned":[5,7,8,14,16,18,19],"killed_by":"Slavers","ascension_level":3}