{"gold_per_floor":[109,122,137,68,85,110,110,124,124,224,236,236,249,279,279,379,379,392,93,109,209,228,228,239,239,293,313,324,324],"floor_reached":29,"playtime":2331,"items_purged":["Strike_R"],"score":265,"play_id":"ead954ea-a523-4a81-8597-ec002f89b456","local_time":"20190130231555","is_ascension_mode":true,"campfire_choices":[{"data":"Whirlwind","floor":7,"key":"SMITH"},{"data":"Shrug It Off","floor":12,"key":"SMITH"},{"data":"Demon Form","floor":15,"key":"SMITH"},{"floor":23,"key":"REST"},{"data":"Body Slam","floor":25,"key":"SMITH"}],"neow_cost":"NONE","seed_source_timestamp":1355470152983100,"circlet_count":0,"master_deck":["Strike_R","Strike_R","Strike_R+1","Defend_R","Defend_R","Defend_R","Defend_R","Bash","Carnage","Thunderclap","Demon Form+1","Shrug It Off+1","Whirlwind+1","Iron Wave+1","Cleave","Anger","Battle Trance","Impervious","Body Slam+1","Rage","Warcry+1","Heavy Blade"],"relics":["Burning Blood","Red Skull","Lantern","Regal Pillow","Black Star","Whetstone","Bag of Marbles"],"potions_floor_usage":[6,8,14,14,20,22,28],"damage_taken":[{"damage":0,"enemies":"Cultist","floor":1,"turns":3},{"damage":1,"enemies":"2 Louse","floor":2,"turns":3},{"damage":5,"enemies":"Small Slimes","floor":3,"turns":3},{"damage":6,"enemies":"Looter","floor":5,"turns":3},{"damage":31,"enemies":"Lagavulin","floor":6,"turns":8},{"damage":1,"enemies":"Blue Slaver","floor":8,"turns":3},{"damage":20,"enemies":"Large Slime","floor":11,"turns":4},{"damage":0,"enemies":"Exordium Wildlife","floor":13,"turns":3},{"damage":7,"enemies":"Gremlin Nob","floor":14,"turns":4},{"damage":34,"enemies":"The Guardian","floor":16,"turns":10},{"damage":20,"enemies":"2 Thieves","floor":18,"turns":5},{"damage":58,"enemies":"Spheric Guardian","floor":20,"turns":8},{"damage":6,"enemies":"Centurion and Healer","floor":22,"turns":5},{"damage":20,"enemies":"Snake Plant","floor":24,"turns":5},{"damage":0,"enemies":"3 Cultists","floor":27,"turns":2},{"damage":32,"enemies":"Snecko","floor":28,"turns":6},{"damage":24,"enemies":"Book of Stabbing","floor":29,"turns":6}],"seed_played":"-8858727600965425012","potions_obtained":[{"floor":1,"key":"Poison Potion"},{"floor":3,"key":"Dexterity Potion"},{"floor":6,"key":"Block Potion"},{"floor":8,"key":"GamblersBrew"},{"floor":13,"key":"Ancient Potion"},{"floor":16,"key":"PowerPotion"},{"floor":24,"key":"SteroidPotion"}],"is_trial":false,"path_per_floor":["M","M","M","$","M","E","R","M","T","?","M","R","M","E","R","B",null,"M","$","M","?","M","R","M","R","T","M","M","E"],"character_chosen":"IRONCLAD","items_purchased":["Whirlwind","Whetstone","Rage"],"campfire_rested":1,"item_purchase_floors":[4,19,19],"current_hp_per_floor":[80,80,80,80,80,55,55,60,60,60,46,46,52,51,51,23,80,66,66,14,14,14,53,39,39,39,45,19,0],"gold":324,"neow_bonus":"TRANSFORM_CARD","is_prod":false,"is_daily":false,"chose_seed":false,"campfire_upgraded":4,"win_rate":0,"timestamp":1548908155,"path_taken":["M","M","M","$","M","E","R","M","T","?","?","R","M","E","R","BOSS","M","$","M","?","M","R","M","R","T","M","?","E"],"build_version":"2019-01-23","purchased_purges":1,"victory":false,"max_hp_per_floor":[80,80,80,80,80,80,80,80,80,80,80,80,80,80,80,80,80,80,80,80,80,80,80,80,80,80,80,80,80],"card_choices":[{"not_picked":["Dropkick","Pommel Strike"],"picked":"Thunderclap","floor":1},{"not_picked":["Havoc","Headbutt"],"picked":"Demon Form","floor":2},{"not_picked":["Body Slam","Iron Wave"],"picked":"Shrug It Off","floor":3},{"not_picked":["Flex","Corruption"],"picked":"Iron Wave","floor":5},{"not_picked":["Evolve","Carnage"],"picked":"Cleave","floor":6},{"not_picked":["Warcry","Bloodletting"],"picked":"Anger","floor":8},{"not_picked":["Second Wind","Hemokinesis"],"picked":"Battle Trance","floor":11},{"not_picked":["Twin Strike","Combust","Fire Breathing"],"picked":"SKIP","floor":13},{"not_picked":["Blood for Blood","Cleave","Warcry"],"picked":"SKIP","floor":14},{"not_picked":["Demon Form","Fiend Fire"],"picked":"Impervious","floor":16},{"not_picked":["Iron Wave","Thunderclap+1"],"picked":"Body Slam","floor":18},{"not_picked":["Disarm","Clash","Thunderclap"],"picked":"SKIP","floor":20},{"not_picked":["Shockwave","Thunderclap"],"picked":"Warcry+1","floor":22},{"not_picked":["True Grit","Clash"],"picked":"Heavy Blade","floor":24},{"not_picked":["Heavy Blade","Cleave","Sword Boomerang"],"picked":"SKIP","floor":27},{"not_picked":["Sever Soul","Twin Strike","Bloodletting"],"picked":"SKIP","floor":28}],"player_experience":129346,"relics_obtained":[{"floor":6,"key":"Red Skull"},{"floor":9,"key":"Lantern"},{"floor":14,"key":"Regal Pillow"},{"floor":26,"key":"Bag of Marbles"}],"event_choices":[{"damage_healed":0,"gold_gain":100,"player_choice":"Pray","damage_taken":0,"max_hp_gain":0,"max_hp_loss":0,"event_name":"Golden Shrine","floor":10,"gold_loss":0},{"damage_healed":0,"gold_gain":100,"player_choice":"Pray","damage_taken":0,"max_hp_gain":0,"max_hp_loss":0,"event_name":"Golden Shrine","floor":21,"gold_loss":0}],"is_beta":false,"boss_relics":[{"not_picked":["Ectoplasm","Calling Bell"],"picked":"Black Star"}],"items_purged_floors":[19],"is_endless":false,"potions_floor_spawned":[1,3,6,8,13,16,24],"killed_by":"Book of Stabbing","ascension_level":2}