{"gold_per_floor":[114,114,132,150,225,225,243,243,311,311,324,9,9],"floor_reached":13,"playtime":341,"items_purged":[],"score":120,"play_id":"6af1786d-38da-4377-8709-bd8a83cd775a","local_time":"20190122221908","is_ascension_mode":true,"campfire_choices":[{"data":"Gash","floor":6,"key":"SMITH"},{"data":"Zap","floor":8,"key":"SMITH"}],"neow_cost":"NONE","seed_source_timestamp":297675623372960,"circlet_count":0,"master_deck":["AscendersBane","Strike_B","Strike_B","Strike_B","Strike_B","Defend_B","Defend_B","Defend_B","Defend_B","Zap+1","Dualcast","Impatience","Gash","Gash+1","Leap","Double Energy","Master of Strategy"],"relics":["Cracked Core","GremlinMask","Pantograph"],"potions_floor_usage":[13,13,13,13],"damage_taken":[{"damage":1,"enemies":"Cultist","floor":1,"turns":3},{"damage":2,"enemies":"2 Louse","floor":3,"turns":2},{"damage":2,"enemies":"Jaw Worm","floor":4,"turns":3},{"damage":5,"enemies":"Exordium Wildlife","floor":7,"turns":3},{"damage":46,"enemies":"Gremlin Gang","floor":11,"turns":4},{"damage":8,"enemies":"Gremlin Nob","floor":13,"turns":2}],"seed_played":"-4937566647630934116","potions_obtained":[{"floor":3,"key":"GamblersBrew"},{"floor":4,"key":"Energy Potion"}],"is_trial":false,"path_per_floor":["?","M","?","?"],"character_chosen":"DEFECT","items_purchased":["Master of Strategy","Fire Potion","EntropicBrew"],"campfire_rested":0,"item_purchase_floors":[12,12,12],"current_hp_per_floor":[67,67,65,63,52,52,47,47,47,52,6,6,0],"gold":9,"neow_bonus":"RANDOM_COLORLESS","is_prod":false,"is_daily":false,"chose_seed":false,"campfire_upgraded":2,"win_rate":0,"timestamp":1548191948,"path_taken":["M","?","?","M","?","R","M","R","T","?","M","$","E"],"build_version":"2019-01-20","purchased_purges":0,"victory":false,"max_hp_per_floor":[75,75,75,75,75,75,75,75,75,80,80,80,80],"card_choices":[{"not_picked":["Force Field","Skim"],"picked":"Gash","floor":1},{"not_picked":["Streamline","Go for the Eyes"],"picked":"Gash","floor":3},{"not_picked":["Stack","Hologram"],"picked":"Leap","floor":4},{"not_picked":["Electrodynamics","Steam"],"picked":"Double Energy","floor":7},{"not_picked":["Turbo","Double Energy","Compile Driver"],"picked":"SKIP","floor":11}],"player_experience":609318,"relics_obtained":[{"floor":9,"key":"Pantograph"}],"event_choices":[{"damage_healed":0,"gold_gain":0,"player_choice":"Trade","damage_taken":0,"relics_obtained":["GremlinMask"],"max_hp_gain":0,"max_hp_loss":0,"event_name":"FaceTrader","floor":2,"gold_loss":0},{"damage_healed":0,"gold_gain":75,"player_choice":"Gather Gold","damage_taken":11,"max_hp_gain":0,"max_hp_loss":0,"event_name":"World of Goop","floor":5,"gold_loss":0},{"damage_healed":0,"gold_gain":0,"player_choice":"Donut","damage_taken":0,"max_hp_gain":5,"max_hp_loss":0,"event_name":"Big Fish","floor":10,"gold_loss":0}],"is_beta":true,"boss_relics":[],"items_purged_floors":[],"is_endless":false,"potions_floor_spawned":[3,4],"killed_by":"Gremlin Nob","ascension_level":12}