{"gold_per_floor":[118,118,37,57,77,109,131,151,151,178,244,244,244,269,269,367,367,385,385,403,419,31,31,31,46,46,61,61,87,87,87,87,187,187,202,202,219,229,229,254,267,267],"floor_reached":42,"playtime":1931,"items_purged":[],"score":614,"play_id":"b42c35d4-4788-45c6-a7f3-f6345e95e48d","local_time":"20190205111353","is_ascension_mode":true,"campfire_choices":[{"floor":13,"key":"REST"},{"data":"Heavy Blade","floor":15,"key":"SMITH"},{"data":"Reaper","floor":23,"key":"SMITH"},{"data":"Bloodletting","floor":28,"key":"SMITH"},{"data":"Limit Break","floor":32,"key":"SMITH"}],"neow_cost":"NONE","seed_source_timestamp":1830945947779500,"circlet_count":0,"master_deck":["Strike_R","Defend_R","Defend_R","Defend_R","Defend_R","Bash+1","Dual Wield","Battle Trance","Anger","Shrug It Off","Pommel Strike","Spot Weakness","Heavy Blade+1","Thunderclap","Carnage","Reaper+1","Ghostly Armor+1","Shockwave+1","Rampage+1","Flex+1","Bloodletting+1","Spot Weakness","Infernal Blade+1","Whirlwind+1","Limit Break+1","Reaper","Decay","Heavy Blade+1"],"relics":["Black Blood","NeowsBlessing","Frozen Egg 2","Odd Mushroom","Calipers","Pocketwatch","Red Skull","Gremlin Horn","Astrolabe","Self Forming Clay","Blood Vial","Kunai","Bag of Marbles"],"potions_floor_usage":[6,7,18,18,33,33,38],"damage_taken":[{"damage":0,"enemies":"Small Slimes","floor":1,"turns":1},{"damage":0,"enemies":"Cultist","floor":4,"turns":1},{"damage":0,"enemies":"2 Louse","floor":5,"turns":1},{"damage":34,"enemies":"Lagavulin","floor":6,"turns":6},{"damage":15,"enemies":"The Mushroom Lair","floor":7,"turns":4},{"damage":5,"enemies":"2 Fungi Beasts","floor":8,"turns":3},{"damage":23,"enemies":"Gremlin Nob","floor":10,"turns":4},{"damage":12,"enemies":"3 Sentries","floor":14,"turns":6},{"damage":22,"enemies":"The Guardian","floor":16,"turns":8},{"damage":0,"enemies":"Spheric Guardian","floor":18,"turns":3},{"damage":31,"enemies":"Colosseum Slavers","floor":19,"turns":6},{"damage":24,"enemies":"Shell Parasite","floor":20,"turns":6},{"damage":23,"enemies":"Chosen and Byrds","floor":21,"turns":5},{"damage":8,"enemies":"Cultist and Chosen","floor":25,"turns":6},{"damage":14,"enemies":"Snake Plant","floor":27,"turns":3},{"damage":24,"enemies":"Gremlin Leader","floor":29,"turns":4},{"damage":28,"enemies":"Automaton","floor":33,"turns":6},{"damage":33,"enemies":"3 Shapes","floor":35,"turns":5},{"damage":28,"enemies":"Orb Walker","floor":37,"turns":5},{"damage":22,"enemies":"Sphere and 2 Shapes","floor":38,"turns":3},{"damage":24,"enemies":"Reptomancer","floor":40,"turns":6},{"damage":62,"enemies":"Spire Growth","floor":41,"turns":5},{"damage":30,"enemies":"Transient","floor":42,"turns":2}],"seed_played":"-3990077770773755841","potions_obtained":[{"floor":1,"key":"SteroidPotion"},{"floor":4,"key":"Block Potion"},{"floor":5,"key":"AttackPotion"},{"floor":14,"key":"EssenceOfSteel"},{"floor":20,"key":"EssenceOfSteel"},{"floor":25,"key":"Strength Potion"},{"floor":29,"key":"AttackPotion"},{"floor":33,"key":"SteroidPotion"},{"floor":37,"key":"Weak Potion"},{"floor":38,"key":"Explosive Potion"},{"floor":41,"key":"BloodPotion"}],"is_trial":false,"path_per_floor":["M","?","$","M","M","E","?","M","T","E","?","?","R","E","R","B",null,"M","?","M","M","$","R","?","M","T","M","R","E","$","?","R","B",null,"M","?","M","M","?","E","M","M"],"character_chosen":"IRONCLAD","items_purchased":["Battle Trance","Self Forming Clay","Bloodletting","Spot Weakness"],"campfire_rested":1,"item_purchase_floors":[3,22,22,22],"current_hp_per_floor":[80,80,80,80,80,52,43,44,44,27,27,20,44,38,38,22,66,72,69,51,38,38,38,38,64,64,58,58,54,54,54,54,34,69,70,70,54,63,63,73,28,0],"gold":267,"neow_bonus":"THREE_ENEMY_KILL","is_prod":false,"is_daily":false,"chose_seed":false,"campfire_upgraded":4,"win_rate":0,"timestamp":1549383233,"path_taken":["M","?","?","?","M","E","?","M","T","E","?","?","R","E","R","BOSS","M","?","M","M","$","R","?","M","T","M","R","E","$","?","R","BOSS","M","?","?","M","?","E","M","M"],"build_version":"2019-01-23","purchased_purges":0,"victory":false,"max_hp_per_floor":[80,80,80,80,80,80,80,80,80,80,80,80,80,80,80,80,80,80,80,80,80,80,80,80,80,80,80,80,80,80,80,80,80,80,80,80,80,80,80,80,80,80],"card_choices":[{"not_picked":["Bloodletting","Pummel"],"picked":"Dual Wield","floor":1},{"not_picked":["Blood for Blood","Clothesline"],"picked":"Anger","floor":4},{"not_picked":["Heavy Blade","Power Through"],"picked":"Shrug It Off","floor":5},{"not_picked":["Rupture","Juggernaut"],"picked":"Pommel Strike","floor":6},{"not_picked":["Sever Soul","True Grit"],"picked":"Spot Weakness","floor":7},{"not_picked":["Anger","Wild Strike"],"picked":"Heavy Blade","floor":8},{"not_picked":["Power Through","Bloodletting"],"picked":"Thunderclap","floor":10},{"not_picked":["Pummel","Intimidate"],"picked":"Carnage","floor":14},{"not_picked":["Impervious","Offering"],"picked":"Reaper","floor":16},{"not_picked":["Carnage","Twin Strike"],"picked":"Flex+1","floor":18},{"not_picked":["Warcry+1","Wild Strike+1","Burning Pact"],"picked":"SKIP","floor":20},{"not_picked":["Thunderclap","Perfected Strike","Metallicize+1"],"picked":"SKIP","floor":21},{"not_picked":["Clash","Intimidate"],"picked":"Infernal Blade+1","floor":25},{"not_picked":["Disarm+1","Rampage"],"picked":"Whirlwind","floor":27},{"not_picked":["Shockwave","Headbutt","True Grit"],"picked":"SKIP","floor":29},{"not_picked":["Juggernaut+1","Feed"],"picked":"Reaper","floor":33},{"not_picked":["Blood for Blood+1","Clothesline","Reckless Charge"],"picked":"SKIP","floor":35},{"not_picked":["Flex","Power Through"],"picked":"Heavy Blade+1","floor":37},{"not_picked":["Warcry+1","Cleave+1","Wild Strike"],"picked":"SKIP","floor":38},{"not_picked":["Burning Pact+1","True Grit","Twin Strike+1"],"picked":"SKIP","floor":40},{"not_picked":["Twin Strike","Thunderclap","Fire Breathing+1"],"picked":"SKIP","floor":41}],"player_experience":248614,"relics_obtained":[{"floor":6,"key":"Frozen Egg 2"},{"floor":7,"key":"Odd Mushroom"},{"floor":9,"key":"Calipers"},{"floor":10,"key":"Pocketwatch"},{"floor":14,"key":"Gremlin Horn"},{"floor":26,"key":"Blood Vial"},{"floor":29,"key":"Kunai"},{"floor":40,"key":"Bag of Marbles"}],"event_choices":[{"damage_healed":0,"gold_gain":0,"player_choice":"Upgraded","damage_taken":0,"max_hp_gain":0,"max_hp_loss":0,"event_name":"Upgrade Shrine","floor":2,"gold_loss":0,"cards_upgraded":["Bash"]},{"damage_healed":0,"gold_gain":0,"player_choice":"Fought Mushrooms","damage_taken":0,"max_hp_gain":0,"max_hp_loss":0,"event_name":"Mushrooms","floor":7,"gold_loss":0},{"damage_healed":0,"gold_gain":66,"player_choice":"Gained Gold","damage_taken":0,"max_hp_gain":0,"max_hp_loss":0,"event_name":"Golden Wing","floor":11,"gold_loss":0},{"damage_healed":0,"gold_gain":0,"player_choice":"Success","damage_taken":7,"relics_obtained":["Red Skull"],"max_hp_gain":0,"max_hp_loss":0,"event_name":"Scrap Ooze","floor":12,"gold_loss":0},{"damage_healed":0,"gold_gain":0,"player_choice":"Fight","damage_taken":0,"max_hp_gain":0,"max_hp_loss":0,"event_name":"Colosseum","floor":19,"gold_loss":0},{"damage_healed":0,"gold_gain":0,"player_choice":"Fled From Nobs","damage_taken":0,"max_hp_gain":0,"max_hp_loss":0,"event_name":"Colosseum","floor":19,"gold_loss":0},{"cards_removed":["Strike_R"],"damage_healed":0,"gold_gain":0,"player_choice":"Elegance","damage_taken":0,"max_hp_gain":0,"max_hp_loss":0,"event_name":"Back to Basics","floor":24,"gold_loss":0},{"damage_healed":0,"gold_gain":0,"player_choice":"Read","damage_taken":0,"max_hp_gain":0,"max_hp_loss":0,"event_name":"The Library","floor":31,"gold_loss":0,"cards_obtained":["Limit Break"]},{"damage_healed":0,"gold_gain":0,"player_choice":"Cursed","damage_taken":0,"max_hp_gain":0,"max_hp_loss":0,"event_name":"Wheel of Change","floor":36,"gold_loss":0,"cards_obtained":["Decay"]},{"damage_healed":0,"gold_gain":0,"player_choice":"Forge","damage_taken":0,"max_hp_gain":0,"max_hp_loss":0,"event_name":"Accursed Blacksmith","floor":39,"gold_loss":0,"cards_upgraded":["Whirlwind"]}],"is_beta":false,"boss_relics":[{"not_picked":["Tiny House","Runic Dome"],"picked":"Astrolabe"},{"not_picked":["Orrery","Lizard Tail"],"picked":"Black Blood"}],"items_purged_floors":[],"is_endless":false,"potions_floor_spawned":[1,4,5,14,20,25,29,33,37,38,41],"killed_by":"Transient","ascension_level":5}