{"gold_per_floor":[113,124,199,213,213,213,247,258,282,282,282,317,0,14,14,117,117,136,136,136,160,177,203,203,203,203,44,58,58,87,102,102,197,197,213,226,226,226,150,178,178,0,24,124,124,124,158,3,3,3],"floor_reached":51,"playtime":3583,"items_purged":["Regret"],"score":852,"play_id":"af0dcf0a-e940-49fd-b0f3-be190941f297","local_time":"20190127025444","is_ascension_mode":true,"campfire_choices":[{"data":"Bash","floor":6,"key":"SMITH"},{"data":"Metallicize","floor":10,"key":"SMITH"},{"data":"Pommel Strike","floor":15,"key":"SMITH"},{"floor":25,"key":"REST"},{"floor":29,"key":"REST"},{"data":"Trip","floor":32,"key":"SMITH"},{"data":"Metallicize","floor":41,"key":"SMITH"},{"data":"Evolve","floor":45,"key":"SMITH"},{"data":"Metallicize","floor":49,"key":"SMITH"}],"neow_cost":"NONE","seed_source_timestamp":15569971444853,"circlet_count":0,"master_deck":["Strike_R","Strike_R","Strike_R","Strike_R","Strike_R","Defend_R","Defend_R","Defend_R+1","Defend_R","Bash+1","Clash","Dropkick","Pommel Strike+1","Metallicize+1","Master of Strategy","Evolve+1","Ghostly Armor","Feed","Uppercut+1","Cleave","Rage","Trip+1","Metallicize+1","Exhume","Shrug It Off+1","Reaper","Wild Strike","Metallicize+1","Thunderclap+1","Writhe","Iron Wave+1"],"relics":["Burning Blood","NeowsBlessing","Strawberry","Centennial Puzzle","Orichalcum","PreservedInsect","Mercury Hourglass","Black Star","Lantern","Bronze Scales","Champion Belt","Red Skull","Oddly Smooth Stone","Anchor","Mark of Pain","Happy Flower","Juzu Bracelet","Red Mask","Bag of Preparation","Torii","Molten Egg 2","Ancient Tea Set","War Paint"],"potions_floor_usage":[7,14,16,23,30,35,40,40,50,50],"damage_taken":[{"damage":0,"enemies":"Jaw Worm","floor":1,"turns":1},{"damage":0,"enemies":"2 Louse","floor":2,"turns":1},{"damage":0,"enemies":"Small Slimes","floor":4,"turns":1},{"damage":16,"enemies":"Gremlin Nob","floor":7,"turns":3},{"damage":18,"enemies":"Exordium Thugs","floor":8,"turns":4},{"damage":31,"enemies":"Lagavulin","floor":12,"turns":7},{"damage":0,"enemies":"3 Louse","floor":14,"turns":1},{"damage":26,"enemies":"The Guardian","floor":16,"turns":14},{"damage":19,"enemies":"Shell Parasite","floor":18,"turns":6},{"damage":18,"enemies":"2 Thieves","floor":22,"turns":4},{"damage":36,"enemies":"Slavers","floor":23,"turns":5},{"damage":8,"enemies":"Snake Plant","floor":28,"turns":3},{"damage":6,"enemies":"Gremlin Leader","floor":30,"turns":5},{"damage":14,"enemies":"Shelled Parasite and Fungi","floor":31,"turns":5},{"damage":41,"enemies":"Champ","floor":33,"turns":16},{"damage":0,"enemies":"Orb Walker","floor":35,"turns":3},{"damage":16,"enemies":"3 Darklings","floor":36,"turns":5},{"damage":35,"enemies":"Giant Head","floor":40,"turns":8},{"damage":3,"enemies":"Mind Bloom Boss Battle","floor":44,"turns":9},{"damage":17,"enemies":"Reptomancer","floor":47,"turns":5},{"damage":44,"enemies":"Donu and Deca","floor":50,"turns":13}],"seed_played":"-3920489652643721192","potions_obtained":[{"floor":2,"key":"AttackPotion"},{"floor":7,"key":"Explosive Potion"},{"floor":12,"key":"GamblersBrew"},{"floor":22,"key":"SkillPotion"},{"floor":28,"key":"SkillPotion"},{"floor":33,"key":"Poison Potion"},{"floor":35,"key":"SteroidPotion"},{"floor":36,"key":"Energy Potion"},{"floor":40,"key":"Dexterity Potion"},{"floor":47,"key":"SteroidPotion"}],"is_trial":false,"path_per_floor":["M","M","?","M","?","R","E","M","T","R","?","E","$","M","R","B",null,"M","$","?","T","M","E","?","R","T","$","M","R","E","M","R","B",null,"M","M","?","?","$","E","R","?","T","?","R","?","E","$","R","B",null],"character_chosen":"IRONCLAD","items_purchased":["Master of Strategy","Evolve","Trip","Metallicize","Metallicize","War Paint"],"campfire_rested":2,"item_purchase_floors":[13,13,27,27,39,48],"current_hp_per_floor":[80,80,69,75,82,82,72,60,60,60,48,23,23,29,29,9,87,74,74,74,74,62,32,32,58,58,58,59,86,86,81,81,46,93,93,83,83,93,93,67,67,67,67,76,76,96,88,88,88,61],"gold":3,"neow_bonus":"THREE_ENEMY_KILL","is_prod":false,"is_daily":false,"chose_seed":false,"campfire_upgraded":7,"win_rate":0,"timestamp":1548554084,"path_taken":["M","M","?","M","?","R","E","M","T","R","?","E","$","M","R","BOSS","M","$","?","?","M","E","?","R","T","$","M","R","E","?","R","BOSS","M","M","?","?","$","E","R","?","T","?","R","?","E","?","R","BOSS"],"build_version":"2019-01-23","purchased_purges":1,"victory":true,"max_hp_per_floor":[80,80,80,80,87,87,87,87,87,87,87,87,87,87,87,87,87,87,87,87,87,87,87,87,87,87,87,90,90,90,93,93,93,93,93,93,93,93,93,96,96,96,96,96,96,96,99,99,99,102],"card_choices":[{"not_picked":["Flex","Anger"],"picked":"Clash","floor":1},{"not_picked":["Pummel","Bloodletting"],"picked":"Dropkick","floor":2},{"not_picked":["Wild Strike","Intimidate"],"picked":"Pommel Strike","floor":4},{"not_picked":["Flex","Limit Break","Heavy Blade"],"picked":"SKIP","floor":7},{"not_picked":["Sentinel","Spot Weakness"],"picked":"Metallicize","floor":8},{"not_picked":["Twin Strike","Clothesline","Burning Pact"],"picked":"SKIP","floor":12},{"not_picked":["Clothesline","Clash"],"picked":"Ghostly Armor","floor":14},{"not_picked":["Brutality","Double Tap"],"picked":"Feed","floor":16},{"not_picked":["Dual Wield","Pummel"],"picked":"Uppercut+1","floor":18},{"not_picked":["Clash","Evolve"],"picked":"Cleave","floor":22},{"not_picked":["Perfected Strike","Thunderclap+1"],"picked":"Rage","floor":23},{"not_picked":["Heavy Blade+1","Infernal Blade","Whirlwind"],"picked":"SKIP","floor":28},{"not_picked":["Second Wind","Anger"],"picked":"Exhume","floor":30},{"not_picked":["Cleave","Anger"],"picked":"Shrug It Off","floor":31},{"not_picked":["Impervious","Barricade"],"picked":"Reaper","floor":33},{"not_picked":["Sword Boomerang+1","Pummel+1","Warcry"],"picked":"SKIP","floor":35},{"not_picked":["Shrug It Off","Pommel Strike+1"],"picked":"Wild Strike","floor":36},{"not_picked":["Feel No Pain+1","Exhume"],"picked":"Thunderclap+1","floor":40},{"not_picked":["Perfected Strike+1","Anger"],"picked":"Iron Wave","floor":47}],"player_experience":322760,"relics_obtained":[{"floor":7,"key":"Centennial Puzzle"},{"floor":9,"key":"Orichalcum"},{"floor":12,"key":"Mercury Hourglass"},{"floor":21,"key":"Lantern"},{"floor":23,"key":"Bronze Scales"},{"floor":23,"key":"Champion Belt"},{"floor":26,"key":"Red Skull"},{"floor":30,"key":"Oddly Smooth Stone"},{"floor":30,"key":"Anchor"},{"floor":40,"key":"Happy Flower"},{"floor":40,"key":"Juzu Bracelet"},{"floor":43,"key":"Bag of Preparation"},{"floor":44,"key":"Torii"},{"floor":47,"key":"Molten Egg 2"},{"floor":47,"key":"Ancient Tea Set"}],"event_choices":[{"damage_healed":0,"gold_gain":75,"player_choice":"Gather Gold","damage_taken":11,"max_hp_gain":0,"max_hp_loss":0,"event_name":"World of Goop","floor":3,"gold_loss":0},{"damage_healed":0,"gold_gain":0,"player_choice":"Box","damage_taken":0,"relics_obtained":["Strawberry"],"max_hp_gain":0,"max_hp_loss":0,"event_name":"Big Fish","floor":5,"gold_loss":0,"cards_obtained":["Regret"]},{"damage_healed":0,"gold_gain":0,"player_choice":"Success","damage_taken":12,"relics_obtained":["PreservedInsect"],"max_hp_gain":0,"max_hp_loss":0,"event_name":"Scrap Ooze","floor":11,"gold_loss":0},{"damage_healed":0,"gold_gain":0,"player_choice":"Ignored","damage_taken":0,"max_hp_gain":0,"max_hp_loss":0,"event_name":"Ghosts","floor":20,"gold_loss":0},{"damage_healed":0,"gold_gain":0,"player_choice":"Ignored","damage_taken":0,"max_hp_gain":0,"max_hp_loss":0,"event_name":"Beggar","floor":24,"gold_loss":0},{"damage_healed":0,"gold_gain":0,"player_choice":"Ignored","damage_taken":0,"max_hp_gain":0,"max_hp_loss":0,"event_name":"Mysterious Sphere","floor":37,"gold_loss":0},{"damage_healed":10,"gold_gain":0,"player_choice":"Full Heal","damage_taken":0,"max_hp_gain":0,"max_hp_loss":0,"event_name":"Wheel of Change","floor":38,"gold_loss":0},{"damage_healed":0,"gold_gain":0,"player_choice":"Paid","damage_taken":0,"relics_obtained":["Red Mask"],"max_hp_gain":0,"max_hp_loss":0,"event_name":"Tomb of Lord Red Mask","floor":42,"gold_loss":178},{"damage_healed":0,"gold_gain":0,"player_choice":"Fight","damage_taken":0,"max_hp_gain":0,"max_hp_loss":0,"event_name":"MindBloom","floor":44,"gold_loss":0},{"damage_healed":24,"gold_gain":0,"player_choice":"Writhe","damage_taken":0,"max_hp_gain":0,"max_hp_loss":0,"event_name":"Winding Halls","floor":46,"gold_loss":0,"cards_obtained":["Writhe"]}],"is_beta":false,"boss_relics":[{"not_picked":["Fusion Hammer","Runic Dome"],"picked":"Black Star"},{"not_picked":["Empty Cage","White Beast Statue"],"picked":"Mark of Pain"}],"items_purged_floors":[13],"is_endless":false,"potions_floor_spawned":[2,7,12,22,28,33,35,36,40,47],"ascension_level":3}