{"gold_per_floor":[114,114,129,129,139,169,169,204,204,222,222,19,48,60,60,158,158,169,25,25,25,43,78,78,106,151,151,161,161],"floor_reached":29,"playtime":1287,"items_purged":[],"score":320,"play_id":"44efc57a-7680-4f40-bf7d-2f3cee815c50","local_time":"20190130131800","is_ascension_mode":true,"campfire_choices":[{"data":"Bash","floor":7,"key":"SMITH"},{"data":"Searing Blow","floor":15,"key":"SMITH"},{"floor":27,"key":"REST"}],"neow_cost":"NONE","seed_source_timestamp":1615878868458910,"circlet_count":0,"master_deck":["Strike_R","Strike_R","Strike_R","Strike_R","Strike_R","Defend_R+1","Defend_R+1","Defend_R+1","Defend_R+1","Bash+1","Reckless Charge","Searing Blow+1","Regret","Clash","Sever Soul","Clash","Juggernaut","Offering","Shame","Clash","Corruption","Headbutt"],"relics":["Black Blood","Paper Frog","Du-Vu Doll","Dream Catcher","Ice Cream","Magic Flower","Lee\u0027s Waffle","War Paint","MutagenicStrength","Letter Opener","Strawberry","Meat on the Bone","Juzu Bracelet"],"potions_floor_usage":[6,8,16,18,23,25,25],"damage_taken":[{"damage":1,"enemies":"Jaw Worm","floor":1,"turns":3},{"damage":0,"enemies":"2 Louse","floor":3,"turns":3},{"damage":7,"enemies":"Small Slimes","floor":5,"turns":3},{"damage":49,"enemies":"3 Sentries","floor":6,"turns":13},{"damage":14,"enemies":"Lagavulin","floor":8,"turns":5},{"damage":12,"enemies":"2 Fungi Beasts","floor":10,"turns":3},{"damage":6,"enemies":"Gremlin Nob","floor":13,"turns":3},{"damage":2,"enemies":"Exordium Wildlife","floor":14,"turns":3},{"damage":20,"enemies":"Slime Boss","floor":16,"turns":9},{"damage":13,"enemies":"Shell Parasite","floor":18,"turns":3},{"damage":13,"enemies":"Chosen","floor":22,"turns":3},{"damage":38,"enemies":"Book of Stabbing","floor":23,"turns":5},{"damage":48,"enemies":"Slavers","floor":25,"turns":6},{"damage":43,"enemies":"Snake Plant","floor":28,"turns":4},{"damage":48,"enemies":"Gremlin Leader","floor":29,"turns":5}],"seed_played":"3939387987681722589","potions_obtained":[{"floor":1,"key":"SpeedPotion"},{"floor":3,"key":"SteroidPotion"},{"floor":6,"key":"Regen Potion"},{"floor":10,"key":"Poison Potion"},{"floor":16,"key":"AttackPotion"},{"floor":18,"key":"FearPotion"},{"floor":22,"key":"Block Potion"}],"is_trial":false,"path_per_floor":["M","?","M","?","M","E","R","E","T","M","?","$","E","M","R","B",null,"M","$","?","?","M","E","?","E","T","R","M","E"],"character_chosen":"IRONCLAD","items_purchased":["Lee\u0027s Waffle","Offering"],"campfire_rested":1,"item_purchase_floors":[12,19],"current_hp_per_floor":[80,64,70,70,69,26,26,32,32,26,8,87,87,87,87,76,87,87,87,87,87,87,71,52,19,19,48,38,0],"gold":161,"neow_bonus":"THREE_CARDS","is_prod":false,"is_daily":false,"chose_seed":false,"campfire_upgraded":2,"win_rate":0,"timestamp":1548832680,"path_taken":["M","?","M","?","?","E","R","E","T","M","?","$","E","M","R","BOSS","M","$","?","?","M","E","?","E","T","R","M","E"],"build_version":"2019-01-23","purchased_purges":0,"victory":false,"max_hp_per_floor":[80,80,80,80,80,80,80,80,80,80,80,87,87,87,87,87,87,87,87,87,87,87,94,99,99,99,99,99,99],"card_choices":[{"not_picked":["Heavy Blade","Headbutt"],"picked":"Reckless Charge","floor":0},{"not_picked":["Power Through","Whirlwind"],"picked":"Searing Blow","floor":1},{"not_picked":["Intimidate","Dual Wield","Rage"],"picked":"SKIP","floor":3},{"not_picked":["Inflame","Rage","Warcry"],"picked":"SKIP","floor":5},{"not_picked":["Warcry","Perfected Strike","Fire Breathing"],"picked":"SKIP","floor":6},{"not_picked":["Spot Weakness","Seeing Red","Ghostly Armor"],"picked":"SKIP","floor":8},{"not_picked":["Searing Blow","Rupture"],"picked":"Clash","floor":10},{"not_picked":["Limit Break","Pommel Strike"],"picked":"Sever Soul","floor":13},{"not_picked":["True Grit","Burning Pact"],"picked":"Clash","floor":14},{"not_picked":["Berserk","Barricade"],"picked":"Juggernaut","floor":16},{"not_picked":["Dual Wield","Warcry","Clothesline+1"],"picked":"SKIP","floor":18},{"not_picked":["Inflame","Pummel"],"picked":"Clash","floor":22},{"not_picked":["Wild Strike+1","Ghostly Armor"],"picked":"Corruption","floor":23},{"not_picked":["Cleave","Brutality"],"picked":"Headbutt","floor":25},{"not_picked":["Warcry","Dual Wield+1","Intimidate"],"picked":"SKIP","floor":28}],"player_experience":692712,"relics_obtained":[{"floor":6,"key":"Du-Vu Doll"},{"floor":8,"key":"Dream Catcher"},{"floor":9,"key":"Ice Cream"},{"floor":13,"key":"War Paint"},{"floor":23,"key":"Strawberry"},{"floor":25,"key":"Meat on the Bone"},{"floor":26,"key":"Juzu Bracelet"}],"event_choices":[{"damage_healed":0,"gold_gain":0,"player_choice":"Entered Light","damage_taken":16,"max_hp_gain":0,"max_hp_loss":0,"event_name":"Shining Light","floor":2,"gold_loss":0,"cards_upgraded":["Defend_R","Defend_R"]},{"damage_healed":0,"gold_gain":0,"player_choice":"Box","damage_taken":0,"relics_obtained":["Paper Frog"],"max_hp_gain":0,"max_hp_loss":0,"event_name":"Big Fish","floor":4,"gold_loss":0,"cards_obtained":["Regret"]},{"damage_healed":0,"gold_gain":0,"player_choice":"Success","damage_taken":18,"relics_obtained":["Magic Flower"],"max_hp_gain":0,"max_hp_loss":0,"event_name":"Scrap Ooze","floor":11,"gold_loss":0},{"damage_healed":0,"gold_gain":0,"player_choice":"Inject Mutagens","damage_taken":0,"relics_obtained":["MutagenicStrength"],"max_hp_gain":0,"max_hp_loss":0,"event_name":"Drug Dealer","floor":20,"gold_loss":0},{"damage_healed":0,"gold_gain":0,"player_choice":"Stole Relic","damage_taken":0,"relics_obtained":["Letter Opener"],"max_hp_gain":0,"max_hp_loss":0,"event_name":"Addict","floor":21,"gold_loss":0,"cards_obtained":["Shame"]},{"damage_healed":0,"gold_gain":0,"player_choice":"Shed Blood","damage_taken":24,"max_hp_gain":5,"max_hp_loss":0,"event_name":"Forgotten Altar","floor":24,"gold_loss":0}],"is_beta":false,"boss_relics":[{"not_picked":["Coffee Dripper","Ectoplasm"],"picked":"Black Blood"}],"items_purged_floors":[],"is_endless":false,"potions_floor_spawned":[1,3,6,10,16,18,22],"killed_by":"Gremlin Leader","ascension_level":1}