{"gold_per_floor":[111,111,130,146,146,146,172,172,172,192,203,203,278,295,295,295],"floor_reached":16,"playtime":874,"items_purged":[],"score":112,"play_id":"af4deba0-a011-49ba-9bde-3508fad1f57a","local_time":"20190128095259","is_ascension_mode":true,"campfire_choices":[{"data":"Neutralize","floor":6.0,"key":"SMITH"},{"floor":12,"key":"REST"},{"data":"Dodge and Roll","floor":15,"key":"SMITH"}],"neow_cost":"TEN_PERCENT_HP_LOSS","seed_source_timestamp":0,"circlet_count":0,"master_deck":["Defend_G","Defend_G","Defend_G","Defend_G","Defend_G","Strike_G","Strike_G","Strike_G","Survivor","Neutralize+1","Poisoned Stab","Poisoned Stab","Dodge and Roll+1","Malaise","Infinite Blades+1","Crippling Poison"],"special_seed":0,"relics":["Ring of the Snake","Bottled Flame","Frozen Egg 2","Bottled Lightning"],"potions_floor_usage":[],"damage_taken":[{"damage":1.0,"enemies":"Small Slimes","floor":1.0,"turns":5.0},{"damage":1.0,"enemies":"Jaw Worm","floor":3.0,"turns":3.0},{"damage":3.0,"enemies":"2 Louse","floor":4.0,"turns":3.0},{"damage":17.0,"enemies":"3 Sentries","floor":7.0,"turns":11.0},{"damage":1.0,"enemies":"2 Fungi Beasts","floor":10.0,"turns":4.0},{"damage":5,"enemies":"Red Slaver","floor":11,"turns":5},{"damage":1,"enemies":"3 Louse","floor":14,"turns":4},{"damage":18,"enemies":"Slime Boss","floor":16,"turns":3}],"seed_played":"-7795787406726415811","potions_obtained":[{"floor":1.0,"key":"GhostInAJar"},{"floor":10.0,"key":"SmokeBomb"},{"floor":14,"key":"Strength Potion"}],"is_trial":false,"path_per_floor":["M","?","M","M","T","R","E","?","T","M","M","R","?","M","R","B"],"character_chosen":"THE_SILENT","items_purchased":[],"campfire_rested":1,"item_purchase_floors":[],"current_hp_per_floor":[62,62,61,58,58,58,41,8,8,7,2,20,9,8,8,0],"gold":295,"neow_bonus":"REMOVE_TWO","is_prod":false,"is_daily":false,"chose_seed":false,"campfire_upgraded":2,"win_rate":1,"timestamp":1548665579,"path_taken":["M","?","M","M","?","R","E","?","T","M","M","R","?","M","R","BOSS"],"build_version":"2019-01-23","purchased_purges":0,"victory":false,"max_hp_per_floor":[63,63,63,63,63,63,63,63,63,63,63,63,63,63,63,63],"card_choices":[{"not_picked":["Choke","Quick Slash"],"picked":"Poisoned Stab","floor":1.0},{"not_picked":["PiercingWail","Choke"],"picked":"Poisoned Stab","floor":3.0},{"not_picked":["Flechettes","PiercingWail"],"picked":"Dodge and Roll","floor":4.0},{"not_picked":["Doppelganger","Dash"],"picked":"Malaise","floor":7.0},{"not_picked":["Expertise","Blade Dance"],"picked":"Infinite Blades+1","floor":10.0},{"not_picked":["Choke","Reflex","Sucker Punch"],"picked":"SKIP","floor":11},{"not_picked":["Finisher","Sucker Punch"],"picked":"Crippling Poison","floor":14}],"player_experience":35057,"relics_obtained":[{"floor":5.0,"key":"Bottled Flame"},{"floor":7.0,"key":"Frozen Egg 2"},{"floor":9.0,"key":"Bottled Lightning"}],"event_choices":[{"damage_healed":0.0,"max_hp_gain":0.0,"max_hp_loss":0.0,"gold_gain":0.0,"event_name":"Liars Game","player_choice":"Ignored","floor":2.0,"gold_loss":0.0,"damage_taken":0.0},{"damage_healed":0.0,"max_hp_gain":0.0,"max_hp_loss":0.0,"gold_gain":0.0,"event_name":"Scrap Ooze","player_choice":"Fled","floor":8.0,"gold_loss":0.0,"damage_taken":33.0},{"damage_healed":0,"gold_gain":75,"player_choice":"Gather Gold","damage_taken":11,"max_hp_gain":0,"max_hp_loss":0,"event_name":"World of Goop","floor":13,"gold_loss":0}],"is_beta":false,"boss_relics":[],"items_purged_floors":[],"is_endless":false,"potions_floor_spawned":[1,10,14],"killed_by":"Slime Boss","ascension_level":2}