{"gold_per_floor":[159,172,172,172,190,190,225,241,264,303,206,206,206,240,240,240],"floor_reached":16,"playtime":828,"items_purged":[],"score":172,"play_id":"36404b83-aa0e-49d5-a51a-b9dcd33978f8","local_time":"20190128193014","is_ascension_mode":true,"campfire_choices":[{"data":"Rip and Tear","floor":6,"key":"SMITH"},{"floor":15,"key":"REST"}],"neow_cost":"NONE","seed_source_timestamp":21796429730719,"circlet_count":0,"master_deck":["Strike_B+1","Strike_B","Strike_B","Defend_B","Defend_B","Defend_B","Defend_B","Zap+1","Dualcast","Rip and Tear+1","Go for the Eyes","Rebound+1","BootSequence","Dramatic Entrance"],"relics":["Tiny House","Golden Idol","Boot","Happy Flower","Blood Vial","Meat on the Bone"],"potions_floor_usage":[14],"damage_taken":[{"damage":7,"enemies":"Jaw Worm","floor":1,"turns":3},{"damage":0,"enemies":"Small Slimes","floor":2,"turns":2},{"damage":1,"enemies":"Cultist","floor":5,"turns":3},{"damage":7,"enemies":"Gremlin Nob","floor":7,"turns":3},{"damage":9,"enemies":"Red Slaver","floor":8,"turns":3},{"damage":35,"enemies":"Lagavulin","floor":10,"turns":5},{"damage":0,"enemies":"3 Sentries","floor":14,"turns":4},{"damage":52,"enemies":"Slime Boss","floor":16,"turns":9}],"seed_played":"7371575414554195864","potions_obtained":[{"floor":0,"key":"Dexterity Potion"},{"floor":1,"key":"Dexterity Potion"},{"floor":7,"key":"Swift Potion"}],"is_trial":false,"path_per_floor":["M","M","?","?","M","R","E","M","T","E","$","?","?","E","R","B"],"character_chosen":"DEFECT","items_purchased":["Dramatic Entrance"],"campfire_rested":1,"item_purchase_floors":[11],"current_hp_per_floor":[73,73,73,73,72,72,65,56,56,21,21,21,21,23,45,0],"gold":240,"neow_bonus":"BOSS_RELIC","is_prod":false,"is_daily":false,"chose_seed":false,"campfire_upgraded":1,"win_rate":0,"timestamp":1548700214,"path_taken":["M","M","?","?","?","R","E","M","T","E","?","?","?","E","R","BOSS"],"build_version":"2019-01-23","purchased_purges":0,"victory":false,"max_hp_per_floor":[80,80,74,74,74,74,74,74,74,74,74,74,74,74,74,74],"card_choices":[{"not_picked":["Fusion","Streamline"],"picked":"Rip and Tear","floor":0},{"not_picked":["Compile Driver","Defragment","Force Field"],"picked":"SKIP","floor":1},{"not_picked":["Aggregate","Barrage"],"picked":"Go for the Eyes","floor":2},{"not_picked":["Compile Driver","Hologram","Turbo"],"picked":"SKIP","floor":5},{"not_picked":["Amplify","Streamline"],"picked":"Rebound","floor":7},{"not_picked":["Steam","White Noise"],"picked":"BootSequence","floor":8},{"not_picked":["Steam Power","Go for the Eyes","Loop"],"picked":"SKIP","floor":10},{"not_picked":["Redo","Darkness","Turbo"],"picked":"SKIP","floor":14}],"player_experience":338644,"relics_obtained":[{"floor":7,"key":"Boot"},{"floor":9,"key":"Happy Flower"},{"floor":10,"key":"Blood Vial"},{"floor":14,"key":"Meat on the Bone"}],"event_choices":[{"damage_healed":0,"gold_gain":0,"player_choice":"Lose Max HP","damage_taken":0,"relics_obtained":["Golden Idol"],"max_hp_gain":0,"max_hp_loss":6,"event_name":"Golden Idol","floor":3,"gold_loss":0},{"cards_removed":["Strike_B"],"damage_healed":0,"gold_gain":0,"player_choice":"Offered Basic","damage_taken":0,"max_hp_gain":0,"max_hp_loss":0,"event_name":"Bonfire Elementals","floor":4,"gold_loss":0},{"damage_healed":0,"gold_gain":0,"player_choice":"Grow","damage_taken":0,"max_hp_gain":0,"max_hp_loss":0,"event_name":"Living Wall","floor":12,"gold_loss":0,"cards_upgraded":["Rebound"]},{"damage_healed":0,"gold_gain":0,"player_choice":"Upgraded","damage_taken":0,"max_hp_gain":0,"max_hp_loss":0,"event_name":"Upgrade Shrine","floor":13,"gold_loss":0,"cards_upgraded":["Zap"]}],"is_beta":false,"boss_relics":[],"items_purged_floors":[],"is_endless":false,"potions_floor_spawned":[1,7,8,10],"killed_by":"Slime Boss","ascension_level":4}