{"gold_per_floor":[114,129,129,144,45,75,75,90,115,130,145,145,205,220,220,320,320,335,10,10,10,10,10,25,25,100,130,145,160,160,175,175,275,275,290,305,5,20,35,35,50,50,50,50,75,87,99,141,153,165],"floor_reached":51,"playtime":4287,"items_purged":["Pain"],"score":884,"play_id":"5860be68-c338-44d9-8126-e6b1a5c40e5d","local_time":"20181113131516","daily_mods":["Cursed Run","Time Dilation","Binary"],"is_ascension_mode":false,"campfire_choices":[{"data":"Hologram","floor":7.0,"key":"SMITH"},{"floor":15.0,"key":"REST"},{"data":"Streamline","floor":23,"key":"SMITH"},{"data":"Streamline","floor":25,"key":"SMITH"},{"floor":30,"key":"REST"},{"floor":32,"key":"REST"},{"data":"Storm","floor":40,"key":"SMITH"},{"floor":42,"key":"REST"},{"data":"Hologram","floor":44,"key":"SMITH"},{"data":"Seek","floor":47,"key":"SMITH"},{"floor":49,"key":"REST"}],"neow_cost":"","seed_source_timestamp":0,"circlet_count":0,"master_deck":["Zap","Dualcast","Conserve Battery","Go for the Eyes","Streamline+1","Hologram+1","Rebound","Fission","Streamline+1","Decay","Sweeping Beam","Regret","FTL","Cold Snap","Seek+1","Beam Cell","Pain","Injury","Beam Cell","Static Discharge+1","Regret","All For One","Heatsinks","Sunder","Loop","Ball Lightning","Cold Snap","Steam","Storm+1","Gash","Hello World+1","Hologram+1","Hologram+1","Injury","Parasite","Writhe","Gash+1","Regret"],"special_seed":17847,"relics":["Cursed Key","Darkstone Periapt","Du-Vu Doll","Torii","Art of War","Happy Flower","Tiny Chest","Lizard Tail","Bottled Flame","WarpedTongs","Question Card","Matryoshka","Pandora\u0027s Box","Gambling Chip","Regal Pillow","Pear","MawBank","Boot","Molten Egg 2"],"potions_floor_usage":[33,33,33],"damage_taken":[{"damage":0.0,"enemies":"Cultist","floor":1.0,"turns":3.0},{"damage":0.0,"enemies":"2 Louse","floor":2.0,"turns":3.0},{"damage":0.0,"enemies":"Small Slimes","floor":4.0,"turns":3.0},{"damage":9.0,"enemies":"Lagavulin","floor":6.0,"turns":6.0},{"damage":12.0,"enemies":"Exordium Thugs","floor":8.0,"turns":4.0},{"damage":0.0,"enemies":"Gremlin Gang","floor":10.0,"turns":4.0},{"damage":1.0,"enemies":"Lots of Slimes","floor":11.0,"turns":2.0},{"damage":17.0,"enemies":"3 Sentries","floor":13.0,"turns":5.0},{"damage":2.0,"enemies":"Exordium Thugs","floor":14.0,"turns":3.0},{"damage":2.0,"enemies":"Slime Boss","floor":16.0,"turns":7.0},{"damage":25.0,"enemies":"3 Byrds","floor":18.0,"turns":4.0},{"damage":2,"enemies":"Chosen","floor":24,"turns":2},{"damage":46,"enemies":"Gremlin Leader","floor":27,"turns":6},{"damage":15,"enemies":"3 Cultists","floor":28,"turns":4},{"damage":9,"enemies":"Snake Plant","floor":29,"turns":2},{"damage":18,"enemies":"Centurion and Healer","floor":31,"turns":2},{"damage":42,"enemies":"Automaton","floor":33,"turns":9},{"damage":14,"enemies":"3 Shapes","floor":35,"turns":3},{"damage":18,"enemies":"3 Darklings","floor":36,"turns":4},{"damage":16,"enemies":"Spire Growth","floor":38,"turns":4},{"damage":18,"enemies":"Jaw Worm Horde","floor":39,"turns":3},{"damage":31,"enemies":"Writhing Mass","floor":41,"turns":5},{"damage":49,"enemies":"Reptomancer","floor":48,"turns":5},{"damage":158,"enemies":"Awakened One","floor":50,"turns":10}],"seed_played":"7220959267386294394","potions_obtained":[{"floor":2.0,"key":"EssenceOfSteel"},{"floor":6.0,"key":"Block Potion"},{"floor":10.0,"key":"Dexterity Potion"},{"floor":33,"key":"FocusPotion"},{"floor":38,"key":"Weak Potion"},{"floor":39,"key":"LiquidBronze"},{"floor":48,"key":"SmokeBomb"}],"is_trial":false,"path_per_floor":["M","M","?","M","$","E","R","M","T","M","M","?","E","M","R","B",null,"M","M","$","?","$","$","R","M","R","T","E","M","M","R","M","R","B",null,"M","M","$","M","M","R","M","R","T","R","T","?","R","E","R","B",null],"character_chosen":"DEFECT","items_purchased":["Hologram","Rebound","Bottled Flame","Gambling Chip"],"campfire_rested":5,"item_purchase_floors":[5,5,19,37],"current_hp_per_floor":[75,75,68,68,68,59,59,47,53,53,52,58,41,39,65,69,93,68,68,74,74,74,74,72,72,78,32,17,8,39,21,52,16,111,97,79,79,63,45,45,14,47,63,63,69,108,108,59,115,51],"gold":177,"neow_bonus":"","is_prod":false,"is_daily":true,"chose_seed":false,"campfire_upgraded":6,"win_rate":0,"timestamp":1542111316,"path_taken":["M","?","?","M","$","E","R","M","T","M","M","?","E","M","R","BOSS","M","$","?","?","$","R","M","R","T","E","M","M","R","M","R","BOSS","M","?","$","?","M","R","M","R","T","R","?","?","R","E","R","BOSS"],"build_version":"2018-11-08","purchased_purges":1,"victory":true,"max_hp_per_floor":[75,75,75,75,75,75,75,75,81,81,81,87,87,87,87,93,93,93,93,99,99,99,99,99,99,105,105,105,105,105,105,105,111,111,111,111,111,111,111,111,111,111,127,127,133,139,139,139,139,145],"card_choices":[{"not_picked":["Turbo"],"picked":"Conserve Battery","floor":1.0},{"not_picked":["Rip and Tear"],"picked":"Go for the Eyes","floor":2.0},{"not_picked":["Rebound"],"picked":"Streamline","floor":4.0},{"not_picked":["Turbo"],"picked":"Fission","floor":6.0},{"not_picked":["Aggregate"],"picked":"Streamline","floor":8.0},{"not_picked":["Double Energy"],"picked":"Sweeping Beam","floor":10.0},{"not_picked":["Sweeping Beam","Redo"],"picked":"SKIP","floor":11.0},{"not_picked":["Conserve Battery"],"picked":"FTL","floor":13.0},{"not_picked":["Steam Power"],"picked":"Cold Snap","floor":14.0},{"not_picked":["Amplify"],"picked":"Seek","floor":16.0},{"not_picked":["Genetic Algorithm+1"],"picked":"Beam Cell","floor":18},{"not_picked":["Force Field","Loop"],"picked":"SKIP","floor":24},{"not_picked":["Reprogram+1","Stack+1"],"picked":"Beam Cell","floor":27},{"not_picked":["Barrage","Beam Cell"],"picked":"Static Discharge+1","floor":28},{"not_picked":["Tempest","Sweeping Beam","Hello World"],"picked":"SKIP","floor":29},{"not_picked":["Recycle+1","Turbo","Sweeping Beam+1"],"picked":"SKIP","floor":31},{"not_picked":["Echo Form","Creative AI"],"picked":"All For One","floor":33},{"not_picked":["Leap","Tempest"],"picked":"Gash","floor":35},{"not_picked":["Sweeping Beam+1","Turbo"],"picked":"Hello World+1","floor":36},{"not_picked":["Coolheaded+1","Redo+1"],"picked":"Hologram+1","floor":38},{"not_picked":["Conserve Battery","Leap","Consume+1"],"picked":"SKIP","floor":39},{"not_picked":["Streamline","Rebound+1"],"picked":"Hologram","floor":41},{"not_picked":["Streamline+1","Genetic Algorithm+1"],"picked":"Gash","floor":48}],"player_experience":280399,"relics_obtained":[{"floor":6.0,"key":"Torii"},{"floor":9.0,"key":"Art of War"},{"floor":13.0,"key":"Tiny Chest"},{"floor":26,"key":"Question Card"},{"floor":27,"key":"Matryoshka"},{"floor":43,"key":"Regal Pillow"},{"floor":43,"key":"Pear"},{"floor":45,"key":"MawBank"},{"floor":45,"key":"Boot"},{"floor":48,"key":"Molten Egg 2"}],"event_choices":[{"cards_removed":["Strike_B"],"damage_healed":0.0,"max_hp_gain":0.0,"max_hp_loss":0.0,"gold_gain":0.0,"event_name":"Golden Wing","player_choice":"Card Removal","floor":3.0,"gold_loss":0.0,"damage_taken":7.0},{"damage_healed":0.0,"max_hp_gain":0.0,"max_hp_loss":0.0,"gold_gain":0.0,"event_name":"Big Fish","player_choice":"Box","floor":12.0,"gold_loss":0.0,"damage_taken":0.0,"relics_obtained":["Happy Flower"],"cards_obtained":["Regret"]},{"damage_healed":0,"gold_gain":0,"player_choice":"Rummage","damage_taken":0,"relics_obtained":["WarpedTongs"],"max_hp_gain":0,"max_hp_loss":0,"event_name":"Accursed Blacksmith","floor":20,"gold_loss":0,"cards_obtained":["Pain"]},{"damage_healed":33,"gold_gain":0,"player_choice":"Writhe","damage_taken":0,"max_hp_gain":0,"max_hp_loss":0,"event_name":"Winding Halls","floor":46,"gold_loss":0,"cards_obtained":["Writhe"]}],"is_beta":false,"boss_relics":[{"not_picked":["Astrolabe","Velvet Choker"],"picked":"Lizard Tail"},{"not_picked":["Busted Crown","Runic Dome"],"picked":"Pandora\u0027s Box"}],"items_purged_floors":[19],"is_endless":false,"potions_floor_spawned":[2,6,10,11,14,18,31,33,38,39,48],"ascension_level":0}