{"gold_per_floor":[368,381,381,393,4,4,39,39,62,93,109,109,109,126,126,230,230,218,233,246,43,55,55,86,96,147,147,165,165,264,274,274,374,374,391,391,46,62,78,78,91,91,91,91,91],"floor_reached":45,"playtime":2308,"items_purged":["Strike_B"],"score":568,"play_id":"d5895587-72e8-41c6-81cb-48f109b21df6","local_time":"20190205025101","is_ascension_mode":true,"campfire_choices":[{"data":"Zap","floor":6,"key":"SMITH"},{"floor":8,"key":"REST"},{"data":"Dualcast","floor":12,"key":"SMITH"},{"floor":15,"key":"REST"},{"data":"FTL","floor":23,"key":"SMITH"},{"data":"Rebound","floor":29,"key":"SMITH"},{"data":"Streamline","floor":32,"key":"SMITH"},{"floor":40,"key":"RECALL"},{"data":"Defragment","floor":42,"key":"SMITH"},{"data":"Self Repair","floor":44,"key":"SMITH"}],"neow_cost":"PERCENT_DAMAGE","seed_source_timestamp":1800398137320300,"circlet_count":0,"master_deck":["Zap+1","Dualcast+1","FTL+1","Steam+1","Conserve Battery","BootSequence+1","Coolheaded+1","Leap+1","Steam+1","Turbo+1","White Noise+1","Multi-Cast+1","Gash+1","Hologram+1","Coolheaded+1","Gash","Turbo+1","FTL","Hologram+1","Hologram+1","Streamline+1","Rebound+1","Fission+1","Double Energy+1","Gash","Ball Lightning","Sweeping Beam","Amplify+1","Defragment+1","Aggregate+1","Beam Cell","Self Repair+1"],"relics":["Cracked Core","Lantern","Toxic Egg 2","Bronze Scales","Smiling Mask","Thread and Needle","Coffee Dripper","Mercury Hourglass","Oddly Smooth Stone","Pandora\u0027s Box","Medical Kit","Bag of Preparation"],"potions_floor_usage":[7,10,16,24,24,31,41],"damage_taken":[{"damage":1,"enemies":"2 Louse","floor":1,"turns":2},{"damage":0,"enemies":"Cultist","floor":2,"turns":3},{"damage":2,"enemies":"Small Slimes","floor":4,"turns":3},{"damage":24,"enemies":"Gremlin Nob","floor":7,"turns":4},{"damage":10,"enemies":"Lagavulin","floor":10,"turns":8},{"damage":0,"enemies":"Looter","floor":11,"turns":3},{"damage":0,"enemies":"Red Slaver","floor":14,"turns":3},{"damage":3,"enemies":"The Guardian","floor":16,"turns":9},{"damage":6,"enemies":"2 Thieves","floor":18,"turns":4},{"damage":6,"enemies":"3 Byrds","floor":19,"turns":3},{"damage":12,"enemies":"Snake Plant","floor":20,"turns":4},{"damage":0,"enemies":"Centurion and Healer","floor":22,"turns":6},{"damage":0,"enemies":"Slavers","floor":24,"turns":6},{"damage":0,"enemies":"Shelled Parasite and Fungi","floor":25,"turns":4},{"damage":0,"enemies":"3 Cultists","floor":28,"turns":5},{"damage":13,"enemies":"Snake Plant","floor":31,"turns":5},{"damage":31,"enemies":"Automaton","floor":33,"turns":11},{"damage":6,"enemies":"3 Shapes","floor":35,"turns":3},{"damage":0,"enemies":"Orb Walker","floor":38,"turns":2},{"damage":6,"enemies":"Spire Growth","floor":39,"turns":4},{"damage":47,"enemies":"Transient","floor":41,"turns":5},{"damage":20,"enemies":"Maw","floor":45,"turns":2}],"seed_played":"-1340507468254084340","potions_obtained":[{"floor":1,"key":"Poison Potion"},{"floor":2,"key":"AttackPotion"},{"floor":14,"key":"Weak Potion"},{"floor":20,"key":"Block Potion"},{"floor":22,"key":"Weak Potion"},{"floor":25,"key":"Regen Potion"},{"floor":28,"key":"Fire Potion"},{"floor":35,"key":"Dexterity Potion"}],"is_trial":false,"path_per_floor":["M","M","?","M","$","R","E","R","T","E","M","R","?","M","R","B",null,"M","M","M","$","M","R","E","M","T","?","M","R","?","M","R","B",null,"M","?","$","M","M","R","M","R","T","R","M"],"character_chosen":"DEFECT","items_purchased":["Toxic Egg 2","BootSequence+1","Coolheaded+1","Gash","Turbo+1","FTL","Medical Kit","Bag of Preparation"],"campfire_rested":2,"item_purchase_floors":[5,5,5,21,21,21,37,37],"current_hp_per_floor":[53,53,46,44,44,44,20,42,42,32,32,32,32,32,54,51,75,69,63,51,51,51,51,51,51,51,75,75,75,75,71,71,40,75,69,69,69,69,63,63,16,16,16,16,0],"gold":91,"neow_bonus":"TWO_FIFTY_GOLD","is_prod":false,"is_daily":false,"chose_seed":false,"campfire_upgraded":7,"win_rate":0,"timestamp":1549353061,"path_taken":["M","M","?","M","$","R","E","R","T","E","M","R","?","M","R","BOSS","M","M","M","$","M","R","E","M","T","?","M","R","?","M","R","BOSS","M","?","$","M","?","R","M","R","T","R","?"],"build_version":"2019-01-23","purchased_purges":1,"victory":false,"max_hp_per_floor":[75,75,75,75,75,75,75,75,75,75,75,75,75,75,75,75,75,75,75,75,75,75,75,75,75,75,75,75,75,75,75,75,75,75,75,75,75,75,75,75,75,75,75,75,75],"card_choices":[{"not_picked":["Blizzard","Conserve Battery"],"picked":"FTL","floor":1},{"not_picked":["FTL","Beam Cell"],"picked":"Steam","floor":2},{"not_picked":["Steam","Stack"],"picked":"Conserve Battery","floor":4},{"not_picked":["Capacitor","Cold Snap"],"picked":"Leap+1","floor":7},{"not_picked":["Melter","FTL"],"picked":"Steam+1","floor":10},{"not_picked":["Compile Driver","Rip and Tear"],"picked":"Turbo+1","floor":11},{"not_picked":["Barrage","Storm"],"picked":"White Noise+1","floor":14},{"not_picked":["Thunder Strike","Machine Learning"],"picked":"Multi-Cast+1","floor":16},{"not_picked":["Reprogram+1","Darkness+1"],"picked":"Gash+1","floor":18},{"not_picked":["Rebound","Ball Lightning"],"picked":"Hologram+1","floor":19},{"not_picked":["Rip and Tear","Steam+1"],"picked":"Coolheaded+1","floor":20},{"not_picked":["Cold Snap","FTL"],"picked":"Hologram+1","floor":22},{"not_picked":["Coolheaded+1","Blizzard"],"picked":"Hologram+1","floor":24},{"not_picked":["Cold Snap","Defragment"],"picked":"Streamline","floor":25},{"not_picked":["Cold Snap","Rip and Tear+1"],"picked":"Rebound","floor":28},{"not_picked":["Chaos+1","Hello World"],"picked":"Turbo+1","floor":31},{"not_picked":["Electrodynamics","Buffer"],"picked":"Fission+1","floor":33},{"not_picked":["Cold Snap+1","Steam+1","Streamline"],"picked":"SKIP","floor":35},{"not_picked":["Ball Lightning+1","FTL"],"picked":"Beam Cell","floor":38},{"not_picked":["Barrage+1","Multi-Cast+1","Turbo+1"],"picked":"SKIP","floor":39},{"not_picked":["Glacier+1","Beam Cell+1"],"picked":"Self Repair","floor":41}],"player_experience":230620,"relics_obtained":[{"floor":7,"key":"Bronze Scales"},{"floor":9,"key":"Smiling Mask"},{"floor":10,"key":"Thread and Needle"},{"floor":24,"key":"Mercury Hourglass"},{"floor":26,"key":"Oddly Smooth Stone"}],"event_choices":[{"damage_healed":0,"gold_gain":0,"player_choice":"Success","damage_taken":7,"relics_obtained":["Lantern"],"max_hp_gain":0,"max_hp_loss":0,"event_name":"Scrap Ooze","floor":3,"gold_loss":0},{"damage_healed":0,"gold_gain":0,"player_choice":"Forge","damage_taken":0,"max_hp_gain":0,"max_hp_loss":0,"event_name":"Accursed Blacksmith","floor":13,"gold_loss":0,"cards_upgraded":["Steam"]},{"damage_healed":25,"gold_gain":0,"player_choice":"Heal","damage_taken":0,"max_hp_gain":0,"max_hp_loss":0,"event_name":"The Library","floor":27,"gold_loss":0},{"damage_healed":0,"gold_gain":99,"player_choice":"Stole From Cult","damage_taken":0,"max_hp_gain":0,"max_hp_loss":0,"event_name":"Nest","floor":30,"gold_loss":0},{"cards_removed":["Turbo"],"damage_healed":0,"gold_gain":0,"player_choice":"Purged","damage_taken":0,"max_hp_gain":0,"max_hp_loss":0,"event_name":"Purifier","floor":36,"gold_loss":0}],"is_beta":false,"boss_relics":[{"not_picked":["Calling Bell","Snecko Eye"],"picked":"Coffee Dripper"},{"not_picked":["Orrery","Black Star"],"picked":"Pandora\u0027s Box"}],"items_purged_floors":[21],"is_endless":false,"potions_floor_spawned":[1,2,14,20,22,25,28,35],"killed_by":"Maw","ascension_level":3}