{"gold_per_floor":[115,115,127,52,52,87,112,142,142,142,67,84,103,63,63,137,137,157,169,61,81,93,93,123,123,205,205,205,218,246,246,246,322,322,337,347,37,55,75,110,110,110,183,211,211,211,221,232,232,232],"floor_reached":51,"playtime":7723,"items_purged":["Strike_G+1","Defend_G"],"score":1952,"play_id":"8cd99cc6-71e5-42e0-b088-312244cf7efa","local_time":"20190116234634","is_ascension_mode":true,"campfire_choices":[{"floor":10.0,"key":"REST"},{"data":"Deadly Poison","floor":15.0,"key":"SMITH"},{"data":"Acrobatics","floor":23.0,"key":"SMITH"},{"data":"Tools of the Trade","floor":25.0,"key":"SMITH"},{"data":"After Image","floor":28.0,"key":"SMITH"},{"data":"Adrenaline","floor":32.0,"key":"SMITH"},{"data":"Purity","floor":41.0,"key":"SMITH"},{"data":"Acrobatics","floor":46.0,"key":"SMITH"},{"data":"Terror","floor":49.0,"key":"SMITH"}],"neow_cost":"NONE","seed_source_timestamp":283110166413600,"circlet_count":0,"master_deck":["AscendersBane","Defend_G","Defend_G","Defend_G","Defend_G","Survivor","Neutralize+1","Escape Plan","Terror+1","Acrobatics+1","Deadly Poison+1","Blur","Footwork","After Image+1","Backflip","Purity+1","Escape Plan","Tools of the Trade+1","Adrenaline+1","Acrobatics+1","Tactician","Finesse","Calculated Gamble"],"special_seed":0,"relics":["Ring of the Snake","NeowsBlessing","Pear","Whetstone","Sundial","Ice Cream","Empty Cage","Darkstone Periapt","Gremlin Horn","Bird Faced Urn","Philosopher\u0027s Stone","Medical Kit","Ancient Tea Set","Paper Crane","Pen Nib"],"potions_floor_usage":[50,50],"damage_taken":[{"damage":0.0,"enemies":"Jaw Worm","floor":1.0,"turns":1.0},{"damage":0.0,"enemies":"Cultist","floor":3.0,"turns":1.0},{"damage":0.0,"enemies":"Lagavulin","floor":6.0,"turns":1.0},{"damage":36.0,"enemies":"Gremlin Nob","floor":8.0,"turns":6.0},{"damage":4.0,"enemies":"Small Slimes","floor":12.0,"turns":4.0},{"damage":2.0,"enemies":"2 Fungi Beasts","floor":13.0,"turns":4.0},{"damage":0.0,"enemies":"Hexaghost","floor":16.0,"turns":10.0},{"damage":0.0,"enemies":"Shell Parasite","floor":18.0,"turns":7.0},{"damage":0.0,"enemies":"Spheric Guardian","floor":19.0,"turns":5.0},{"damage":19.0,"enemies":"3 Cultists","floor":21.0,"turns":5.0},{"damage":1.0,"enemies":"Snecko","floor":22.0,"turns":10.0},{"damage":1.0,"enemies":"Book of Stabbing","floor":24.0,"turns":4.0},{"damage":2.0,"enemies":"Snake Plant","floor":29.0,"turns":3.0},{"damage":0.0,"enemies":"Gremlin Leader","floor":30.0,"turns":3.0},{"damage":0.0,"enemies":"Collector","floor":33.0,"turns":3.0},{"damage":0.0,"enemies":"3 Darklings","floor":35.0,"turns":4.0},{"damage":0.0,"enemies":"Orb Walker","floor":36.0,"turns":4.0},{"damage":8.0,"enemies":"4 Shapes","floor":38.0,"turns":2.0},{"damage":0.0,"enemies":"Jaw Worm Horde","floor":39.0,"turns":2.0},{"damage":0.0,"enemies":"Giant Head","floor":40.0,"turns":2.0},{"damage":0.0,"enemies":"Nemesis","floor":44.0,"turns":3.0},{"damage":0.0,"enemies":"Spire Growth","floor":47.0,"turns":2.0},{"damage":0.0,"enemies":"4 Shapes","floor":48.0,"turns":2.0},{"damage":0,"enemies":"Donu and Deca","floor":50,"turns":1}],"seed_played":"1044098879509878066","potions_obtained":[{"floor":8.0,"key":"Poison Potion"},{"floor":12.0,"key":"SpeedPotion"},{"floor":16.0,"key":"FearPotion"},{"floor":19.0,"key":"Energy Potion"},{"floor":21.0,"key":"Poison Potion"},{"floor":22.0,"key":"GhostInAJar"},{"floor":33.0,"key":"Weak Potion"},{"floor":36.0,"key":"Energy Potion"},{"floor":39.0,"key":"Dexterity Potion"},{"floor":40.0,"key":"SkillPotion"}],"is_trial":false,"path_per_floor":["M","?","M","?","?","E","T","E","T","R","$","M","M","$","R","B",null,"M","M","$","M","M","R","E","R","T","?","R","M","E","?","R","B",null,"M","M","$","M","M","E","R","$","T","E","?","R","M","M","R","B",null],"character_chosen":"THE_SILENT","items_purchased":["Footwork","Purity","Medical Kit"],"campfire_rested":1,"item_purchase_floors":[14,20,37],"current_hp_per_floor":[59,59,59,59,64,74,74,38,38,62,62,58,56,56,56,56,75,75,75,75,56,55,55,54,54,54,54,54,52,52,52,52,58,75,81,81,81,75,81,81,81,81,81,81,71,71,77,81,81,81],"gold":232,"neow_bonus":"THREE_ENEMY_KILL","is_prod":false,"is_daily":false,"chose_seed":false,"campfire_upgraded":8,"win_rate":0,"timestamp":1547700394,"path_taken":["M","?","?","?","?","E","?","E","T","R","?","M","?","$","R","BOSS","M","M","$","M","M","R","E","R","T","?","R","M","E","?","R","BOSS","M","M","$","M","M","E","R","$","T","E","?","R","M","M","R","BOSS"],"build_version":"2019-01-10","purchased_purges":2,"victory":true,"max_hp_per_floor":[66,66,66,66,71,81,81,81,81,81,81,81,81,81,81,81,81,81,81,81,81,81,81,81,81,81,81,81,81,81,81,81,81,81,81,81,81,81,81,81,81,81,81,81,81,81,81,81,81,81],"card_choices":[{"not_picked":["Quick Slash","Dagger Spray","Eviscerate"],"picked":"SKIP","floor":1.0},{"not_picked":["All Out Attack","Catalyst"],"picked":"Escape Plan","floor":3.0},{"not_picked":["Tactician","Cloak And Dagger"],"picked":"Terror","floor":6.0},{"not_picked":["Leg Sweep","Skewer"],"picked":"Acrobatics","floor":8.0},{"not_picked":["Slice","PiercingWail"],"picked":"Deadly Poison","floor":12.0},{"not_picked":["Choke","Quick Slash"],"picked":"Blur","floor":13.0},{"not_picked":["Corpse Explosion","Doppelganger"],"picked":"After Image","floor":16.0},{"not_picked":["Riddle With Holes","Deflect","Distraction"],"picked":"SKIP","floor":18.0},{"not_picked":["Dash","Slice"],"picked":"Backflip","floor":19.0},{"not_picked":["Deadly Poison","Sucker Punch","Endless Agony"],"picked":"SKIP","floor":21.0},{"not_picked":["Skewer+1","Choke"],"picked":"Escape Plan","floor":22.0},{"not_picked":["Choke","Poisoned Stab+1"],"picked":"Tools of the Trade","floor":24.0},{"not_picked":["Deflect","Backflip+1","Flying Knee"],"picked":"SKIP","floor":29.0},{"not_picked":["Deadly Poison","Masterful Stab","Sucker Punch"],"picked":"SKIP","floor":30.0},{"not_picked":["Quick Slash","Cloak And Dagger","Deflect+1"],"picked":"SKIP","floor":35.0},{"not_picked":["Finisher","Blade Dance+1","Dagger Throw"],"picked":"SKIP","floor":36.0},{"not_picked":["Backstab+1","Bouncing Flask"],"picked":"Acrobatics","floor":38.0},{"not_picked":["Outmaneuver","Prepared","PiercingWail+1"],"picked":"SKIP","floor":39.0},{"not_picked":["Flying Knee","Caltrops+1","Poisoned Stab"],"picked":"SKIP","floor":40.0},{"not_picked":["PiercingWail+1","Concentrate+1"],"picked":"Tactician","floor":44.0},{"not_picked":["Trip","Mind Blast"],"picked":"Finesse","floor":45.0},{"not_picked":["Predator","Slice"],"picked":"Calculated Gamble","floor":47.0},{"not_picked":["Prepared","Expertise","Bouncing Flask+1"],"picked":"SKIP","floor":48.0}],"player_experience":455539,"relics_obtained":[{"floor":6.0,"key":"Pear"},{"floor":7.0,"key":"Whetstone"},{"floor":8.0,"key":"Sundial"},{"floor":9.0,"key":"Ice Cream"},{"floor":24.0,"key":"Darkstone Periapt"},{"floor":26.0,"key":"Gremlin Horn"},{"floor":30.0,"key":"Bird Faced Urn"},{"floor":40.0,"key":"Ancient Tea Set"},{"floor":43.0,"key":"Paper Crane"},{"floor":44.0,"key":"Pen Nib"}],"event_choices":[{"cards_removed":["Strike_G"],"damage_healed":0.0,"max_hp_gain":0.0,"max_hp_loss":0.0,"gold_gain":0.0,"event_name":"Purifier","player_choice":"Purged","floor":2.0,"gold_loss":0.0,"damage_taken":0.0},{"cards_removed":["Strike_G"],"damage_healed":0.0,"max_hp_gain":0.0,"max_hp_loss":0.0,"gold_gain":0.0,"event_name":"The Cleric","player_choice":"Card Removal","floor":4.0,"gold_loss":75.0,"damage_taken":0.0},{"damage_healed":0.0,"max_hp_gain":5.0,"max_hp_loss":0.0,"gold_gain":0.0,"event_name":"Big Fish","player_choice":"Donut","floor":5.0,"gold_loss":0.0,"damage_taken":0.0},{"damage_healed":0.0,"max_hp_gain":0.0,"max_hp_loss":0.0,"gold_gain":0.0,"event_name":"Vampires","player_choice":"Ignored","floor":27.0,"gold_loss":0.0,"damage_taken":0.0},{"damage_healed":0.0,"max_hp_gain":0.0,"max_hp_loss":0.0,"gold_gain":0.0,"event_name":"The Library","player_choice":"Read","floor":31.0,"gold_loss":0.0,"damage_taken":0.0,"cards_obtained":["Adrenaline"]},{"damage_healed":0.0,"max_hp_gain":0.0,"max_hp_loss":0.0,"gold_gain":0.0,"event_name":"SensoryStone","player_choice":"Memory 3","floor":45.0,"gold_loss":0.0,"damage_taken":10.0}],"is_beta":false,"boss_relics":[{"not_picked":["Snecko Eye","Orrery"],"picked":"Empty Cage"},{"not_picked":["Coffee Dripper","Ring of the Serpent"],"picked":"Philosopher\u0027s Stone"}],"items_purged_floors":[11,37],"is_endless":false,"potions_floor_spawned":[8,12,13,16,19,21,22,33,36,39,40],"ascension_level":17}