{"gold_per_floor":[10,24,24,42,54,54,54,54,79,79,110,128,128,93,93,93],"floor_reached":16,"playtime":689,"items_purged":[],"score":120,"play_id":"7d5ed1e5-8be1-4b0e-a08f-902b7fa94c7e","local_time":"20190204190628","is_ascension_mode":true,"campfire_choices":[{"floor":6,"key":"RECALL"},{"data":"Pommel Strike","floor":8,"key":"SMITH"},{"data":"Warcry","floor":10,"key":"SMITH"},{"floor":13,"key":"REST"},{"data":"Immolate","floor":15,"key":"SMITH"}],"neow_cost":"NO_GOLD","seed_source_timestamp":282058277285015,"circlet_count":0,"master_deck":["Strike_R","Strike_R+1","Strike_R","Strike_R","Strike_R","Defend_R","Defend_R","Defend_R","Defend_R","Bash","Warcry+1","Thunderclap+1","Clothesline","Pommel Strike+1","Inflame","Immolate+1"],"relics":["Burning Blood","Calipers","Golden Idol","Art of War"],"potions_floor_usage":[12,12],"damage_taken":[{"damage":16,"enemies":"Jaw Worm","floor":1,"turns":4},{"damage":7,"enemies":"Small Slimes","floor":2,"turns":3},{"damage":0,"enemies":"2 Louse","floor":4,"turns":1},{"damage":12,"enemies":"Looter","floor":5,"turns":3},{"damage":50,"enemies":"3 Sentries","floor":11,"turns":9},{"damage":0,"enemies":"Blue Slaver","floor":12,"turns":5},{"damage":55,"enemies":"The Guardian","floor":16,"turns":12}],"seed_played":"1932880660201919532","potions_obtained":[{"floor":2,"key":"Dexterity Potion"},{"floor":4,"key":"Swift Potion"},{"floor":12,"key":"LiquidBronze"}],"is_trial":false,"path_per_floor":["M","M","?","M","M","R","?","R","T","R","E","M","R","?","R","B"],"character_chosen":"IRONCLAD","items_purchased":[],"campfire_rested":1,"item_purchase_floors":[],"current_hp_per_floor":[70,69,53,59,53,53,53,53,53,53,9,15,37,55,55,0],"gold":93,"neow_bonus":"ONE_RARE_RELIC","is_prod":false,"is_daily":false,"chose_seed":false,"campfire_upgraded":3,"win_rate":0,"timestamp":1549303588,"path_taken":["M","M","?","M","M","R","?","R","T","R","E","M","R","?","R","BOSS"],"build_version":"2019-01-23","purchased_purges":0,"victory":false,"max_hp_per_floor":[80,80,80,80,80,80,74,74,74,74,74,74,74,74,74,74],"card_choices":[{"not_picked":["Flex","Thunderclap"],"picked":"Warcry","floor":1},{"not_picked":["Pummel","Dual Wield"],"picked":"Thunderclap","floor":2},{"not_picked":["Perfected Strike","Pommel Strike"],"picked":"Clothesline","floor":4},{"not_picked":["Anger","Sentinel"],"picked":"Pommel Strike","floor":5},{"not_picked":["Anger","Iron Wave"],"picked":"Inflame","floor":11},{"not_picked":["Metallicize","Burning Pact"],"picked":"Immolate","floor":12}],"player_experience":552468,"relics_obtained":[{"floor":11,"key":"Art of War"}],"event_choices":[{"damage_healed":0,"gold_gain":0,"player_choice":"Entered Light","damage_taken":16,"max_hp_gain":0,"max_hp_loss":0,"event_name":"Shining Light","floor":3,"gold_loss":0,"cards_upgraded":["Strike_R","Thunderclap"]},{"damage_healed":0,"gold_gain":0,"player_choice":"Lose Max HP","damage_taken":0,"relics_obtained":["Golden Idol"],"max_hp_gain":0,"max_hp_loss":6,"event_name":"Golden Idol","floor":7,"gold_loss":0},{"damage_healed":18,"gold_gain":0,"player_choice":"Healed","damage_taken":0,"max_hp_gain":0,"max_hp_loss":0,"event_name":"The Cleric","floor":14,"gold_loss":35}],"is_beta":false,"boss_relics":[],"items_purged_floors":[],"is_endless":false,"potions_floor_spawned":[2,4,12],"killed_by":"The Guardian","ascension_level":4}