{"gold_per_floor":[109,128,46,59,59,84,84,100,100,111,111,128,146,179,179,179],"floor_reached":16,"playtime":1422,"items_purged":[],"score":114,"play_id":"c3df9749-0332-476a-96b2-bfcd72524b72","local_time":"20190204173408","is_ascension_mode":false,"campfire_choices":[{"floor":7,"key":"REST"},{"floor":15,"key":"REST"}],"neow_cost":"NONE","seed_source_timestamp":275784455725290,"circlet_count":0,"master_deck":["Defend_G","Defend_G","Defend_G","Defend_G","Defend_G","Strike_G","Strike_G+1","Strike_G","Strike_G","Survivor","Neutralize+1","Malaise","Backflip","Escape Plan","Flechettes","Cloak And Dagger","Backflip","Cloak And Dagger","Blur","Footwork","Calculated Gamble"],"relics":["Ring of the Snake","PreservedInsect","Dodecahedron","Happy Flower","Whetstone"],"potions_floor_usage":[],"damage_taken":[{"damage":6,"enemies":"Jaw Worm","floor":1,"turns":9},{"damage":0,"enemies":"Cultist","floor":2,"turns":7},{"damage":0,"enemies":"2 Louse","floor":4,"turns":5},{"damage":37,"enemies":"3 Sentries","floor":6,"turns":11},{"damage":2,"enemies":"Lots of Slimes","floor":8,"turns":6},{"damage":0,"enemies":"Looter","floor":10,"turns":3},{"damage":5,"enemies":"Exordium Wildlife","floor":12,"turns":6},{"damage":0,"enemies":"Exordium Thugs","floor":13,"turns":4},{"damage":6,"enemies":"Lagavulin","floor":14,"turns":9},{"damage":56,"enemies":"Hexaghost","floor":16,"turns":22}],"seed_played":"-3514318148380308694","potions_obtained":[{"floor":4,"key":"SteroidPotion"},{"floor":8,"key":"SkillPotion"},{"floor":12,"key":"Strength Potion"},{"floor":14,"key":"AttackPotion"}],"is_trial":false,"path_per_floor":["M","M","?","M","$","E","R","M","T","M","?","M","M","E","R","B"],"character_chosen":"THE_SILENT","items_purchased":[],"campfire_rested":2,"item_purchase_floors":[],"current_hp_per_floor":[64,64,64,64,64,27,48,46,46,46,46,41,41,35,56,0],"gold":179,"neow_bonus":"TRANSFORM_CARD","is_prod":false,"is_daily":false,"chose_seed":false,"campfire_upgraded":0,"win_rate":0,"timestamp":1549298048,"path_taken":["M","M","?","M","?","E","R","M","T","M","?","M","M","E","R","BOSS"],"build_version":"2019-01-23","purchased_purges":0,"victory":false,"max_hp_per_floor":[70,70,70,70,70,70,70,70,70,70,70,70,70,70,70,70],"card_choices":[{"not_picked":["Deflect","Dodge and Roll"],"picked":"Backflip","floor":1},{"not_picked":["Outmaneuver","Dodge and Roll"],"picked":"Escape Plan","floor":2},{"not_picked":["Underhanded Strike","All Out Attack"],"picked":"Flechettes","floor":4},{"not_picked":["Dodge and Roll","Glass Knife"],"picked":"Cloak And Dagger","floor":6},{"not_picked":["Quick Slash","Prepared"],"picked":"Backflip","floor":8},{"not_picked":["Outmaneuver","Riddle With Holes"],"picked":"Cloak And Dagger","floor":10},{"not_picked":["Backflip","Flying Knee"],"picked":"Blur","floor":12},{"not_picked":["Deflect","Bouncing Flask"],"picked":"Footwork","floor":13},{"not_picked":["Flying Knee","Endless Agony"],"picked":"Calculated Gamble","floor":14}],"player_experience":549758,"relics_obtained":[{"floor":6,"key":"Dodecahedron"},{"floor":9,"key":"Happy Flower"},{"floor":14,"key":"Whetstone"}],"event_choices":[{"damage_healed":0,"gold_gain":0,"player_choice":"Paid Gold","damage_taken":0,"relics_obtained":["PreservedInsect"],"max_hp_gain":0,"max_hp_loss":0,"event_name":"WeMeetAgain","floor":3,"gold_loss":82},{"cards_removed":["Doubt"],"damage_healed":0,"gold_gain":0,"player_choice":"Took Card","damage_taken":0,"max_hp_gain":0,"max_hp_loss":0,"event_name":"NoteForYourself","floor":11,"gold_loss":0,"cards_obtained":["Doubt"]}],"is_beta":false,"boss_relics":[],"items_purged_floors":[],"is_endless":false,"potions_floor_spawned":[4,8,12,14],"killed_by":"Hexaghost","ascension_level":0}