{"gold_per_floor":[113,113,63,63,11,42,42,56,56,86,86,86,105,123,123,252,252,236,236,256,2,2,2,2,2,56,107,107,107,123,143,143,247,247,258,311,411,430,430,430,444,461,461,487,3,23,23,23,23,23],"floor_reached":51,"playtime":3889,"items_purged":["Defend_G"],"score":706,"play_id":"5d3f92b9-e46a-4319-b898-ba9fdda49ae0","local_time":"20190125093510","is_ascension_mode":false,"campfire_choices":[{"data":"Neutralize","floor":7,"key":"SMITH"},{"data":"Dagger Spray","floor":12,"key":"SMITH"},{"floor":15,"key":"REST"},{"data":"RitualDagger","floor":23,"key":"SMITH"},{"data":"A Thousand Cuts","floor":25,"key":"SMITH"},{"data":"Infinite Blades","floor":29,"key":"SMITH"},{"data":"Blade Dance","floor":32,"key":"SMITH"},{"data":"1","floor":40,"key":"LIFT"},{"data":"2","floor":47,"key":"LIFT"},{"floor":49,"key":"REST"}],"neow_cost":"NONE","seed_source_timestamp":68557562242280,"circlet_count":0,"master_deck":["Defend_G","Defend_G","Defend_G","Defend_G+1","Survivor+1","Neutralize+1","Poisoned Stab","Dagger Spray+1","Underhanded Strike","Infinite Blades+1","Backstab","A Thousand Cuts+1","Underhanded Strike","Venomology","Deadly Poison","RitualDagger+1","Crippling Poison+1","Bite","Bite","Bite","Bite","Bite","Terror","Blade Dance+1","A Thousand Cuts","Eviscerate+1","Backflip","Acrobatics+1","Heel Hook+1","Backflip+1","Acrobatics+1","Endless Agony","Infinite Blades","Malaise","Panache","Secret Weapon"],"relics":["Ring of the Serpent","NeowsBlessing","Happy Flower","Shuriken","Bronze Scales","Bloody Idol","Kunai","Juzu Bracelet","Bag of Marbles","HoveringKite","Girya","Incense Burner","Mummified Hand","Orichalcum"],"potions_floor_usage":[18,33,33,35,38,42,50,50],"damage_taken":[{"damage":0,"enemies":"Small Slimes","floor":1,"turns":1},{"damage":0,"enemies":"Lagavulin","floor":6,"turns":1},{"damage":0,"enemies":"2 Louse","floor":8,"turns":1},{"damage":19,"enemies":"3 Sentries","floor":10,"turns":5},{"damage":0,"enemies":"Jaw Worm","floor":13,"turns":2},{"damage":0,"enemies":"3 Louse","floor":14,"turns":1},{"damage":8,"enemies":"Hexaghost","floor":16,"turns":7},{"damage":3,"enemies":"2 Thieves","floor":18,"turns":4},{"damage":11,"enemies":"Spheric Guardian","floor":20,"turns":5},{"damage":10,"enemies":"Snake Plant","floor":30,"turns":3},{"damage":10,"enemies":"Sentry and Sphere","floor":31,"turns":4},{"damage":23,"enemies":"Automaton","floor":33,"turns":7},{"damage":5,"enemies":"3 Shapes","floor":35,"turns":4},{"damage":35,"enemies":"2 Orb Walkers","floor":36,"turns":3},{"damage":0,"enemies":"Mind Bloom Boss Battle","floor":37,"turns":5},{"damage":22,"enemies":"3 Darklings","floor":38,"turns":4},{"damage":1,"enemies":"Jaw Worm Horde","floor":41,"turns":3},{"damage":22,"enemies":"Spire Growth","floor":42,"turns":3},{"damage":26,"enemies":"Nemesis","floor":44,"turns":5},{"damage":0,"enemies":"3 Darklings","floor":46,"turns":2},{"damage":12,"enemies":"Donu and Deca","floor":50,"turns":6}],"seed_played":"1099789673318212247","potions_obtained":[{"floor":10,"key":"Poison Potion"},{"floor":13,"key":"EssenceOfSteel"},{"floor":14,"key":"LiquidBronze"},{"floor":16,"key":"Block Potion"},{"floor":20,"key":"Regen Potion"},{"floor":30,"key":"Block Potion"},{"floor":33,"key":"Ancient Potion"},{"floor":36,"key":"LiquidBronze"},{"floor":37,"key":"Block Potion"},{"floor":42,"key":"PowerPotion"},{"floor":44,"key":"EntropicBrew"}],"is_trial":false,"path_per_floor":["M","?","?","?","$","E","R","M","T","E","?","R","M","M","R","B",null,"M","?","M","$","?","R","$","R","T","T","?","R","M","M","R","B",null,"M","?","?","M","?","R","M","M","T","E","$","M","R","?","R","B",null],"character_chosen":"THE_SILENT","items_purchased":["Dagger Spray","Kunai","Infinite Blades","Malaise","Panache"],"campfire_rested":2,"item_purchase_floors":[5,21,45,45,45],"current_hp_per_floor":[70,63,63,49,49,49,49,49,49,30,13,13,13,13,34,26,70,67,61,50,50,49,49,49,49,49,49,49,49,44,45,45,45,49,49,23,34,25,25,25,35,22,22,11,11,18,18,18,32,26],"gold":23,"neow_bonus":"THREE_ENEMY_KILL","is_prod":false,"is_daily":false,"chose_seed":false,"campfire_upgraded":6,"win_rate":0.0,"timestamp":1548405310,"path_taken":["M","?","?","?","$","E","R","M","T","E","?","R","M","M","R","BOSS","M","?","M","$","?","R","$","R","T","?","?","R","M","M","R","BOSS","M","?","?","M","?","R","M","M","T","E","$","M","R","?","R","BOSS"],"build_version":"2019-01-23","purchased_purges":1,"victory":true,"max_hp_per_floor":[70,70,70,70,70,70,70,70,70,70,70,70,70,70,70,70,70,70,70,70,70,49,49,49,49,49,49,49,49,49,49,49,49,49,49,49,49,49,49,49,49,49,49,49,49,49,49,49,49,49],"card_choices":[{"not_picked":["Choke","Dagger Throw"],"picked":"Poisoned Stab","floor":1},{"not_picked":["Outmaneuver","Calculated Gamble"],"picked":"Underhanded Strike","floor":6},{"not_picked":["Heel Hook","Eviscerate"],"picked":"Infinite Blades","floor":8},{"not_picked":["Sucker Punch","Slice"],"picked":"Backstab","floor":10},{"not_picked":["Dash","Choke"],"picked":"A Thousand Cuts","floor":13},{"not_picked":["Flying Knee","Poisoned Stab"],"picked":"Underhanded Strike","floor":14},{"not_picked":["Phantasmal Killer","Wraith Form v2"],"picked":"Venomology","floor":16},{"not_picked":["Dagger Throw","Flying Knee"],"picked":"Deadly Poison","floor":18},{"not_picked":["Escape Plan","Dagger Throw+1"],"picked":"Crippling Poison+1","floor":20},{"not_picked":["Quick Slash","Outmaneuver"],"picked":"Terror","floor":30},{"not_picked":["Poisoned Stab+1","Bullet Time"],"picked":"Blade Dance","floor":31},{"not_picked":["Die Die Die","Adrenaline"],"picked":"A Thousand Cuts","floor":33},{"not_picked":["Blade Dance+1","Quick Slash+1"],"picked":"Eviscerate+1","floor":35},{"not_picked":["Quick Slash+1","Predator"],"picked":"Backflip","floor":36},{"not_picked":["Blade Dance+1","Dash+1"],"picked":"Acrobatics+1","floor":37},{"not_picked":["Flechettes","Dagger Throw+1"],"picked":"Heel Hook+1","floor":38},{"not_picked":["Dash","Predator"],"picked":"Backflip+1","floor":41},{"not_picked":["Tools of the Trade","Dagger Throw+1"],"picked":"Acrobatics+1","floor":42},{"not_picked":["Flechettes","Flying Knee+1"],"picked":"Endless Agony","floor":44},{"not_picked":["Terror","Dagger Spray","Bouncing Flask+1"],"picked":"SKIP","floor":46},{"not_picked":["Good Instincts","Trip"],"picked":"Secret Weapon","floor":48}],"player_experience":4947,"relics_obtained":[{"floor":6,"key":"Happy Flower"},{"floor":9,"key":"Shuriken"},{"floor":10,"key":"Bronze Scales"},{"floor":26,"key":"Juzu Bracelet"},{"floor":27,"key":"Bag of Marbles"},{"floor":36,"key":"Girya"},{"floor":37,"key":"Incense Burner"},{"floor":43,"key":"Mummified Hand"},{"floor":44,"key":"Orichalcum"}],"event_choices":[{"cards_removed":["Strike_G"],"damage_healed":0,"gold_gain":0,"player_choice":"Card Removal","damage_taken":7,"max_hp_gain":0,"max_hp_loss":0,"event_name":"Golden Wing","floor":2,"gold_loss":0},{"cards_removed":["Strike_G"],"damage_healed":0,"gold_gain":0,"player_choice":"Card Removal","damage_taken":0,"max_hp_gain":0,"max_hp_loss":0,"event_name":"The Cleric","floor":3,"gold_loss":50},{"damage_healed":0,"gold_gain":0,"player_choice":"Entered Light","damage_taken":14,"max_hp_gain":0,"max_hp_loss":0,"event_name":"Shining Light","floor":4,"gold_loss":0,"cards_upgraded":["Survivor","Defend_G"]},{"damage_healed":0,"gold_gain":0,"player_choice":"Take Damage","damage_taken":17,"relics_obtained":["Golden Idol"],"max_hp_gain":0,"max_hp_loss":0,"event_name":"Golden Idol","floor":11,"gold_loss":0},{"damage_healed":0,"gold_gain":0,"player_choice":"Joined the Cult","damage_taken":6,"max_hp_gain":0,"max_hp_loss":0,"event_name":"Nest","floor":19,"gold_loss":0,"cards_obtained":["RitualDagger"]},{"damage_healed":0,"gold_gain":0,"player_choice":"Became a vampire","damage_taken":0,"max_hp_gain":0,"max_hp_loss":21,"event_name":"Vampires","floor":22,"gold_loss":0,"cards_obtained":["Bite","Bite","Bite","Bite","Bite"]},{"damage_healed":0,"gold_gain":0,"player_choice":"Gave Idol","damage_taken":0,"relics_obtained":["Bloody Idol"],"max_hp_gain":0,"max_hp_loss":0,"event_name":"Forgotten Altar","floor":28,"relics_lost":["Golden Idol"],"gold_loss":0},{"damage_healed":0,"gold_gain":0,"player_choice":"Fight","damage_taken":0,"max_hp_gain":0,"max_hp_loss":0,"event_name":"Mysterious Sphere","floor":36,"gold_loss":0},{"damage_healed":0,"gold_gain":0,"player_choice":"Fight","damage_taken":0,"max_hp_gain":0,"max_hp_loss":0,"event_name":"MindBloom","floor":37,"gold_loss":0},{"damage_healed":0,"gold_gain":0,"player_choice":"Ignored","damage_taken":0,"max_hp_gain":0,"max_hp_loss":0,"event_name":"Tomb of Lord Red Mask","floor":39,"gold_loss":0},{"damage_healed":0,"gold_gain":0,"player_choice":"Memory 1","damage_taken":0,"max_hp_gain":0,"max_hp_loss":0,"event_name":"SensoryStone","floor":48,"gold_loss":0}],"is_beta":false,"boss_relics":[{"not_picked":["Cursed Key","Lizard Tail"],"picked":"Ring of the Serpent"},{"not_picked":["Snecko Eye","Eternal Feather"],"picked":"HoveringKite"}],"items_purged_floors":[45],"is_endless":false,"potions_floor_spawned":[10,13,14,16,20,30,33,36,37,42,44],"ascension_level":0}