{"gold_per_floor":[116,291,23,43,43,43,75,85,139,139,172,172,30,41,41,119,169,179,198,198,214,68,68],"floor_reached":23,"playtime":1288,"items_purged":["Doubt"],"score":328,"play_id":"2af7008b-780d-48f2-becf-2af13cfef2fa","local_time":"20181024230524","is_ascension_mode":true,"campfire_choices":[{"data":"Apotheosis","floor":6.0,"key":"SMITH"},{"data":"Flame Barrier","floor":12.0,"key":"SMITH"},{"data":"Battle Trance","floor":15.0,"key":"SMITH"}],"neow_cost":"NONE","seed_source_timestamp":1262669022454603,"circlet_count":0,"master_deck":["Strike_R","Strike_R","Strike_R+1","Strike_R","Strike_R","Defend_R","Defend_R","Defend_R","Defend_R","Bash","AscendersBane","Immolate","Apotheosis+1","Burning Pact","Thunderclap","Flame Barrier+1","Whirlwind","Battle Trance+1","Ghostly Armor","RitualDagger"],"special_seed":0,"relics":["Burning Blood","Red Skull","Dream Catcher","CultistMask","Art of War","Tiny House","Vajra"],"potions_floor_usage":[],"damage_taken":[{"damage":2.0,"enemies":"2 Louse","floor":1.0,"turns":3.0},{"damage":0.0,"enemies":"Small Slimes","floor":4.0,"turns":3.0},{"damage":29.0,"enemies":"Gremlin Nob","floor":7.0,"turns":4.0},{"damage":10.0,"enemies":"Jaw Worm","floor":8.0,"turns":4.0},{"damage":20.0,"enemies":"3 Sentries","floor":11.0,"turns":4.0},{"damage":8.0,"enemies":"Blue Slaver","floor":14.0,"turns":3.0},{"damage":30.0,"enemies":"Hexaghost","floor":16.0,"turns":9.0},{"damage":11.0,"enemies":"Shell Parasite","floor":18.0,"turns":8.0},{"damage":5.0,"enemies":"Chosen","floor":19.0,"turns":6.0},{"damage":42.0,"enemies":"Shelled Parasite and Fungi","floor":21.0,"turns":5.0},{"damage":29,"enemies":"Slavers","floor":23,"turns":4}],"seed_played":"-7074209366726239359","potions_obtained":[{"floor":7.0,"key":"EssenceOfSteel"},{"floor":11.0,"key":"SpeedPotion"},{"floor":17.0,"key":"Dexterity Potion"},{"floor":19.0,"key":"PowerPotion"}],"is_trial":false,"path_per_floor":["M","?","$","M","?","R","E","M","T","?","E","R","$","M","R","B",null,"M","M","?","M","$"],"character_chosen":"IRONCLAD","items_purchased":["Apotheosis","Whirlwind","Battle Trance","Vajra"],"campfire_rested":0,"item_purchase_floors":[3,13,13,22],"current_hp_per_floor":[76,76,76,80,85,85,62,58,58,58,44,44,44,42,42,18,73,68,69,63,27,27,0],"gold":68,"neow_bonus":"ONE_RANDOM_RARE_CARD","is_prod":false,"is_daily":false,"chose_seed":false,"campfire_upgraded":3,"win_rate":0,"timestamp":1540415124,"path_taken":["M","?","$","M","?","R","E","M","T","?","E","R","$","M","R","BOSS","M","M","?","?","$","E"],"build_version":"2018-10-23","purchased_purges":1,"victory":false,"max_hp_per_floor":[80,80,80,80,85,85,85,85,85,85,85,85,85,85,85,85,90,90,90,90,90,90,90],"card_choices":[{"not_picked":["Wild Strike","Sword Boomerang","Clash"],"picked":"SKIP","floor":1.0},{"not_picked":["Reckless Charge","Heavy Blade","Clothesline"],"picked":"SKIP","floor":4.0},{"not_picked":["Wild Strike","Iron Wave"],"picked":"Burning Pact","floor":7.0},{"not_picked":["Inflame","Clothesline"],"picked":"Thunderclap","floor":8.0},{"not_picked":["Inflame","Sword Boomerang","Flame Barrier"],"picked":"SKIP","floor":11.0},{"not_picked":["Inflame","Sword Boomerang"],"picked":"Flame Barrier","floor":11.0},{"not_picked":["Thunderclap","Heavy Blade","Infernal Blade"],"picked":"SKIP","floor":14.0},{"not_picked":["Blood for Blood","Rage"],"picked":"Ghostly Armor","floor":17.0},{"not_picked":["Anger","Iron Wave","Pommel Strike"],"picked":"SKIP","floor":18.0},{"not_picked":["Dropkick","Iron Wave","Blood for Blood"],"picked":"SKIP","floor":19.0},{"not_picked":["Warcry","Whirlwind","Headbutt"],"picked":"SKIP","floor":21.0}],"player_experience":398650,"relics_obtained":[{"floor":7.0,"key":"Red Skull"},{"floor":9.0,"key":"Dream Catcher"},{"floor":11.0,"key":"Art of War"}],"event_choices":[{"damage_healed":0.0,"max_hp_gain":0.0,"max_hp_loss":0.0,"gold_gain":175.0,"event_name":"Liars Game","player_choice":"AGREE","floor":2.0,"gold_loss":0.0,"damage_taken":0.0,"cards_obtained":["Doubt"]},{"damage_healed":0.0,"max_hp_gain":5.0,"max_hp_loss":0.0,"gold_gain":0.0,"event_name":"Big Fish","player_choice":"Donut","floor":5.0,"gold_loss":0.0,"damage_taken":0.0},{"damage_healed":0.0,"max_hp_gain":0.0,"max_hp_loss":0.0,"gold_gain":0.0,"event_name":"FaceTrader","player_choice":"Trade","floor":10.0,"gold_loss":0.0,"damage_taken":0.0,"relics_obtained":["CultistMask"]},{"damage_healed":0.0,"max_hp_gain":0.0,"max_hp_loss":0.0,"gold_gain":0.0,"event_name":"Nest","player_choice":"Joined the Cult","floor":20.0,"gold_loss":0.0,"damage_taken":6.0,"cards_obtained":["RitualDagger"]}],"is_beta":true,"boss_relics":[{"not_picked":["Runic Dome","Lizard Tail"],"picked":"Tiny House"}],"items_purged_floors":[3],"is_endless":false,"potions_floor_spawned":[7,11,16,19],"killed_by":"Slavers","ascension_level":13}