{"gold_per_floor":[114,127,138,156,166,166,146,146,171,171,201,126,154,72,72,168,168,186,206,220,233,251,251,284,284,284,298,316,73,73,73,73,178,178,195,208,308,308,358,383,397,431,458,458,474,494,494,506,506,506],"floor_reached":51,"playtime":4584,"items_purged":["Strike_B"],"score":949,"play_id":"6cb16429-5931-4a13-b92a-ff6a4bc2276d","local_time":"20190203152739","is_ascension_mode":true,"campfire_choices":[{"data":"White Noise","floor":6.0,"key":"SMITH"},{"data":"Zap","floor":8.0,"key":"SMITH"},{"data":"Hologram","floor":10.0,"key":"SMITH"},{"data":"Storm","floor":15.0,"key":"SMITH"},{"data":"Capacitor","floor":23.0,"key":"SMITH"},{"data":"Buffer","floor":25.0,"key":"SMITH"},{"data":"Conserve Battery","floor":30.0,"key":"SMITH"},{"data":"Loop","floor":32.0,"key":"SMITH"},{"data":"Echo Form","floor":44,"key":"SMITH"},{"data":"Capacitor","floor":47,"key":"SMITH"},{"data":"Skim","floor":49,"key":"SMITH"}],"neow_cost":"TEN_PERCENT_HP_LOSS","seed_source_timestamp":0,"circlet_count":0,"master_deck":["Strike_B+1","Defend_B","Defend_B","Defend_B","Defend_B","Zap+1","Dualcast","White Noise+1","Core Surge+1","Ball Lightning","Capacitor+1","Hologram+1","Capacitor+1","Leap","Electrodynamics","Storm+1","Echo Form+1","Loop+1","FTL","Force Field","Undo+1","Double Energy+1","Buffer+1","Force Field+1","Conserve Battery+1","Machine Learning","Defragment+1","Finesse","Machine Learning","Skim+1"],"special_seed":0,"relics":["FrozenCore","Oddly Smooth Stone","Whetstone","Centennial Puzzle","Coffee Dripper","Happy Flower","Dodecahedron","Pantograph","StoneCalendar","Bag of Preparation","Darkstone Periapt","Bronze Scales","Blood Vial"],"potions_floor_usage":[33,42,50,50],"damage_taken":[{"damage":0.0,"enemies":"Cultist","floor":1.0,"turns":3.0},{"damage":4.0,"enemies":"Small Slimes","floor":2.0,"turns":3.0},{"damage":1.0,"enemies":"2 Louse","floor":3.0,"turns":2.0},{"damage":3.0,"enemies":"Blue Slaver","floor":4.0,"turns":3.0},{"damage":10.0,"enemies":"3 Louse","floor":5.0,"turns":4.0},{"damage":16.0,"enemies":"Gremlin Nob","floor":11.0,"turns":3.0},{"damage":4.0,"enemies":"3 Sentries","floor":13.0,"turns":2.0},{"damage":0.0,"enemies":"Slime Boss","floor":16.0,"turns":4.0},{"damage":0.0,"enemies":"Spheric Guardian","floor":18.0,"turns":4.0},{"damage":5.0,"enemies":"Shell Parasite","floor":19.0,"turns":4.0},{"damage":18.0,"enemies":"Snecko","floor":20.0,"turns":3.0},{"damage":10.0,"enemies":"3 Cultists","floor":21.0,"turns":4.0},{"damage":3.0,"enemies":"Snake Plant","floor":22.0,"turns":3.0},{"damage":18.0,"enemies":"Book of Stabbing","floor":24.0,"turns":4.0},{"damage":6.0,"enemies":"Cultist and Chosen","floor":27.0,"turns":3.0},{"damage":0.0,"enemies":"3 Cultists","floor":28.0,"turns":2.0},{"damage":11,"enemies":"Automaton","floor":33,"turns":8},{"damage":16,"enemies":"3 Darklings","floor":35,"turns":3},{"damage":5,"enemies":"3 Shapes","floor":36,"turns":3},{"damage":13,"enemies":"Mind Bloom Boss Battle","floor":37,"turns":5},{"damage":0,"enemies":"Nemesis","floor":40,"turns":5},{"damage":0,"enemies":"3 Darklings","floor":41,"turns":5},{"damage":0,"enemies":"Giant Head","floor":42,"turns":8},{"damage":0,"enemies":"Writhing Mass","floor":45,"turns":5},{"damage":0,"enemies":"Sphere and 2 Shapes","floor":46,"turns":2},{"damage":0,"enemies":"Maw","floor":48,"turns":5},{"damage":5,"enemies":"Donu and Deca","floor":50,"turns":6}],"seed_played":"-7141910159782659814","potions_obtained":[{"floor":4.0,"key":"FocusPotion"},{"floor":5.0,"key":"GamblersBrew"},{"floor":7.0,"key":"Weak Potion"},{"floor":13.0,"key":"AttackPotion"},{"floor":20.0,"key":"SkillPotion"},{"floor":21.0,"key":"Dexterity Potion"},{"floor":24.0,"key":"SkillPotion"},{"floor":28.0,"key":"Fire Potion"},{"floor":33,"key":"EssenceOfSteel"},{"floor":36,"key":"AttackPotion"},{"floor":48,"key":"Energy Potion"}],"is_trial":false,"path_per_floor":["M","M","M","M","M","R","?","R","T","R","E","$","E","$","R","B",null,"M","M","M","M","M","R","E","R","T","M","M","$","R","$","R","B",null,"M","M","?","?","T","E","M","E","T","R","M","M","R","M","R","B",null],"character_chosen":"DEFECT","items_purchased":["Storm","Pantograph"],"campfire_rested":0,"item_purchase_floors":[14,29],"current_hp_per_floor":[68,64,63,60,50,50,50,50,50,50,34,34,30,30,30,30,68,68,63,45,35,32,32,14,14,14,8,8,8,8,8,8,22,68,52,47,55,55,55,55,55,55,55,55,57,59,59,61,61,63],"gold":506,"neow_bonus":"TRANSFORM_TWO_CARDS","is_prod":false,"is_daily":false,"chose_seed":false,"campfire_upgraded":11,"win_rate":1,"timestamp":1549204059,"path_taken":["M","M","?","M","M","R","?","R","T","R","E","$","E","?","R","BOSS","M","M","M","M","M","R","E","R","T","M","M","$","R","$","R","BOSS","M","M","?","?","?","E","M","E","T","R","M","M","R","M","R","BOSS"],"build_version":"2019-01-23","purchased_purges":1,"victory":true,"max_hp_per_floor":[68,68,68,68,68,68,68,68,68,68,68,68,68,68,68,68,68,68,68,68,68,68,68,68,68,68,68,68,68,68,68,68,68,68,68,68,68,68,68,68,68,68,68,68,68,68,68,68,68,68],"card_choices":[{"not_picked":["Beam Cell","Sweeping Beam"],"picked":"Ball Lightning","floor":1.0},{"not_picked":["Stack","Reinforced Body"],"picked":"Capacitor","floor":2.0},{"not_picked":["Chaos","Gash"],"picked":"Hologram","floor":3.0},{"not_picked":["Rip and Tear","Melter"],"picked":"Capacitor","floor":4.0},{"not_picked":["Steam Power","Compile Driver"],"picked":"Leap","floor":5.0},{"not_picked":["Skim","Conserve Battery"],"picked":"Electrodynamics","floor":11.0},{"not_picked":["Turbo","Beam Cell","Recycle"],"picked":"SKIP","floor":13.0},{"not_picked":["Buffer","Reboot"],"picked":"Echo Form","floor":16.0},{"not_picked":["Leap","Stack+1"],"picked":"Loop","floor":18.0},{"not_picked":["Hologram","Gash+1"],"picked":"FTL","floor":19.0},{"not_picked":["Rebound","Undo+1"],"picked":"Force Field","floor":20.0},{"not_picked":["Gash","Hello World+1"],"picked":"Undo+1","floor":21.0},{"not_picked":["Recycle+1","Hologram"],"picked":"Double Energy+1","floor":22.0},{"not_picked":["Hologram","Static Discharge"],"picked":"Buffer","floor":24.0},{"not_picked":["Ball Lightning","Sweeping Beam"],"picked":"Force Field+1","floor":27.0},{"not_picked":["Hello World","Cold Snap"],"picked":"Conserve Battery","floor":28.0},{"not_picked":["Hyperbeam","Multi-Cast"],"picked":"Machine Learning","floor":33},{"not_picked":["Beam Cell+1","Coolheaded","Redo+1"],"picked":"SKIP","floor":35},{"not_picked":["Compile Driver","Conserve Battery+1"],"picked":"Defragment+1","floor":36},{"not_picked":["Purity","Discovery"],"picked":"Finesse","floor":38},{"not_picked":["Cold Snap+1","Steam","Compile Driver+1"],"picked":"SKIP","floor":40},{"not_picked":["Beam Cell","Compile Driver+1"],"picked":"Machine Learning","floor":41},{"not_picked":["Go for the Eyes","Turbo+1","Barrage"],"picked":"SKIP","floor":42},{"not_picked":["Chaos","Force Field+1","Recycle"],"picked":"SKIP","floor":45},{"not_picked":["Multi-Cast","Barrage+1","Coolheaded"],"picked":"SKIP","floor":46},{"not_picked":["Loop+1","Recycle"],"picked":"Skim","floor":48}],"player_experience":82380,"relics_obtained":[{"floor":9.0,"key":"Oddly Smooth Stone"},{"floor":11.0,"key":"Whetstone"},{"floor":13.0,"key":"Centennial Puzzle"},{"floor":24.0,"key":"Happy Flower"},{"floor":26.0,"key":"Dodecahedron"},{"floor":37,"key":"StoneCalendar"},{"floor":39,"key":"Bag of Preparation"},{"floor":40,"key":"Darkstone Periapt"},{"floor":42,"key":"Bronze Scales"},{"floor":43,"key":"Blood Vial"}],"event_choices":[{"damage_healed":0.0,"max_hp_gain":0.0,"max_hp_loss":0.0,"gold_gain":0.0,"event_name":"The Woman in Blue","player_choice":"Bought 1 Potion","floor":7.0,"gold_loss":0.0,"damage_taken":0.0},{"damage_healed":0,"gold_gain":0,"player_choice":"Fight","damage_taken":0,"max_hp_gain":0,"max_hp_loss":0,"event_name":"MindBloom","floor":37,"gold_loss":0},{"damage_healed":0,"gold_gain":0,"player_choice":"Memory 1","damage_taken":0,"max_hp_gain":0,"max_hp_loss":0,"event_name":"SensoryStone","floor":38,"gold_loss":0}],"is_beta":false,"boss_relics":[{"not_picked":["Philosopher\u0027s Stone","Snecko Eye"],"picked":"Coffee Dripper"},{"not_picked":["Fusion Hammer","Inserter"],"picked":"FrozenCore"}],"items_purged_floors":[12],"is_endless":false,"potions_floor_spawned":[4,5,13,20,21,24,28,33,36,41,48],"ascension_level":4}