{"gold_per_floor":[112,123,142,242,258,288,302,302,329,304,323,177,177,196,196,196],"floor_reached":16,"playtime":978,"items_purged":["Strike_B"],"score":109,"play_id":"fe213cd6-1296-4dfc-9fa9-6c93f889ec3f","local_time":"20190129225047","is_ascension_mode":true,"campfire_choices":[{"data":"Conserve Battery","floor":8,"key":"SMITH"},{"data":"Leap","floor":15,"key":"SMITH"}],"neow_cost":"NONE","seed_source_timestamp":1268916357644100,"circlet_count":0,"master_deck":["Strike_B","Strike_B","Strike_B","Defend_B","Defend_B","Defend_B","Defend_B","Zap","Dualcast","Cold Snap+1","Conserve Battery+1","Cold Snap+1","Leap+1","Sweeping Beam","Leap","BootSequence","Self Repair","Parasite","Self Repair"],"relics":["Cracked Core","Whetstone"],"potions_floor_usage":[6],"damage_taken":[{"damage":0,"enemies":"2 Louse","floor":1,"turns":2},{"damage":3,"enemies":"Cultist","floor":2,"turns":4},{"damage":1,"enemies":"Jaw Worm","floor":3,"turns":3},{"damage":1,"enemies":"Exordium Thugs","floor":5,"turns":6},{"damage":29,"enemies":"Gremlin Nob","floor":6,"turns":6},{"damage":9,"enemies":"Exordium Wildlife","floor":7,"turns":5},{"damage":1,"enemies":"2 Fungi Beasts","floor":11,"turns":3},{"damage":0,"enemies":"3 Louse","floor":14,"turns":3},{"damage":65,"enemies":"Hexaghost","floor":16,"turns":16}],"seed_played":"-1164160477323582422","potions_obtained":[{"floor":2,"key":"EssenceOfSteel"},{"floor":5,"key":"Energy Potion"},{"floor":14,"key":"GamblersBrew"}],"is_trial":false,"path_per_floor":["M","M","M","?","M","E","M","R","T","?","M","$","?","M","R","B"],"character_chosen":"DEFECT","items_purchased":["Self Repair"],"campfire_rested":0,"item_purchase_floors":[12],"current_hp_per_floor":[82,79,78,78,77,48,39,39,39,39,38,38,58,65,65,0],"gold":196,"neow_bonus":"TEN_PERCENT_HP_BONUS","is_prod":false,"is_daily":false,"chose_seed":false,"campfire_upgraded":2,"win_rate":0,"timestamp":1548820247,"path_taken":["M","M","M","?","M","E","?","R","T","?","M","$","?","M","R","BOSS"],"build_version":"2019-01-23","purchased_purges":1,"victory":false,"max_hp_per_floor":[82,82,82,82,82,82,82,82,82,82,82,82,82,82,82,82],"card_choices":[{"not_picked":["Stack","Leap"],"picked":"Cold Snap","floor":1},{"not_picked":["Barrage","Streamline"],"picked":"Conserve Battery","floor":2},{"not_picked":["Aggregate","Hologram"],"picked":"Cold Snap","floor":3},{"not_picked":["Ball Lightning","Static Discharge"],"picked":"Leap","floor":5},{"not_picked":["Fusion","Loop"],"picked":"Sweeping Beam","floor":6},{"not_picked":["Sweeping Beam","Steam"],"picked":"Leap","floor":7},{"not_picked":["Recycle","Auto Shields"],"picked":"BootSequence","floor":11},{"not_picked":["Cold Snap","Rebound"],"picked":"Self Repair","floor":14}],"player_experience":93248,"relics_obtained":[{"floor":6,"key":"Whetstone"}],"event_choices":[{"damage_healed":0,"gold_gain":100,"player_choice":"Gold","damage_taken":0,"max_hp_gain":0,"max_hp_loss":0,"event_name":"Wheel of Change","floor":4,"gold_loss":0},{"damage_healed":0,"gold_gain":0,"player_choice":"Left Gold","damage_taken":0,"max_hp_gain":0,"max_hp_loss":0,"event_name":"World of Goop","floor":10,"gold_loss":25},{"damage_healed":20,"gold_gain":0,"player_choice":"Healed and dodged fight","damage_taken":0,"max_hp_gain":0,"max_hp_loss":0,"event_name":"Mushrooms","floor":13,"gold_loss":0,"cards_obtained":["Parasite"]}],"is_beta":false,"boss_relics":[],"items_purged_floors":[12],"is_endless":false,"potions_floor_spawned":[2,5,14],"killed_by":"Hexaghost","ascension_level":1}