{"gold_per_floor":[119,294,294,294,313,341,341,351,377,420,448,491,503,547,559,672,684,709,721,750,141,151,151,182,281,281,4,4,30,30,40,40,144,144,154,154,21,39,39,39,52,52,52,68,84,101,101,101,101,101],"floor_reached":51,"playtime":4020,"items_purged":["Doubt"],"score":991,"play_id":"2b04e43b-cf04-41ec-a0d7-d5df394ac4fb","local_time":"20190128234015","is_ascension_mode":true,"campfire_choices":[{"data":"Buffer","floor":7.0,"key":"SMITH"},{"floor":13.0,"key":"REST"},{"data":"Rebound","floor":15.0,"key":"SMITH"},{"data":"Leap","floor":23,"key":"SMITH"},{"floor":30,"key":"REST"},{"floor":32,"key":"REST"},{"data":"Double Energy","floor":40,"key":"SMITH"},{"data":"Echo Form","floor":42,"key":"SMITH"},{"data":"Storm","floor":47,"key":"SMITH"},{"data":"Coolheaded","floor":49,"key":"SMITH"}],"neow_cost":"NONE","seed_source_timestamp":0,"circlet_count":0,"master_deck":["Strike_B","Strike_B","Strike_B","Defend_B","Defend_B","Defend_B","Defend_B","Zap","Dualcast","Sweeping Beam+1","Storm+1","Coolheaded+1","Buffer+1","Ball Lightning","Rebound+1","Gash","Leap+1","Echo Form+1","Hello World+1","Master of Strategy","Defragment+1","Flash of Steel","Double Energy+1","Core Surge","Buffer+1","Gash","Leap+1","Skim+1","Go for the Eyes","Fission+1","Glacier+1","Leap+1","Good Instincts+1","Finesse+1","Good Instincts+1"],"special_seed":0,"relics":["Cracked Core","NeowsBlessing","Oddly Smooth Stone","MawBank","PreservedInsect","Bird Faced Urn","Peace Pipe","Nuclear Battery","Kunai","Toxic Egg 2","Boot","DollysMirror","Pear","Sozu","Pen Nib"],"potions_floor_usage":[20,20,24],"damage_taken":[{"damage":0.0,"enemies":"2 Louse","floor":1.0,"turns":1.0},{"damage":0.0,"enemies":"Small Slimes","floor":5.0,"turns":1.0},{"damage":0.0,"enemies":"3 Sentries","floor":6.0,"turns":1.0},{"damage":0.0,"enemies":"Cultist","floor":8.0,"turns":3.0},{"damage":4.0,"enemies":"Gremlin Nob","floor":10.0,"turns":5.0},{"damage":30.0,"enemies":"Gremlin Gang","floor":11.0,"turns":3.0},{"damage":4.0,"enemies":"3 Sentries","floor":12.0,"turns":5.0},{"damage":0.0,"enemies":"Gremlin Nob","floor":14.0,"turns":4.0},{"damage":0.0,"enemies":"Slime Boss","floor":16.0,"turns":7.0},{"damage":0,"enemies":"Spheric Guardian","floor":18,"turns":4},{"damage":22,"enemies":"3 Byrds","floor":20,"turns":4},{"damage":21,"enemies":"Shelled Parasite and Fungi","floor":22,"turns":6},{"damage":22,"enemies":"Slavers","floor":24,"turns":4},{"damage":26,"enemies":"Book of Stabbing","floor":29,"turns":5},{"damage":23,"enemies":"Snake Plant","floor":31,"turns":4},{"damage":36,"enemies":"Champ","floor":33,"turns":11},{"damage":10,"enemies":"Orb Walker","floor":35,"turns":5},{"damage":0,"enemies":"3 Shapes","floor":38,"turns":6},{"damage":17,"enemies":"Sphere and 2 Shapes","floor":41,"turns":5},{"damage":18,"enemies":"Spire Growth","floor":44,"turns":6},{"damage":0,"enemies":"4 Shapes","floor":45,"turns":7},{"damage":0,"enemies":"Maw","floor":46,"turns":8},{"damage":27,"enemies":"Time Eater","floor":50,"turns":14}],"seed_played":"-7625517979223663881","potions_obtained":[{"floor":5.0,"key":"Block Potion"},{"floor":6.0,"key":"Fire Potion"},{"floor":14.0,"key":"Weak Potion"},{"floor":16.0,"key":"SkillPotion"},{"floor":22,"key":"GamblersBrew"},{"floor":24,"key":"FearPotion"}],"is_trial":false,"path_per_floor":["M","?","?","?","M","E","R","M","T","E","M","E","R","E","R","B",null,"M","?","M","$","M","R","E","?","T","$","?","E","R","M","R","B",null,"M","?","$","M","?","R","M","R","T","M","M","M","R","?","R","B",null],"character_chosen":"DEFECT","items_purchased":["Kunai","Master of Strategy","Defragment","Flash of Steel","DollysMirror","Gash","Leap+1","Leap+1","Good Instincts+1"],"campfire_rested":3,"item_purchase_floors":[21,21,21,21,27,27,27,37,37],"current_hp_per_floor":[75,75,75,75,75,75,75,75,75,71,41,37,59,63,63,65,75,75,61,47,47,38,38,22,22,22,22,27,19,46,35,62,40,90,90,90,90,90,80,80,77,77,77,73,83,90,90,90,90,69],"gold":101,"neow_bonus":"THREE_ENEMY_KILL","is_prod":false,"is_daily":false,"chose_seed":false,"campfire_upgraded":7,"win_rate":0,"timestamp":1548715215,"path_taken":["M","?","?","?","M","E","R","?","T","E","?","E","R","E","R","BOSS","M","?","M","$","M","R","E","?","T","?","?","E","R","M","R","BOSS","M","?","?","M","?","R","M","R","T","M","M","M","R","?","R","BOSS"],"build_version":"2019-01-23","purchased_purges":1,"victory":true,"max_hp_per_floor":[75,75,75,75,75,75,75,75,75,75,75,75,75,75,75,75,75,75,80,80,80,80,80,80,80,80,80,80,90,90,90,90,90,90,90,90,90,90,90,90,90,90,90,90,90,90,90,90,90,90],"card_choices":[{"not_picked":["Compile Driver","Rip and Tear"],"picked":"Sweeping Beam","floor":1.0},{"not_picked":["Compile Driver","Stack"],"picked":"Coolheaded","floor":5.0},{"not_picked":["Conserve Battery","Aggregate"],"picked":"Buffer","floor":6.0},{"not_picked":["Capacitor","Steam"],"picked":"Ball Lightning","floor":8.0},{"not_picked":["Turbo","Streamline"],"picked":"Rebound","floor":10.0},{"not_picked":["Steam","Stack"],"picked":"Gash","floor":11.0},{"not_picked":["Cold Snap","Steam Power"],"picked":"Leap","floor":12.0},{"not_picked":["Ball Lightning","Stack","Rebound"],"picked":"SKIP","floor":14.0},{"not_picked":["Rainbow","Fission"],"picked":"Echo Form","floor":16.0},{"not_picked":["Compile Driver","Lockon"],"picked":"Hello World+1","floor":18},{"not_picked":["Beam Cell","Reprogram"],"picked":"Leap","floor":20},{"not_picked":["Melter+1","Compile Driver"],"picked":"Double Energy","floor":22},{"not_picked":["Redo+1","Leap"],"picked":"Core Surge","floor":24},{"not_picked":["Rebound","Melter"],"picked":"Skim+1","floor":29},{"not_picked":["Redo+1","Turbo+1"],"picked":"Go for the Eyes","floor":31},{"not_picked":["Meteor Strike","Core Surge"],"picked":"Fission+1","floor":33},{"not_picked":["Gash+1","Coolheaded+1"],"picked":"Glacier+1","floor":35},{"not_picked":["Streamline","Cold Snap","Recycle+1"],"picked":"SKIP","floor":38},{"not_picked":["PanicButton+1","Deep Breath+1"],"picked":"Finesse+1","floor":39},{"not_picked":["Chrysalis+1","Swift Strike"],"picked":"Good Instincts+1","floor":39},{"not_picked":["Reprogram+1","Cold Snap+1","Compile Driver"],"picked":"SKIP","floor":41},{"not_picked":["Storm+1","Lockon","Reinforced Body+1"],"picked":"SKIP","floor":44},{"not_picked":["Consume+1","Steam Power+1","Gash"],"picked":"SKIP","floor":45},{"not_picked":["Cold Snap+1","Sweeping Beam+1","Compile Driver+1"],"picked":"SKIP","floor":46}],"player_experience":342606,"relics_obtained":[{"floor":6.0,"key":"Oddly Smooth Stone"},{"floor":9.0,"key":"MawBank"},{"floor":10.0,"key":"PreservedInsect"},{"floor":12.0,"key":"Bird Faced Urn"},{"floor":14.0,"key":"Peace Pipe"},{"floor":24,"key":"Toxic Egg 2"},{"floor":26,"key":"Boot"},{"floor":29,"key":"Pear"},{"floor":43,"key":"Pen Nib"}],"event_choices":[{"damage_healed":0.0,"max_hp_gain":0.0,"max_hp_loss":0.0,"gold_gain":175.0,"event_name":"Liars Game","player_choice":"AGREE","floor":2.0,"gold_loss":0.0,"damage_taken":0.0,"cards_obtained":["Doubt"]},{"damage_healed":0.0,"max_hp_gain":0.0,"max_hp_loss":0.0,"gold_gain":0.0,"event_name":"Living Wall","player_choice":"Grow","floor":3.0,"gold_loss":0.0,"damage_taken":0.0,"cards_upgraded":["Sweeping Beam"]},{"damage_healed":0.0,"max_hp_gain":0.0,"max_hp_loss":0.0,"gold_gain":0.0,"cards_transformed":["Strike_B"],"event_name":"Transmorgrifier","player_choice":"Transformed","floor":4.0,"gold_loss":0.0,"damage_taken":0.0,"cards_obtained":["Storm"]},{"damage_healed":0,"gold_gain":0,"player_choice":"Shed Blood","damage_taken":19,"max_hp_gain":5,"max_hp_loss":0,"event_name":"Forgotten Altar","floor":19,"gold_loss":0},{"damage_healed":0,"gold_gain":99,"player_choice":"Stole From Cult","damage_taken":0,"max_hp_gain":0,"max_hp_loss":0,"event_name":"Nest","floor":25,"gold_loss":0},{"cards_removed":["Leap"],"damage_healed":5,"gold_gain":0,"player_choice":"Offered Common","damage_taken":0,"max_hp_gain":0,"max_hp_loss":0,"event_name":"Bonfire Elementals","floor":28,"gold_loss":0},{"cards_removed":["Leap"],"damage_healed":5,"gold_gain":0,"player_choice":"Offered Special","damage_taken":0,"max_hp_gain":0,"max_hp_loss":0,"event_name":"Bonfire Elementals","floor":28,"gold_loss":0},{"damage_healed":0,"gold_gain":0,"player_choice":"Upgraded","damage_taken":0,"max_hp_gain":0,"max_hp_loss":0,"event_name":"Upgrade Shrine","floor":36,"gold_loss":0,"cards_upgraded":["Defragment"]},{"damage_healed":0,"gold_gain":0,"player_choice":"Memory 3","damage_taken":10,"max_hp_gain":0,"max_hp_loss":0,"event_name":"SensoryStone","floor":39,"gold_loss":0},{"damage_healed":0,"gold_gain":0,"player_choice":"Got Potions","damage_taken":0,"max_hp_gain":0,"max_hp_loss":0,"event_name":"Lab","floor":48,"gold_loss":0}],"is_beta":false,"boss_relics":[{"not_picked":["Runic Pyramid","White Beast Statue"],"picked":"Nuclear Battery"},{"not_picked":["Black Star","Empty Cage"],"picked":"Sozu"}],"items_purged_floors":[21],"is_endless":false,"potions_floor_spawned":[5,6,14,16,22,24,38,46],"ascension_level":4}