{"gold_per_floor":[117,117,117,117,136,159,159,498,498,513,526,526,546,561,561,654,654,669,669,707,238,67,67,82,98,179,104,143,143,143,168,168,263,263,287,302,302,326,344,344,375,375,375,375,375,163,163,223,223,223],"floor_reached":51,"playtime":3147,"items_purged":["Strike_R","Strike_R"],"score":1248,"play_id":"4632a092-8255-4b58-b735-fb316ee6514d","local_time":"20190128165011","is_ascension_mode":true,"campfire_choices":[{"data":"Searing Blow","floor":7.0,"key":"SMITH"},{"data":"Searing Blow+1","floor":12.0,"key":"SMITH"},{"data":"Armaments","floor":15.0,"key":"SMITH"},{"data":"Apotheosis","floor":23.0,"key":"SMITH"},{"data":"Searing Blow+2","floor":29.0,"key":"SMITH"},{"data":"Searing Blow+3","floor":32.0,"key":"SMITH"},{"data":"Searing Blow+4","floor":40.0,"key":"SMITH"},{"data":"Searing Blow+5","floor":44.0,"key":"SMITH"},{"data":"Searing Blow+6","floor":47.0,"key":"SMITH"},{"data":"Searing Blow+7","floor":49.0,"key":"SMITH"}],"neow_cost":"TEN_PERCENT_HP_LOSS","seed_source_timestamp":793478472079585,"circlet_count":0,"master_deck":["AscendersBane","Defend_R","Defend_R","Defend_R","Bash","Iron Wave","Searing Blow+8","Reaper","Headbutt","Armaments+1","Intimidate","Feed","Shockwave","Battle Trance","Apotheosis+1","Seeing Red","Metallicize","Ghostly Armor","Double Tap","Metallicize","Metallicize"],"special_seed":0,"relics":["Black Blood","Golden Idol","Ice Cream","Old Coin","Meat on the Bone","Sozu","Nilry\u0027s Codex","Red Mask","Anchor","Self Forming Clay","Singing Bowl","Toxic Egg 2","Molten Egg 2","Ancient Tea Set","Thread and Needle"],"potions_floor_usage":[],"damage_taken":[{"damage":8.0,"enemies":"2 Louse","floor":1.0,"turns":3.0},{"damage":6.0,"enemies":"Jaw Worm","floor":5.0,"turns":4.0},{"damage":1.0,"enemies":"Cultist","floor":6.0,"turns":4.0},{"damage":35.0,"enemies":"3 Sentries","floor":8.0,"turns":13.0},{"damage":11.0,"enemies":"Looter","floor":10.0,"turns":4.0},{"damage":14.0,"enemies":"Blue Slaver","floor":11.0,"turns":4.0},{"damage":2.0,"enemies":"Exordium Wildlife","floor":13.0,"turns":3.0},{"damage":7.0,"enemies":"Looter","floor":14.0,"turns":3.0},{"damage":32.0,"enemies":"The Guardian","floor":16.0,"turns":12.0},{"damage":22.0,"enemies":"2 Thieves","floor":18.0,"turns":4.0},{"damage":29.0,"enemies":"Masked Bandits","floor":20.0,"turns":6.0},{"damage":14.0,"enemies":"Shell Parasite","floor":24.0,"turns":3.0},{"damage":1.0,"enemies":"Centurion and Healer","floor":25.0,"turns":4.0},{"damage":40.0,"enemies":"Gremlin Leader","floor":28.0,"turns":6.0},{"damage":3.0,"enemies":"Sentry and Sphere","floor":31.0,"turns":4.0},{"damage":34.0,"enemies":"Collector","floor":33.0,"turns":6.0},{"damage":16.0,"enemies":"3 Darklings","floor":35.0,"turns":5.0},{"damage":0.0,"enemies":"Orb Walker","floor":36.0,"turns":4.0},{"damage":7.0,"enemies":"Sphere and 2 Shapes","floor":38.0,"turns":4.0},{"damage":10.0,"enemies":"4 Shapes","floor":39.0,"turns":7.0},{"damage":21.0,"enemies":"Nemesis","floor":41.0,"turns":7.0},{"damage":30.0,"enemies":"2 Orb Walkers","floor":48.0,"turns":6.0},{"damage":44,"enemies":"Awakened One","floor":50,"turns":9}],"seed_played":"3051399283356267984","potions_obtained":[{"floor":6.0,"key":"Ancient Potion"},{"floor":11.0,"key":"Block Potion"},{"floor":14.0,"key":"Swift Potion"},{"floor":16.0,"key":"BloodPotion"}],"is_trial":false,"path_per_floor":["M","?","?","?","M","M","R","E","T","M","M","R","M","M","R","B",null,"M","?","?","$","$","R","M","M","T","?","E","R","?","M","R","B",null,"M","M","?","M","M","R","E","?","T","R","?","$","R","?","R","B",null],"character_chosen":"IRONCLAD","items_purchased":["Battle Trance","Apotheosis","Anchor","Seeing Red","Metallicize","Ancient Tea Set"],"campfire_rested":0,"item_purchase_floors":[21,21,21,22,46,46],"current_hp_per_floor":[66,62,51,51,51,56,56,27,27,34,38,38,42,41,41,32,55,47,26,27,27,27,27,31,48,48,48,41,41,41,51,51,43,64,68,79,79,83,89,89,80,80,80,80,82,82,82,64,64,63],"gold":223,"neow_bonus":"REMOVE_TWO","is_prod":false,"is_daily":false,"chose_seed":false,"campfire_upgraded":10,"win_rate":0,"timestamp":1548690611,"path_taken":["M","?","?","?","?","M","R","E","T","M","M","R","M","M","R","BOSS","M","?","?","?","$","R","M","M","T","?","E","R","?","?","R","BOSS","M","M","?","M","?","R","E","?","T","R","?","$","R","?","R","BOSS"],"build_version":"2019-01-23","purchased_purges":2,"victory":true,"max_hp_per_floor":[68,62,62,62,62,62,62,62,62,62,62,62,62,62,62,62,62,62,62,65,65,65,65,65,65,65,65,65,65,65,71,71,71,71,73,79,79,83,89,89,91,86,86,86,88,88,88,90,90,94],"card_choices":[{"not_picked":["Heavy Blade","True Grit"],"picked":"Iron Wave","floor":1.0},{"not_picked":["Clothesline","Entrench","Heavy Blade"],"picked":"SKIP","floor":5.0},{"not_picked":["Clothesline","Entrench","Heavy Blade"],"picked":"SKIP","floor":5.0},{"not_picked":["Combust","Wild Strike"],"picked":"Searing Blow","floor":6.0},{"not_picked":["Havoc","Fire Breathing"],"picked":"Reaper","floor":8.0},{"not_picked":["Sever Soul","Power Through","Perfected Strike"],"picked":"SKIP","floor":10.0},{"not_picked":["Perfected Strike","Wild Strike"],"picked":"Headbutt","floor":11.0},{"not_picked":["Warcry","Twin Strike"],"picked":"Armaments","floor":13.0},{"not_picked":["Wild Strike","Perfected Strike"],"picked":"Intimidate","floor":14.0},{"not_picked":["Offering","Exhume"],"picked":"Feed","floor":16.0},{"not_picked":["Sword Boomerang+1","Twin Strike"],"picked":"Shockwave","floor":18.0},{"not_picked":["Iron Wave","Thunderclap"],"picked":"Metallicize","floor":24.0},{"not_picked":["Pummel","Clash","Twin Strike+1"],"picked":"SKIP","floor":25.0},{"not_picked":["Uppercut+1","Sentinel"],"picked":"Ghostly Armor","floor":28.0},{"not_picked":["Burning Pact","Clothesline","Demon Form"],"picked":"Singing Bowl","floor":31.0},{"not_picked":["Fiend Fire","Demon Form"],"picked":"Double Tap","floor":33.0},{"not_picked":["Anger","Clash","Cleave"],"picked":"Singing Bowl","floor":35.0},{"not_picked":["Searing Blow","Reckless Charge","Wild Strike"],"picked":"Singing Bowl","floor":36.0},{"not_picked":["Iron Wave+1","Twin Strike"],"picked":"Metallicize","floor":38.0},{"not_picked":["Power Through","Flex","Wild Strike"],"picked":"Singing Bowl","floor":39.0},{"not_picked":["Evolve","Disarm","Thunderclap"],"picked":"Singing Bowl","floor":41.0},{"not_picked":["Impatience+1","Deep Breath+1","The Bomb+1"],"picked":"Singing Bowl","floor":45.0},{"not_picked":["Infernal Blade+1","Cleave+1","Evolve"],"picked":"Singing Bowl","floor":48.0}],"player_experience":654794,"relics_obtained":[{"floor":8.0,"key":"Old Coin"},{"floor":9.0,"key":"Meat on the Bone"},{"floor":19.0,"key":"Nilry\u0027s Codex"},{"floor":20.0,"key":"Red Mask"},{"floor":26.0,"key":"Self Forming Clay"},{"floor":28.0,"key":"Singing Bowl"},{"floor":41.0,"key":"Toxic Egg 2"},{"floor":43.0,"key":"Molten Egg 2"},{"floor":48.0,"key":"Thread and Needle"}],"event_choices":[{"damage_healed":0.0,"max_hp_gain":0.0,"max_hp_loss":6.0,"gold_gain":0.0,"event_name":"Golden Idol","player_choice":"Lose Max HP","floor":2.0,"gold_loss":0.0,"damage_taken":0.0,"relics_obtained":["Golden Idol"]},{"damage_healed":0.0,"max_hp_gain":0.0,"max_hp_loss":0.0,"gold_gain":0.0,"event_name":"Scrap Ooze","player_choice":"Success","floor":3.0,"gold_loss":0.0,"damage_taken":11.0,"relics_obtained":["Ice Cream"]},{"cards_removed":["Strike_R"],"damage_healed":0.0,"max_hp_gain":0.0,"max_hp_loss":0.0,"gold_gain":0.0,"event_name":"Bonfire Elementals","player_choice":"Offered Basic","floor":4.0,"gold_loss":0.0,"damage_taken":0.0},{"damage_healed":0.0,"max_hp_gain":0.0,"max_hp_loss":0.0,"gold_gain":0.0,"event_name":"Cursed Tome","player_choice":"Obtained Book","floor":19.0,"gold_loss":0.0,"damage_taken":21.0},{"damage_healed":0.0,"max_hp_gain":0.0,"max_hp_loss":0.0,"gold_gain":0.0,"event_name":"Masked Bandits","player_choice":"Fought Bandits","floor":20.0,"gold_loss":0.0,"damage_taken":0.0},{"cards_removed":["Strike_R"],"damage_healed":0.0,"max_hp_gain":0.0,"max_hp_loss":0.0,"gold_gain":0.0,"event_name":"Beggar","player_choice":"Gave Gold","floor":27.0,"gold_loss":75.0,"damage_taken":0.0},{"damage_healed":0.0,"max_hp_gain":0.0,"max_hp_loss":0.0,"gold_gain":0.0,"event_name":"N\u0027loth","player_choice":"Ignored","floor":30.0,"gold_loss":0.0,"damage_taken":0.0},{"damage_healed":0.0,"max_hp_gain":0.0,"max_hp_loss":0.0,"gold_gain":0.0,"event_name":"Wheel of Change","player_choice":"Full Heal","floor":37.0,"gold_loss":0.0,"damage_taken":0.0},{"damage_healed":0.0,"max_hp_gain":0.0,"max_hp_loss":5.0,"gold_gain":0.0,"event_name":"Winding Halls","player_choice":"Max HP","floor":42.0,"gold_loss":0.0,"damage_taken":0.0},{"damage_healed":0.0,"max_hp_gain":0.0,"max_hp_loss":0.0,"gold_gain":0.0,"event_name":"SensoryStone","player_choice":"Memory 1","floor":45.0,"gold_loss":0.0,"damage_taken":0.0},{"damage_healed":0.0,"max_hp_gain":0.0,"max_hp_loss":0.0,"gold_gain":0.0,"event_name":"Mysterious Sphere","player_choice":"Fight","floor":48.0,"gold_loss":0.0,"damage_taken":0.0}],"is_beta":true,"boss_relics":[{"not_picked":["Orrery","Pandora\u0027s Box"],"picked":"Sozu"},{"not_picked":["Mark of Pain","Tiny House"],"picked":"Black Blood"}],"items_purged_floors":[21,22],"is_endless":false,"potions_floor_spawned":[6,11,14,16,25,28,33,35,41],"ascension_level":15}