{"gold_per_floor":[211,230,230,245,265,294,308,308,380,390,422,422],"floor_reached":12,"playtime":1172,"items_purged":[],"score":92,"play_id":"da6e8ebc-9983-4f84-bd4a-8b887a683471","local_time":"20180627121633","is_ascension_mode":false,"campfire_choices":[{"data":"Zap","floor":8,"key":"SMITH"}],"neow_cost":"NONE","seed_source_timestamp":42302309029,"circlet_count":0,"master_deck":["Strike_B","Strike_B","Strike_B","Defend_B","Defend_B","Defend_B","Defend_B","Zap+1","Dualcast","Barrage","Leap","Coolheaded","Conserve Battery","Thunder Strike","Ball Lightning","Static Discharge","Fission"],"relics":["Cracked Core","Question Card","Darkstone Periapt","Gambling Chip"],"potions_floor_usage":[6,11,12],"damage_taken":[{"damage":9,"enemies":"Small Slimes","floor":1,"turns":4},{"damage":2,"enemies":"2 Louse","floor":2,"turns":4},{"damage":0,"enemies":"Cultist","floor":4,"turns":5},{"damage":17,"enemies":"Exordium Thugs","floor":5,"turns":4},{"damage":14,"enemies":"Lagavulin","floor":6,"turns":6},{"damage":4,"enemies":"Gremlin Gang","floor":7,"turns":8},{"damage":0,"enemies":"3 Louse","floor":10,"turns":4},{"damage":6,"enemies":"Gremlin Nob","floor":11,"turns":4},{"damage":16,"enemies":"3 Sentries","floor":12,"turns":6}],"seed_played":"-8813364606760040714","potions_obtained":[{"floor":1,"key":"AttackPotion"},{"floor":7,"key":"FearPotion"},{"floor":11,"key":"GamblersBrew"}],"is_trial":false,"path_per_floor":["M","M","?","M","M","E","M","R","T","M","E"],"character_chosen":"DEFECT","items_purchased":[],"campfire_rested":0,"item_purchase_floors":[],"current_hp_per_floor":[66,64,57,57,40,26,22,22,22,22,16,0],"gold":422,"neow_bonus":"HUNDRED_GOLD","is_prod":false,"is_daily":false,"chose_seed":false,"campfire_upgraded":1,"win_rate":0,"timestamp":1530094593,"path_taken":["M","M","?","M","M","E","M","R","T","?","E","?"],"build_version":"2018-06-21v2","purchased_purges":0,"victory":false,"max_hp_per_floor":[75,75,75,75,75,75,75,75,75,75,75,75],"card_choices":[{"not_picked":["Blizzard","Gash"],"picked":"Barrage","floor":1},{"not_picked":["Streamline","Steam"],"picked":"Leap","floor":2},{"not_picked":["Stack","Streamline"],"picked":"Coolheaded","floor":4},{"not_picked":["Barrage","Turbo"],"picked":"Conserve Battery","floor":5},{"not_picked":["Blizzard","Coolheaded"],"picked":"Thunder Strike","floor":6},{"not_picked":["Storm","FTL","Loop"],"picked":"Ball Lightning","floor":7},{"not_picked":["Compile Driver","Cold Snap","Leap"],"picked":"Static Discharge","floor":10},{"not_picked":["Hologram","Scrape","Genetic Algorithm"],"picked":"Fission","floor":11}],"player_experience":198135,"relics_obtained":[{"floor":6,"key":"Question Card"},{"floor":9,"key":"Darkstone Periapt"},{"floor":11,"key":"Gambling Chip"}],"event_choices":[{"event_name":"Golden Wing","player_choice":"Card Removal","floor":3,"damage_taken":0},{"event_name":"Dead Adventurer","player_choice":"Searched \u00272\u0027 times","floor":12,"damage_taken":0}],"boss_relics":[],"items_purged_floors":[],"is_endless":false,"potions_floor_spawned":[1,7,11],"killed_by":"3 Sentries","ascension_level":0}