{"gold_per_floor":[116,116,39,54,77,77,108,122,147,160,181,5,5,75,75,201,201,214,214,214,139,162,196,196,220,293,293,314,330,350,265,265,265],"floor_reached":33,"playtime":1928,"items_purged":["Strike_G"],"score":269,"play_id":"9db061ab-19de-48af-8ae5-0978df876cec","local_time":"20190129014947","is_ascension_mode":false,"campfire_choices":[{"data":"Noxious Fumes","floor":6.0,"key":"SMITH"},{"data":"Dash","floor":13.0,"key":"SMITH"},{"floor":15.0,"key":"REST"},{"floor":27,"key":"REST"},{"floor":32,"key":"REST"}],"neow_cost":"NONE","seed_source_timestamp":0,"circlet_count":0,"master_deck":["Defend_G","Defend_G","Defend_G","Defend_G","Defend_G","Strike_G","Strike_G","Strike_G","Strike_G","Survivor","Neutralize","Quick Slash","Noxious Fumes+1","Dash+1","Bane","Backstab","Backflip","All Out Attack","Dagger Spray","Deflect","Backflip","Burst","Bane+1","Flying Knee+1","Envenom+1","Catalyst","Deflect+1"],"special_seed":0,"relics":["Ring of the Snake","Golden Idol","Bag of Preparation","Ancient Tea Set","Oddly Smooth Stone","Snake Skull","Fusion Hammer","Frozen Egg 2","Boot","Dodecahedron","Art of War"],"potions_floor_usage":[28,33,33,33],"damage_taken":[{"damage":0.0,"enemies":"2 Louse","floor":1.0,"turns":3.0},{"damage":0.0,"enemies":"Jaw Worm","floor":4.0,"turns":6.0},{"damage":2.0,"enemies":"Small Slimes","floor":5.0,"turns":4.0},{"damage":12.0,"enemies":"3 Sentries","floor":7.0,"turns":9.0},{"damage":3.0,"enemies":"Red Slaver","floor":8.0,"turns":4.0},{"damage":3.0,"enemies":"2 Fungi Beasts","floor":10.0,"turns":3.0},{"damage":5.0,"enemies":"Looter","floor":11.0,"turns":3.0},{"damage":12.0,"enemies":"Gremlin Nob","floor":14.0,"turns":4.0},{"damage":35.0,"enemies":"Slime Boss","floor":16.0,"turns":7.0},{"damage":18.0,"enemies":"Spheric Guardian","floor":18.0,"turns":6.0},{"damage":4.0,"enemies":"Colosseum Slavers","floor":19.0,"turns":5.0},{"damage":8,"enemies":"Chosen","floor":22,"turns":5},{"damage":15,"enemies":"Slavers","floor":23,"turns":4},{"damage":19,"enemies":"Snake Plant","floor":25,"turns":4},{"damage":5,"enemies":"Shelled Parasite and Fungi","floor":28,"turns":3},{"damage":5,"enemies":"Snecko","floor":29,"turns":4},{"damage":2,"enemies":"Chosen and Byrds","floor":30,"turns":2},{"damage":55,"enemies":"Automaton","floor":33,"turns":6}],"seed_played":"5016935153172654662","potions_obtained":[{"floor":5.0,"key":"SteroidPotion"},{"floor":8.0,"key":"GamblersBrew"},{"floor":10.0,"key":"GamblersBrew"},{"floor":16.0,"key":"Swift Potion"},{"floor":22,"key":"GhostInAJar"},{"floor":25,"key":"FearPotion"},{"floor":29,"key":"Fire Potion"}],"is_trial":false,"path_per_floor":["M","?","$","M","M","R","E","M","T","M","M","$","R","?","R","B",null,"M","?","?","$","M","E","?","M","T","R","M","M","M","?","R","B"],"character_chosen":"THE_SILENT","items_purchased":["Noxious Fumes","Oddly Smooth Stone","Deflect"],"campfire_rested":3,"item_purchase_floors":[3,12,12],"current_hp_per_floor":[77,58,58,58,56,56,44,41,41,38,33,33,33,21,44,9,77,59,55,55,55,47,32,32,13,13,36,31,26,24,24,47,0],"gold":265,"neow_bonus":"TEN_PERCENT_HP_BONUS","is_prod":false,"is_daily":false,"chose_seed":false,"campfire_upgraded":2,"win_rate":0.0,"timestamp":1548744587,"path_taken":["M","?","$","M","M","R","E","M","T","M","M","$","R","?","R","BOSS","M","?","?","$","M","E","?","M","T","R","M","M","?","?","R","BOSS"],"build_version":"2019-01-23","purchased_purges":1,"victory":false,"max_hp_per_floor":[77,77,77,77,77,77,77,77,77,77,77,77,77,77,77,77,77,77,77,77,77,77,77,77,77,77,77,77,77,77,77,77,77],"card_choices":[{"not_picked":["Bane","Distraction"],"picked":"Quick Slash","floor":1.0},{"not_picked":["Riddle With Holes","Acrobatics"],"picked":"Dash","floor":4.0},{"not_picked":["Bouncing Flask","Unload"],"picked":"Bane","floor":5.0},{"not_picked":["Endless Agony","Glass Knife"],"picked":"Backstab","floor":7.0},{"not_picked":["Deadly Poison","Well Laid Plans"],"picked":"Backflip","floor":8.0},{"not_picked":["Crippling Poison","Choke"],"picked":"All Out Attack","floor":10.0},{"not_picked":["Masterful Stab","Cloak And Dagger"],"picked":"Dagger Spray","floor":11.0},{"not_picked":["Dagger Spray","Leg Sweep"],"picked":"Backflip","floor":14.0},{"not_picked":["Phantasmal Killer","Venomology"],"picked":"Burst","floor":16.0},{"not_picked":["Blade Dance","Sucker Punch+1"],"picked":"Bane+1","floor":18.0},{"not_picked":["Dodge and Roll","Backflip"],"picked":"Flying Knee+1","floor":22},{"not_picked":["Accuracy","Flechettes"],"picked":"Envenom","floor":23},{"not_picked":["Blade Dance","Expertise+1","Terror"],"picked":"SKIP","floor":25},{"not_picked":["Cloak And Dagger","Deadly Poison"],"picked":"Catalyst","floor":28},{"not_picked":["Dagger Spray","Quick Slash+1"],"picked":"Deflect+1","floor":29},{"not_picked":["Outmaneuver","Prepared","Quick Slash"],"picked":"SKIP","floor":30}],"player_experience":67554,"relics_obtained":[{"floor":7.0,"key":"Bag of Preparation"},{"floor":9.0,"key":"Ancient Tea Set"},{"floor":14.0,"key":"Snake Skull"},{"floor":23,"key":"Frozen Egg 2"},{"floor":26,"key":"Dodecahedron"}],"event_choices":[{"damage_healed":0.0,"max_hp_gain":0.0,"max_hp_loss":0.0,"gold_gain":0.0,"event_name":"Golden Idol","player_choice":"Take Damage","floor":2.0,"gold_loss":0.0,"damage_taken":19.0,"relics_obtained":["Golden Idol"]},{"damage_healed":0.0,"max_hp_gain":0.0,"max_hp_loss":0.0,"gold_gain":30.0,"event_name":"Dead Adventurer","player_choice":"Searched \u00272\u0027 times","floor":14.0,"gold_loss":0.0,"damage_taken":0.0},{"damage_healed":0.0,"max_hp_gain":0.0,"max_hp_loss":0.0,"gold_gain":0.0,"event_name":"Colosseum","player_choice":"Fight","floor":19.0,"gold_loss":0.0,"damage_taken":0.0},{"damage_healed":0.0,"max_hp_gain":0.0,"max_hp_loss":0.0,"gold_gain":0.0,"event_name":"Colosseum","player_choice":"Fled From Nobs","floor":19.0,"gold_loss":0.0,"damage_taken":0.0},{"damage_healed":0.0,"max_hp_gain":0.0,"max_hp_loss":0.0,"gold_gain":0.0,"event_name":"Vampires","player_choice":"Ignored","floor":20.0,"gold_loss":0.0,"damage_taken":0.0},{"damage_healed":0,"gold_gain":0,"player_choice":"Gave Potion","damage_taken":0,"relics_obtained":["Boot"],"max_hp_gain":0,"max_hp_loss":0,"event_name":"WeMeetAgain","floor":24,"gold_loss":0},{"damage_healed":0,"gold_gain":0,"player_choice":"Obtained Relic","damage_taken":0,"relics_obtained":["Art of War"],"max_hp_gain":0,"max_hp_loss":0,"event_name":"Addict","floor":31,"gold_loss":85}],"is_beta":false,"boss_relics":[{"not_picked":["Runic Dome","Calling Bell"],"picked":"Fusion Hammer"}],"items_purged_floors":[21],"is_endless":false,"potions_floor_spawned":[5,8,10,16,22,23,25,29],"killed_by":"Automaton","ascension_level":0}