{"gold_per_floor":[113,113,124,124,141,166,181,181,181,192,209,209,7,7,7,133,133,158,158,201,224,74,74,113,113,113,13,31,130,130,130,130,130],"floor_reached":33,"playtime":2374,"items_purged":["Strike_G","Strike_G"],"score":263,"play_id":"99925cee-587a-4ca5-9897-235d6db8c487","local_time":"20190128211600","is_ascension_mode":false,"campfire_choices":[{"data":"Prepared","floor":8,"key":"SMITH"},{"floor":12,"key":"REST"},{"data":"Dodge and Roll","floor":15,"key":"SMITH"},{"floor":23,"key":"REST"},{"floor":25,"key":"REST"},{"floor":30,"key":"REST"},{"data":"Dash","floor":32,"key":"SMITH"}],"neow_cost":"NONE","seed_source_timestamp":1175432379136100,"circlet_count":0,"master_deck":["Defend_G+1","Defend_G+1","Defend_G+1","Defend_G+1","Defend_G+1","Strike_G+1","Survivor","Neutralize","Poisoned Stab","Prepared+1","Dagger Spray","Unload","All Out Attack","Dagger Throw","Outmaneuver","Well Laid Plans","Dodge and Roll+1","Adrenaline","Infinite Blades+1","Dash+1","Deadly Poison+1","Infinite Blades","Blur"],"relics":["Ring of the Snake","Boot","Sundial","Golden Idol","Sozu","Red Mask","WingedGreaves","Paper Crane"],"potions_floor_usage":[6,16,16,21],"damage_taken":[{"damage":5,"enemies":"Jaw Worm","floor":1,"turns":6},{"damage":5,"enemies":"Small Slimes","floor":3,"turns":4},{"damage":0,"enemies":"2 Louse","floor":5,"turns":3},{"damage":15,"enemies":"Lagavulin","floor":6,"turns":8},{"damage":1,"enemies":"Exordium Wildlife","floor":7,"turns":5},{"damage":2,"enemies":"Looter","floor":10,"turns":4},{"damage":0,"enemies":"3 Louse","floor":11,"turns":2},{"damage":42,"enemies":"The Guardian","floor":16,"turns":15},{"damage":2,"enemies":"3 Byrds","floor":18,"turns":4},{"damage":28,"enemies":"Masked Bandits","floor":20,"turns":4},{"damage":19,"enemies":"Shell Parasite","floor":21,"turns":5},{"damage":27,"enemies":"Book of Stabbing","floor":24,"turns":6},{"damage":11,"enemies":"Snake Plant","floor":28,"turns":5},{"damage":52,"enemies":"Collector","floor":33,"turns":6}],"seed_played":"-2250562691886341469","potions_obtained":[{"floor":5,"key":"AttackPotion"},{"floor":6,"key":"EssenceOfSteel"},{"floor":7,"key":"AttackPotion"},{"floor":10,"key":"LiquidBronze"}],"is_trial":false,"path_per_floor":["M","?","M","?","M","E","M","R","T","M","M","R","$","?","R","B",null,"M","?","?","M","$","R","E","R","T","$","M","?","R","?","R","B"],"character_chosen":"THE_SILENT","items_purchased":["Well Laid Plans","Dodge and Roll","Infinite Blades","Blur"],"campfire_rested":4,"item_purchase_floors":[13,13,22,22],"current_hp_per_floor":[65,58,53,53,53,38,37,37,37,35,35,56,56,56,56,14,65,63,63,35,16,16,35,8,27,27,27,16,16,35,35,35,0],"gold":130,"neow_bonus":"REMOVE_CARD","is_prod":false,"is_daily":false,"chose_seed":false,"campfire_upgraded":3,"win_rate":0.0,"timestamp":1548728160,"path_taken":["M","?","M","?","M","E","M","R","T","M","M","R","$","?","R","BOSS","M","?","?","M","$","R","E","R","T","?","M","?","R","?","R","BOSS"],"build_version":"2019-01-23","purchased_purges":2,"victory":false,"max_hp_per_floor":[70,70,70,70,70,70,70,70,70,70,70,70,70,65,65,65,65,65,65,65,65,65,65,65,65,65,65,65,65,65,65,65,65],"card_choices":[{"not_picked":["Prepared","Flechettes"],"picked":"Poisoned Stab","floor":1},{"not_picked":["Blade Dance","Underhanded Strike"],"picked":"Prepared","floor":3},{"not_picked":["Outmaneuver","Expertise"],"picked":"Dagger Spray","floor":5},{"not_picked":["Poisoned Stab","Expertise"],"picked":"Unload","floor":6},{"not_picked":["Dagger Spray","Prepared"],"picked":"All Out Attack","floor":7},{"not_picked":["Underhanded Strike","Dagger Spray"],"picked":"Dagger Throw","floor":10},{"not_picked":["Dagger Throw","Poisoned Stab"],"picked":"Outmaneuver","floor":11},{"not_picked":["Venomology","Malaise"],"picked":"Adrenaline","floor":16},{"not_picked":["Dagger Throw","All Out Attack"],"picked":"Infinite Blades+1","floor":18},{"not_picked":["Well Laid Plans+1","Prepared"],"picked":"Dash","floor":20},{"not_picked":["Dagger Spray","Bouncing Flask"],"picked":"Deadly Poison+1","floor":21},{"not_picked":["Outmaneuver","Flying Knee","Endless Agony"],"picked":"SKIP","floor":24},{"not_picked":["Flying Knee+1","Riddle With Holes","Tactician"],"picked":"SKIP","floor":28}],"player_experience":51249,"relics_obtained":[{"floor":6,"key":"Boot"},{"floor":9,"key":"Sundial"},{"floor":20,"key":"Red Mask"},{"floor":24,"key":"WingedGreaves"},{"floor":26,"key":"Paper Crane"}],"event_choices":[{"cards_removed":["Strike_G"],"damage_healed":0,"gold_gain":0,"player_choice":"Card Removal","damage_taken":7,"max_hp_gain":0,"max_hp_loss":0,"event_name":"Golden Wing","floor":2,"gold_loss":0},{"damage_healed":0,"gold_gain":0,"player_choice":"Ignored","damage_taken":0,"max_hp_gain":0,"max_hp_loss":0,"event_name":"Liars Game","floor":4,"gold_loss":0},{"damage_healed":0,"gold_gain":0,"player_choice":"Lose Max HP","damage_taken":0,"relics_obtained":["Golden Idol"],"max_hp_gain":0,"max_hp_loss":5,"event_name":"Golden Idol","floor":14,"gold_loss":0},{"damage_healed":0,"gold_gain":0,"player_choice":"Ignored","damage_taken":0,"max_hp_gain":0,"max_hp_loss":0,"event_name":"Ghosts","floor":19,"gold_loss":0},{"damage_healed":0,"gold_gain":0,"player_choice":"Fought Bandits","damage_taken":0,"max_hp_gain":0,"max_hp_loss":0,"event_name":"Masked Bandits","floor":20,"gold_loss":0},{"damage_healed":0,"gold_gain":99,"player_choice":"Stole From Cult","damage_taken":0,"max_hp_gain":0,"max_hp_loss":0,"event_name":"Nest","floor":29,"gold_loss":0},{"damage_healed":0,"gold_gain":0,"player_choice":"Simplicity","damage_taken":0,"max_hp_gain":0,"max_hp_loss":0,"event_name":"Back to Basics","floor":31,"gold_loss":0,"cards_upgraded":["Defend_G","Defend_G","Defend_G","Defend_G","Defend_G","Strike_G"]}],"is_beta":false,"boss_relics":[{"not_picked":["Orrery","Coffee Dripper"],"picked":"Sozu"}],"items_purged_floors":[13,27],"is_endless":false,"potions_floor_spawned":[5,6,7,10,11,21,24],"killed_by":"Collector","ascension_level":0}