{"gold_per_floor":[359,377,388,122,136,136,167,178,178,178],"floor_reached":10,"playtime":465,"items_purged":["Strike_R"],"score":88,"play_id":"d280a63d-fe5f-4556-850e-978a9686fa8e","local_time":"20190205104132","is_ascension_mode":true,"campfire_choices":[{"data":"Apotheosis","floor":6,"key":"SMITH"}],"neow_cost":"PERCENT_DAMAGE","seed_source_timestamp":1830471913000700,"circlet_count":0,"master_deck":["Strike_R","Strike_R","Strike_R","Strike_R","Defend_R","Defend_R","Defend_R","Defend_R","Bash","Thunderclap","Armaments","Armaments","Apotheosis+1","Iron Wave","Demon Form"],"relics":["Burning Blood","Bag of Preparation","Bottled Flame"],"potions_floor_usage":[7],"damage_taken":[{"damage":20,"enemies":"Cultist","floor":1,"turns":5},{"damage":9,"enemies":"2 Louse","floor":2,"turns":2},{"damage":2,"enemies":"Jaw Worm","floor":3,"turns":5},{"damage":17,"enemies":"Exordium Thugs","floor":5,"turns":7},{"damage":11,"enemies":"3 Sentries","floor":7,"turns":10},{"damage":5,"enemies":"Blue Slaver","floor":8,"turns":5},{"damage":31,"enemies":"Gremlin Gang","floor":10,"turns":3}],"seed_played":"-3509962485847567424","potions_obtained":[{"floor":5,"key":"Dexterity Potion"},{"floor":7,"key":"SpeedPotion"}],"is_trial":false,"path_per_floor":["M","M","M","$","M","R","E","M","T","M"],"character_chosen":"IRONCLAD","items_purchased":["Apotheosis"],"campfire_rested":0,"item_purchase_floors":[4],"current_hp_per_floor":[42,39,43,43,32,32,27,28,28,0],"gold":178,"neow_bonus":"TWO_FIFTY_GOLD","is_prod":false,"is_daily":false,"chose_seed":false,"campfire_upgraded":1,"win_rate":0,"timestamp":1549381292,"path_taken":["M","M","?","$","M","R","E","M","T","M"],"build_version":"2019-01-23","purchased_purges":1,"victory":false,"max_hp_per_floor":[80,80,80,80,80,80,80,80,80,80],"card_choices":[{"not_picked":["Warcry","Heavy Blade"],"picked":"Thunderclap","floor":1},{"not_picked":["Whirlwind","Pommel Strike"],"picked":"Armaments","floor":2},{"not_picked":["Twin Strike","Clash"],"picked":"Armaments","floor":3},{"not_picked":["Havoc","Anger"],"picked":"Iron Wave","floor":5},{"not_picked":["True Grit","Iron Wave"],"picked":"Demon Form","floor":7},{"not_picked":["Entrench","Combust","True Grit"],"picked":"SKIP","floor":8}],"player_experience":248149,"relics_obtained":[{"floor":7,"key":"Bag of Preparation"},{"floor":9,"key":"Bottled Flame"}],"event_choices":[],"is_beta":false,"boss_relics":[],"items_purged_floors":[4],"is_endless":false,"potions_floor_spawned":[5,7],"killed_by":"Gremlin Gang","ascension_level":5}