{"gold_per_floor":[113,113,132,132,142,160,160,176,228,254,271,306,306,319,319,415,415,415,415,415,340,340,340,340,340,340,340,340,340,340,80,80,80,80,80,80,30,30,30,30,30,30,30,30,30,30,30,30,30,30],"floor_reached":51,"playtime":2924,"items_purged":["Strike_R","Strike_R"],"score":825,"play_id":"aced3d32-62ac-4c23-9863-326c84d41b30","local_time":"20180703000834","is_ascension_mode":true,"campfire_choices":[{"data":"True Grit","floor":7,"key":"SMITH"},{"data":"Spot Weakness","floor":13,"key":"SMITH"},{"data":"Twin Strike","floor":15,"key":"SMITH"},{"data":"Shrug It Off","floor":23,"key":"SMITH"},{"data":"Bash","floor":27,"key":"SMITH"},{"data":"Dropkick","floor":30,"key":"SMITH"},{"data":"Secret Weapon","floor":32,"key":"SMITH"},{"data":"Heavy Blade","floor":40,"key":"SMITH"},{"data":"Headbutt","floor":42,"key":"SMITH"},{"data":"Secret Technique","floor":45,"key":"SMITH"},{"floor":49,"key":"REST"}],"neow_cost":"NONE","seed_source_timestamp":1312817791831,"circlet_count":0,"master_deck":["Strike_R","Defend_R","Defend_R","Bash+1","Spot Weakness+1","Twin Strike+1","Dropkick+1","Thunderclap","True Grit+1","Headbutt+1","Demon Form+1","Feed","Shrug It Off+1","Thunderclap+1","Armaments+1","Secret Weapon+1","Demon Form+1","Heavy Blade+1","Secret Technique+1","Heavy Blade+1"],"relics":["Burning Blood","Bag of Marbles","Orichalcum","Paper Frog","Boot","Ectoplasm","Smiling Mask","Mummified Hand","Philosopher\u0027s Stone","Pear","Oddly Smooth Stone"],"potions_floor_usage":[3,3,6,10,12,18,18,33,33,41,50,50],"damage_taken":[{"damage":2,"enemies":"Jaw Worm","floor":1,"turns":3},{"damage":0,"enemies":"Cultist","floor":3,"turns":2},{"damage":2,"enemies":"2 Louse","floor":5,"turns":2},{"damage":0,"enemies":"Gremlin Gang","floor":6,"turns":1},{"damage":14,"enemies":"Exordium Thugs","floor":8,"turns":4},{"damage":4,"enemies":"3 Sentries","floor":10,"turns":6},{"damage":5,"enemies":"Red Slaver","floor":11,"turns":2},{"damage":4,"enemies":"Gremlin Nob","floor":12,"turns":3},{"damage":0,"enemies":"2 Fungi Beasts","floor":14,"turns":2},{"damage":36,"enemies":"Slime Boss","floor":16,"turns":9},{"damage":8,"enemies":"Spheric Guardian","floor":18,"turns":4},{"damage":12,"enemies":"Shell Parasite","floor":19,"turns":4},{"damage":8,"enemies":"Centurion and Healer","floor":22,"turns":3},{"damage":16,"enemies":"Gremlin Leader","floor":24,"turns":5},{"damage":0,"enemies":"Cultist and Chosen","floor":25,"turns":4},{"damage":25,"enemies":"Automaton","floor":33,"turns":6},{"damage":11,"enemies":"3 Darklings","floor":35,"turns":4},{"damage":17,"enemies":"Orb Walker","floor":38,"turns":3},{"damage":10,"enemies":"Nemesis","floor":41,"turns":3},{"damage":4,"enemies":"Sphere and 2 Shapes","floor":46,"turns":3},{"damage":24,"enemies":"3 Darklings","floor":47,"turns":3},{"damage":21,"enemies":"4 Shapes","floor":48,"turns":5},{"damage":74,"enemies":"Time Eater","floor":50,"turns":7}],"seed_played":"236930937198257245","potions_obtained":[{"floor":1,"key":"EntropicBrew"},{"floor":3,"key":"Weak Potion"},{"floor":6,"key":"SpeedPotion"},{"floor":16,"key":"Fruit Juice"},{"floor":22,"key":"Dexterity Potion"},{"floor":24,"key":"SpeedPotion"},{"floor":33,"key":"BloodPotion"},{"floor":38,"key":"FearPotion"},{"floor":46,"key":"SteroidPotion"}],"is_trial":false,"path_per_floor":["M","?","M","?","M","M","R","M","T","E","M","E","R","M","R","B",null,"M","M","?","?","M","R","E","M","T","R","?","?","R","$","R","B",null,"M","?","$","M","$","R","E","R","T","?","R","M","M","M","R","B"],"character_chosen":"IRONCLAD","items_purchased":["Secret Weapon"],"campfire_rested":1,"item_purchase_floors":[31],"current_hp_per_floor":[80,80,80,80,80,80,80,72,72,74,75,77,77,80,80,50,80,83,77,77,77,78,78,68,77,77,77,77,77,77,77,77,58,91,86,86,86,75,75,75,84,84,84,84,84,89,74,62,95,38],"gold":30,"neow_bonus":"RANDOM_COMMON_RELIC","is_prod":false,"is_daily":false,"chose_seed":false,"campfire_upgraded":10,"win_rate":0,"timestamp":1530569314,"path_taken":["M","?","?","?","M","M","R","M","T","E","M","E","R","M","R","BOSS","M","M","?","?","M","R","E","M","T","R","?","?","R","$","R","BOSS","M","?","$","?","$","R","E","R","T","?","R","?","M","?","R","BOSS"],"build_version":"2018-06-28","purchased_purges":2,"victory":true,"max_hp_per_floor":[80,80,80,80,80,80,80,80,80,80,80,80,80,80,80,80,80,85,85,85,85,88,88,88,91,91,91,91,91,91,91,91,91,91,91,91,91,91,91,91,104,104,104,104,104,107,110,113,113,113],"card_choices":[{"not_picked":["Armaments","Power Through"],"picked":"Spot Weakness","floor":1},{"not_picked":["Carnage","True Grit"],"picked":"Twin Strike","floor":3},{"not_picked":["True Grit","Evolve"],"picked":"Thunderclap","floor":5},{"not_picked":["Clothesline","Wild Strike"],"picked":"True Grit","floor":6},{"not_picked":["Fiend Fire","Dual Wield"],"picked":"Headbutt","floor":8},{"not_picked":["Cleave","Wild Strike"],"picked":"Demon Form","floor":10},{"not_picked":["Blood for Blood","Perfected Strike","Infernal Blade"],"picked":"SKIP","floor":11},{"not_picked":["Body Slam","Armaments","Sword Boomerang"],"picked":"SKIP","floor":12},{"not_picked":["Body Slam","Sword Boomerang","Perfected Strike"],"picked":"SKIP","floor":14},{"not_picked":["Brutality","Immolate"],"picked":"Feed","floor":16},{"not_picked":["Havoc+1","Shockwave","Sentinel"],"picked":"SKIP","floor":18},{"not_picked":["Body Slam","Rupture+1"],"picked":"Shrug It Off","floor":19},{"not_picked":["Feel No Pain","Anger","Havoc"],"picked":"SKIP","floor":22},{"not_picked":["Headbutt","Havoc"],"picked":"Thunderclap+1","floor":24},{"not_picked":["Havoc","Rampage"],"picked":"Armaments+1","floor":25},{"not_picked":["Reaper","Juggernaut"],"picked":"Demon Form","floor":33},{"not_picked":["Clash+1","Perfected Strike","Corruption+1"],"picked":"SKIP","floor":35},{"not_picked":["Pommel Strike","True Grit+1"],"picked":"Heavy Blade","floor":38},{"not_picked":["Searing Blow","Thunderclap","Perfected Strike+1"],"picked":"SKIP","floor":41},{"not_picked":["Dark Shackles","Swift Strike"],"picked":"Secret Technique","floor":44},{"not_picked":["Wild Strike+1","Thunderclap","Iron Wave"],"picked":"SKIP","floor":46},{"not_picked":["Perfected Strike","Body Slam+1","Twin Strike"],"picked":"SKIP","floor":47},{"not_picked":["Twin Strike","Perfected Strike"],"picked":"Heavy Blade+1","floor":48}],"player_experience":234542,"relics_obtained":[{"floor":9,"key":"Orichalcum"},{"floor":10,"key":"Paper Frog"},{"floor":12,"key":"Boot"},{"floor":24,"key":"Smiling Mask"},{"floor":26,"key":"Mummified Hand"},{"floor":41,"key":"Pear"},{"floor":43,"key":"Oddly Smooth Stone"}],"event_choices":[{"event_name":"Bonfire Elementals","player_choice":"BASIC","floor":2,"damage_taken":0},{"event_name":"Transmorgrifier","player_choice":"Transform","floor":4,"damage_taken":0},{"event_name":"Ghosts","player_choice":"Ignored","floor":20,"damage_taken":0},{"event_name":"Beggar","player_choice":"Gave Gold","floor":21,"damage_taken":0},{"event_name":"Back to Basics","player_choice":"Elegance","floor":28,"damage_taken":0},{"event_name":"Accursed Blacksmith","player_choice":"Forge","floor":29,"damage_taken":0},{"event_name":"Upgrade Shrine","player_choice":"Upgraded","floor":36,"damage_taken":0},{"event_name":"SensoryStone","player_choice":"Memory 1","floor":44,"damage_taken":0}],"boss_relics":[{"not_picked":["Runic Dome","Astrolabe"],"picked":"Ectoplasm"},{"not_picked":["Runic Cube","Tiny House"],"picked":"Philosopher\u0027s Stone"}],"items_purged_floors":[31,37],"is_endless":false,"potions_floor_spawned":[1,3,6,16,22,24,33,38,46],"ascension_level":2}