{"path_per_floor":["M","?","M","?","M","E","$","E","T","M","R","E","M","M","R","B",null,"M","M","M","?","T","R","E","R","T","M","$","M","M","M","R"],"character_chosen":"IRONCLAD","items_purchased":["Armaments","Meat on the Bone"],"gold_per_floor":[19,19,42,42,66,106,9,43,43,56,56,91,105,123,123,248,248,261,284,302,333,333,333,372,372,372,385,42,65,84,103,103],"floor_reached":33,"campfire_rested":1,"playtime":2471,"current_hp_per_floor":[83,63,58,58,65,43,43,33,33,31,31,23,21,26,54,22,96,89,86,71,64,70,70,49,49,49,20,20,34,56,84,84],"items_purged":["Strike_R","Doubt"],"gold":103,"score":341,"play_id":"4d1106f6-92bb-4d03-89d7-1c0c4952913d","is_prod":false,"is_daily":false,"is_ascension_mode":false,"campfire_upgraded":4,"path_taken":["M","?","M","?","M","E","$","E","T","M","R","E","M","M","R","BOSS","M","M","?","?","?","R","E","R","T","M","$","M","M","M","R","BOSS"],"build_version":"2018-02-08-BETA1","purchased_purges":2,"victory":false,"master_deck":["Strike_R","Strike_R","Strike_R","Strike_R","Defend_R","Defend_R","Defend_R","Defend_R","Bash","Feed","Dropkick","Thunderclap","Armaments+1","Reaper","Pommel Strike+1","Fiend Fire+1","Disarm","True Grit","Wild Strike","Immolate+1","Evolve+1"],"max_hp_per_floor":[83,83,86,86,89,89,89,89,89,92,92,92,92,96,96,96,96,96,99,102,105,111,111,121,121,121,125,125,125,129,132,132],"relics":["Burning Blood","Golden Idol","Gambling Chip","Darkstone Periapt","Unceasing Top","Kunai","Cursed Key","Red Mask","Omamori","Pear","Red Skull","Meat on the Bone"],"card_choices":[{"not_picked":["Reaper","Limit Break"],"picked":"Feed"},{"not_picked":["Feel No Pain","Heavy Blade"],"picked":"Dropkick"},{"not_picked":["Anger","Fire Breathing"],"picked":"Thunderclap"},{"not_picked":["Anger","Perfected Strike"],"picked":"Reaper"},{"not_picked":["Uppercut","Sword Boomerang"],"picked":"Pommel Strike"},{"not_picked":["Immolate","Feed"],"picked":"Fiend Fire"},{"not_picked":["Heavy Blade","Bloodletting"],"picked":"Disarm"},{"not_picked":["Second Wind","Combust"],"picked":"True Grit"},{"not_picked":["Intimidate","Clothesline"],"picked":"Wild Strike"},{"not_picked":["Armaments","Headbutt"],"picked":"Immolate"},{"not_picked":["Shrug It Off","Anger"],"picked":"Evolve"}],"player_experience":43473,"potions_floor_usage":[8,8,14,14,20,29],"damage_taken":[{"damage":5,"enemies":"Cultist","floor":1,"turns":4},{"damage":14,"enemies":"Blue Slaver","floor":3,"turns":5},{"damage":2,"enemies":"2 Louse","floor":5,"turns":3},{"damage":28,"enemies":"Gremlin Nob","floor":6,"turns":4},{"damage":16,"enemies":"Lagavulin","floor":8,"turns":5},{"damage":11,"enemies":"Lots of Slimes","floor":10,"turns":3},{"damage":20,"enemies":"Gremlin Nob","floor":12,"turns":4},{"damage":11,"enemies":"Large Slime","floor":13,"turns":6},{"damage":20,"enemies":"Exordium Thugs","floor":14,"turns":7},{"damage":43,"enemies":"The Guardian","floor":16,"turns":14},{"damage":13,"enemies":"Chosen","floor":18,"turns":4},{"damage":12,"enemies":"Shell Parasite","floor":19,"turns":4},{"damage":30,"enemies":"Chosen and Byrds","floor":20,"turns":7},{"damage":26,"enemies":"Masked Bandits","floor":21,"turns":6},{"damage":41,"enemies":"Book of Stabbing","floor":24,"turns":7},{"damage":46,"enemies":"Slaver and Parasite","floor":27,"turns":7},{"damage":4,"enemies":"Sentry and Sphere","floor":29,"turns":3},{"damage":14,"enemies":"Centurion and Healer","floor":30,"turns":6},{"damage":0,"enemies":"Cultist and Chosen","floor":31,"turns":7},{"damage":89,"enemies":"Champ","floor":33,"turns":8}],"event_choices":[{"event_name":"Golden Idol","player_choice":"Take Damage","floor":2,"damage_taken":0},{"event_name":"The Cleric","player_choice":"Leave","floor":4,"damage_taken":0},{"event_name":"Masked Bandits","player_choice":"Fought over 302 gold","floor":21,"damage_taken":0}],"boss_relics":[{"not_picked":["Velvet Choker","Orrery"],"picked":"Cursed Key"}],"potions_floor_spawned":[5,6,8,13,19,20,29],"seed_played":"-798986632155248304","killed_by":"Champ","ascension_level":0,"is_trial":false}