{"path_per_floor":["M","?","M","?","M","E","R","M","T","?","M","M","$","E","R","B",null,"M","?","?","M","?","R","?","E","T","E","M","M","$","T","R"],"character_chosen":"IRONCLAD","items_purchased":["Limit Break","Inflame","Anger","Pen Nib"],"gold_per_floor":[110,110,120,120,139,173,173,191,218,218,233,248,40,70,70,173,173,188,188,88,103,103,103,103,130,155,181,194,206,50,99,99],"floor_reached":33,"campfire_rested":3,"playtime":2913,"current_hp_per_floor":[80,80,80,77,80,43,67,53,53,53,59,65,65,62,62,29,80,56,56,56,51,51,75,75,65,72,45,41,28,28,28,56],"items_purged":[],"gold":99,"play_id":"ea1206d5-2941-4caf-b7fa-00d2d079e82f","is_prod":false,"is_daily":false,"campfire_rituals":0,"campfire_upgraded":1,"is_hardmode":false,"path_taken":["M","?","M","?","M","E","R","M","T","?","M","M","$","E","R","BOSS","M","?","?","M","?","R","?","E","T","E","M","M","$","?","R","BOSS"],"build_version":"2018-01-18-PROD4","purchased_purges":0,"victory":false,"master_deck":["Strike_R","Strike_R","Strike_R","Strike_R","Defend_R","Defend_R","Defend_R","Bash","Iron Wave","Shrug It Off","Cleave","Heavy Blade","Flex","Anger","Dual Wield","Seeing Red","Limit Break","Inflame","Anger","Sword Boomerang","Feed","J.A.X.","Spot Weakness","Iron Wave","Warcry","Armaments","Uppercut"],"max_hp_per_floor":[80,80,80,80,80,80,80,80,80,80,80,80,80,80,80,80,80,80,80,80,83,83,83,83,83,90,93,93,96,96,96,96],"relics":["Burning Blood","NeowsBlessing","Juzu Bracelet","Bag of Marbles","Bronze Scales","Molten Egg","Mark of Pain","Oddly Smooth Stone","Blood Vial","Strawberry","Centennial Puzzle","Pen Nib","Frozen Egg"],"campfire_meditates":0,"card_choices":[{"not_picked":["Searing Blow","Barricade"],"picked":"Iron Wave"},{"not_picked":["True Grit","Pummel"],"picked":"Shrug It Off"},{"not_picked":["Iron Wave","True Grit"],"picked":"Cleave"},{"not_picked":["Battle Trance","Offering"],"picked":"Heavy Blade"},{"not_picked":["Cleave","Rampage"],"picked":"Flex"},{"not_picked":["Feel No Pain","Rage"],"picked":"Dual Wield"},{"not_picked":["Body Slam","Power Through"],"picked":"Seeing Red"},{"not_picked":["Reaper","Twin Strike"],"picked":"Sword Boomerang"},{"not_picked":["Dark Embrace","Reaper"],"picked":"Feed"},{"not_picked":["Inflame","Clothesline"],"picked":"Spot Weakness"},{"not_picked":["Anger","Brutality"],"picked":"Iron Wave"},{"not_picked":["Bloodletting","Sever Soul"],"picked":"Warcry"},{"not_picked":["Hemokinesis","Disarm"],"picked":"Armaments"},{"not_picked":["Body Slam","Pommel Strike"],"picked":"Uppercut"}],"player_experience":5939,"potions_floor_usage":[14,14,18,25,27,33],"damage_taken":[{"damage":0.0,"enemies":"2 Louse","floor":1.0,"turns":1.0},{"damage":0,"enemies":"Jaw Worm","floor":3,"turns":1},{"damage":0,"enemies":"Small Slimes","floor":5,"turns":1},{"damage":43,"enemies":"Lagavulin","floor":6,"turns":11},{"damage":20,"enemies":"Gremlin Gang","floor":8,"turns":4},{"damage":0,"enemies":"Lots of Slimes","floor":11,"turns":1},{"damage":0,"enemies":"Exordium Wildlife","floor":12,"turns":2},{"damage":9,"enemies":"Gremlin Nob","floor":14,"turns":4},{"damage":39,"enemies":"Slime Boss","floor":16,"turns":5},{"damage":30,"enemies":"Spheric Guardian","floor":18,"turns":4},{"damage":14,"enemies":"Shell Parasite","floor":21,"turns":4},{"damage":16,"enemies":"Gremlin Leader","floor":25,"turns":4},{"damage":38,"enemies":"Slavers","floor":27,"turns":6},{"damage":12,"enemies":"3 Cultists","floor":28,"turns":4},{"damage":24,"enemies":"Sentry and Sphere","floor":29,"turns":4},{"damage":58,"enemies":"Automaton","floor":33,"turns":6}],"event_choices":[{"event_name":"Living Wall","player_choice":"Forget","floor":2,"damage_taken":0},{"event_name":"Scrap Ooze","player_choice":"success","floor":4,"damage_taken":3},{"event_name":"Transmorgrifier","player_choice":"Transform","floor":10,"damage_taken":0},{"event_name":"Back to Basics","player_choice":"Simplicity","floor":19,"damage_taken":0},{"event_name":"Drug Dealer","player_choice":"Got JAXXED","floor":20,"damage_taken":0},{"event_name":"Beggar","player_choice":"Ignored","floor":22,"damage_taken":0},{"event_name":"The Mausoleum","player_choice":"Yes","floor":24,"damage_taken":0}],"boss_relics":[{"not_picked":["Philosopher\u0027s Stone","Tiny House"],"picked":"Mark of Pain"}],"potions_floor_spawned":[1,5,8,14,21,28],"seed_played":"-2831601971631316727","killed_by":"Automaton","is_trial":false}