{"gold_per_floor":[109,129,148,148,163,163,194,194,218,218,234,292,242,23,23,23],"floor_reached":16,"playtime":808,"items_purged":["Strike_R"],"score":188,"play_id":"e0b8fe24-3b0b-4f34-8b7e-ed4cc057b197","local_time":"20190205131009","is_ascension_mode":true,"campfire_choices":[{"data":"Cleave","floor":6,"key":"SMITH"},{"data":"True Grit","floor":10,"key":"SMITH"},{"data":"Metallicize","floor":15,"key":"SMITH"}],"neow_cost":"NONE","seed_source_timestamp":78323293676631,"circlet_count":0,"master_deck":["Strike_R","Strike_R","Strike_R","Defend_R+1","Defend_R+1","Defend_R+1","Defend_R+1","Bash","Feed","Spot Weakness","Pommel Strike","Cleave+1","True Grit+1","Metallicize+1"],"relics":["Burning Blood","Anchor","Bag of Marbles","Pen Nib","War Paint"],"potions_floor_usage":[7,12,12],"damage_taken":[{"damage":11,"enemies":"Cultist","floor":1,"turns":4},{"damage":12,"enemies":"Jaw Worm","floor":2,"turns":3},{"damage":1,"enemies":"Small Slimes","floor":3,"turns":3},{"damage":3,"enemies":"Looter","floor":5,"turns":3},{"damage":0,"enemies":"Gremlin Nob","floor":7,"turns":2},{"damage":0,"enemies":"Exordium Wildlife","floor":11,"turns":2},{"damage":27,"enemies":"Lagavulin Event","floor":12,"turns":6},{"damage":65,"enemies":"Hexaghost","floor":16,"turns":11}],"seed_played":"-4768558768978676596","potions_obtained":[{"floor":5,"key":"AttackPotion"},{"floor":7,"key":"BloodPotion"},{"floor":11,"key":"Dexterity Potion"}],"is_trial":false,"path_per_floor":["M","M","M","?","M","R","E","?","T","R","M","?","?","$","R","B"],"character_chosen":"IRONCLAD","items_purchased":["War Paint"],"campfire_rested":0,"item_purchase_floors":[14],"current_hp_per_floor":[70,67,75,57,63,63,72,63,63,63,72,63,63,63,63,0],"gold":23,"neow_bonus":"ONE_RANDOM_RARE_CARD","is_prod":false,"is_daily":false,"chose_seed":false,"campfire_upgraded":3,"win_rate":0,"timestamp":1549368609,"path_taken":["M","?","M","?","M","R","E","?","T","R","?","?","?","?","R","BOSS"],"build_version":"2019-01-23","purchased_purges":1,"victory":false,"max_hp_per_floor":[83,86,89,89,92,92,95,95,95,95,98,101,101,101,101,101],"card_choices":[{"not_picked":["Anger","Perfected Strike"],"picked":"Spot Weakness","floor":1},{"not_picked":["Anger","Wild Strike"],"picked":"Pommel Strike","floor":2},{"not_picked":["Disarm","Combust"],"picked":"Cleave","floor":3},{"not_picked":["Warcry","Perfected Strike","Evolve"],"picked":"SKIP","floor":5},{"not_picked":["Power Through","Exhume"],"picked":"True Grit","floor":7},{"not_picked":["Spot Weakness","Clothesline"],"picked":"Metallicize","floor":11}],"player_experience":359566,"relics_obtained":[{"floor":7,"key":"Anchor"},{"floor":9,"key":"Bag of Marbles"},{"floor":12,"key":"Pen Nib"}],"event_choices":[{"damage_healed":0,"gold_gain":0,"player_choice":"Entered Light","damage_taken":18,"max_hp_gain":0,"max_hp_loss":0,"event_name":"Shining Light","floor":4,"gold_loss":0,"cards_upgraded":["Defend_R","Defend_R"]},{"damage_healed":0,"gold_gain":0,"player_choice":"Damaged","damage_taken":9,"max_hp_gain":0,"max_hp_loss":0,"event_name":"Wheel of Change","floor":8,"gold_loss":0},{"damage_healed":0,"gold_gain":0,"player_choice":"Searched \u00272\u0027 times","damage_taken":0,"max_hp_gain":0,"max_hp_loss":0,"event_name":"Dead Adventurer","floor":12,"gold_loss":0},{"cards_removed":["Strike_R"],"damage_healed":0,"gold_gain":0,"player_choice":"Card Removal","damage_taken":0,"max_hp_gain":0,"max_hp_loss":0,"event_name":"The Cleric","floor":13,"gold_loss":50}],"is_beta":false,"boss_relics":[],"items_purged_floors":[14],"is_endless":false,"potions_floor_spawned":[5,7,11],"killed_by":"Hexaghost","ascension_level":6}