{"gold_per_floor":[111,128,139,159,170,199,199,217,290,310,310,330,62,62,62,162,162,173,173,272,288,312,338,338,348,428,428,442,475,495,510,510,605,605,616,636,636,636],"floor_reached":38,"playtime":2270,"items_purged":["Strike_R"],"score":422,"play_id":"195e0642-c740-4259-b0a2-fee4aa9c7dc7","local_time":"20190131142919","is_ascension_mode":false,"campfire_choices":[{"data":"Fire Breathing","floor":11,"key":"SMITH"},{"data":"Brutality","floor":15,"key":"SMITH"},{"floor":24,"key":"REST"},{"data":"Rupture","floor":27,"key":"SMITH"},{"floor":32,"key":"REST"}],"neow_cost":"NONE","seed_source_timestamp":1705576977837165,"circlet_count":0,"master_deck":["Strike_R","Strike_R","Strike_R","Strike_R","Defend_R","Defend_R","Defend_R","Bash","Clothesline","Twin Strike","Pommel Strike","Iron Wave","Sever Soul","Fire Breathing+1","Brutality+1","Wild Strike+1","Clothesline+1","Fire Breathing+1","Reaper+1","Battle Trance","Rupture+1","Flame Barrier","Uppercut+1","Brutality","Perfected Strike+1","Shrug It Off+1","Battle Trance","Battle Trance+1","Fiend Fire+1","Sever Soul+1","Reckless Charge+1","Madness","Madness"],"relics":["Burning Blood","NeowsBlessing","Mummified Hand","Molten Egg 2","DollysMirror","Sundial","Runic Cube","Strawberry","Boot","Blue Candle","Prayer Wheel","Eternal Feather"],"potions_floor_usage":[6,12,12,16,25,31,33,33,35],"damage_taken":[{"damage":0,"enemies":"Cultist","floor":1,"turns":1},{"damage":0,"enemies":"Jaw Worm","floor":2,"turns":1},{"damage":0,"enemies":"Small Slimes","floor":3,"turns":1},{"damage":14,"enemies":"Blue Slaver","floor":4,"turns":3},{"damage":8,"enemies":"Red Slaver","floor":5,"turns":4},{"damage":19,"enemies":"Gremlin Nob","floor":6,"turns":4},{"damage":0,"enemies":"Exordium Wildlife","floor":8,"turns":3},{"damage":7,"enemies":"Looter","floor":10,"turns":2},{"damage":12,"enemies":"Exordium Thugs","floor":12,"turns":4},{"damage":47,"enemies":"The Guardian","floor":16,"turns":9},{"damage":15,"enemies":"Chosen","floor":18,"turns":4},{"damage":30,"enemies":"Shell Parasite","floor":21,"turns":5},{"damage":59,"enemies":"Slavers","floor":23,"turns":7},{"damage":2,"enemies":"Centurion and Healer","floor":25,"turns":3},{"damage":2,"enemies":"Snecko","floor":28,"turns":3},{"damage":21,"enemies":"Gremlin Leader","floor":29,"turns":5},{"damage":2,"enemies":"3 Cultists","floor":30,"turns":3},{"damage":7,"enemies":"Snake Plant","floor":31,"turns":3},{"damage":79,"enemies":"Champ","floor":33,"turns":9},{"damage":40,"enemies":"3 Darklings","floor":35,"turns":6},{"damage":11,"enemies":"3 Shapes","floor":36,"turns":3},{"damage":71,"enemies":"2 Orb Walkers","floor":38,"turns":3}],"seed_played":"-8810689744235132433","potions_obtained":[{"floor":1,"key":"GamblersBrew"},{"floor":3,"key":"SkillPotion"},{"floor":4,"key":"Strength Potion"},{"floor":10,"key":"Fire Potion"},{"floor":16,"key":"SneckoOil"},{"floor":23,"key":"SpeedPotion"},{"floor":29,"key":"EssenceOfSteel"},{"floor":31,"key":"FearPotion"},{"floor":33,"key":"GamblersBrew"}],"is_trial":false,"path_per_floor":["M","M","M","M","M","E","?","M","T","M","R","M","$","T","R","B",null,"M","?","?","M","T","E","R","M","T","R","M","E","M","M","R","B",null,"M","M","?","?"],"character_chosen":"IRONCLAD","items_purchased":["DollysMirror"],"campfire_rested":2,"item_purchase_floors":[13],"current_hp_per_floor":[80,80,80,72,70,57,57,63,63,62,62,56,56,56,56,15,80,78,63,63,44,51,8,35,44,44,44,48,33,54,53,80,7,92,58,53,41,0],"gold":636,"neow_bonus":"THREE_ENEMY_KILL","is_prod":false,"is_daily":false,"chose_seed":false,"campfire_upgraded":3,"win_rate":0,"timestamp":1548923359,"path_taken":["M","M","M","?","M","E","?","M","T","?","R","M","$","?","R","BOSS","M","?","?","M","?","E","R","?","T","R","M","E","M","M","R","BOSS","M","M","?","?"],"build_version":"2019-01-23","purchased_purges":1,"victory":false,"max_hp_per_floor":[80,80,80,80,80,80,80,80,80,80,80,80,80,80,80,80,80,80,85,85,85,92,92,92,92,92,92,92,92,92,92,92,92,92,92,92,92,92],"card_choices":[{"not_picked":["Infernal Blade","Ghostly Armor"],"picked":"Clothesline","floor":1},{"not_picked":["Burning Pact","Heavy Blade"],"picked":"Twin Strike","floor":2},{"not_picked":["Clothesline","Body Slam"],"picked":"Pommel Strike","floor":3},{"not_picked":["Sword Boomerang","Havoc"],"picked":"Iron Wave","floor":4},{"not_picked":["Iron Wave","Cleave"],"picked":"Sever Soul","floor":5},{"not_picked":["Havoc","Iron Wave"],"picked":"Fire Breathing","floor":6},{"not_picked":["Flex","Corruption"],"picked":"Brutality","floor":8},{"not_picked":["Burning Pact","Pommel Strike+1"],"picked":"Wild Strike+1","floor":10},{"not_picked":["Warcry","Armaments"],"picked":"Clothesline+1","floor":12},{"not_picked":["Barricade","Demon Form"],"picked":"Reaper+1","floor":16},{"not_picked":["Clothesline+1","Pommel Strike+1","Perfected Strike+1"],"picked":"SKIP","floor":18},{"not_picked":["Cleave+1","Perfected Strike+1"],"picked":"Battle Trance","floor":21},{"not_picked":["Havoc+1","Shockwave"],"picked":"Rupture","floor":23},{"not_picked":["Iron Wave+1","Heavy Blade+1"],"picked":"Flame Barrier","floor":25},{"not_picked":["Body Slam+1","Twin Strike+1"],"picked":"Uppercut+1","floor":28},{"not_picked":["Burning Pact+1","Power Through"],"picked":"Brutality","floor":29},{"not_picked":["Havoc+1","Whirlwind+1"],"picked":"Perfected Strike+1","floor":30},{"not_picked":["True Grit","Clash+1","Shrug It Off+1"],"picked":"SKIP","floor":30},{"not_picked":["True Grit","Clash+1"],"picked":"Shrug It Off+1","floor":30},{"not_picked":["Thunderclap+1","Reaper+1"],"picked":"Battle Trance","floor":31},{"not_picked":["Uppercut+1","Perfected Strike+1"],"picked":"Battle Trance+1","floor":31},{"not_picked":["Exhume","Barricade"],"picked":"Fiend Fire+1","floor":33},{"not_picked":["Twin Strike+1","Thunderclap+1"],"picked":"Sever Soul+1","floor":35},{"not_picked":["Iron Wave+1","Heavy Blade+1","Body Slam+1"],"picked":"SKIP","floor":35},{"not_picked":["Anger+1","Havoc+1"],"picked":"Reckless Charge+1","floor":36},{"not_picked":["Warcry+1","Flex","Sword Boomerang+1"],"picked":"SKIP","floor":36}],"player_experience":700307,"relics_obtained":[{"floor":6,"key":"Mummified Hand"},{"floor":9,"key":"Molten Egg 2"},{"floor":14,"key":"Sundial"},{"floor":22,"key":"Strawberry"},{"floor":23,"key":"Boot"},{"floor":26,"key":"Blue Candle"},{"floor":29,"key":"Prayer Wheel"}],"event_choices":[{"cards_removed":["Defend_R"],"damage_healed":0,"gold_gain":0,"player_choice":"Purged","damage_taken":0,"max_hp_gain":0,"max_hp_loss":0,"event_name":"Purifier","floor":7,"gold_loss":0},{"damage_healed":0,"gold_gain":0,"player_choice":"Shed Blood","damage_taken":20,"max_hp_gain":5,"max_hp_loss":0,"event_name":"Forgotten Altar","floor":19,"gold_loss":0},{"damage_healed":0,"gold_gain":99,"player_choice":"Stole From Cult","damage_taken":0,"max_hp_gain":0,"max_hp_loss":0,"event_name":"Nest","floor":20,"gold_loss":0},{"damage_healed":0,"gold_gain":0,"player_choice":"Embrace Madness","damage_taken":12,"max_hp_gain":0,"max_hp_loss":0,"event_name":"Winding Halls","floor":37,"gold_loss":0,"cards_obtained":["Madness","Madness"]},{"damage_healed":0,"gold_gain":0,"player_choice":"Fight","damage_taken":0,"max_hp_gain":0,"max_hp_loss":0,"event_name":"Mysterious Sphere","floor":38,"gold_loss":0}],"is_beta":false,"boss_relics":[{"not_picked":["Busted Crown","Sozu"],"picked":"Runic Cube"},{"not_picked":["Runic Dome","White Beast Statue"],"picked":"Eternal Feather"}],"items_purged_floors":[13],"is_endless":false,"potions_floor_spawned":[1,3,4,10,16,23,29,31,33],"killed_by":"2 Orb Walkers","ascension_level":0}