{"gold_per_floor":[116,116,116,131,81,81,122,147,172,44,44,85,103,178,178,297,297,313,135,156,255,271,306,306,342,365,399,399,430,445,469,469,469],"floor_reached":33,"playtime":1901,"items_purged":["Strike_R"],"score":430,"play_id":"951497e3-4fee-400f-a056-524d616ad693","local_time":"20180927095941","is_ascension_mode":true,"campfire_choices":[{"data":"Armaments","floor":6,"key":"SMITH"},{"data":"True Grit","floor":11,"key":"SMITH"},{"data":"Fiend Fire","floor":15,"key":"SMITH"},{"data":"Immolate","floor":24,"key":"SMITH"},{"data":"Discovery","floor":32,"key":"SMITH"}],"neow_cost":"NONE","seed_source_timestamp":40424092953173,"circlet_count":0,"master_deck":["Strike_R","Strike_R+1","Strike_R","Defend_R","Defend_R+1","Defend_R","Defend_R+1","Bash","Immolate+1","Armaments+1","Anger+1","Thunderclap","Sentinel","True Grit+1","Headbutt","Fiend Fire+1","Exhume","Battle Trance","Evolve","Discovery+1","Rage","Whirlwind+1","Headbutt","Burning Pact","Shockwave"],"relics":["Burning Blood","Golden Idol","Centennial Puzzle","Whetstone","Dodecahedron","Sozu","Bag of Marbles","Omamori","Regal Pillow","Anchor","Self Forming Clay","War Paint"],"potions_floor_usage":[7],"damage_taken":[{"damage":5,"enemies":"Small Slimes","floor":1,"turns":2},{"damage":0,"enemies":"2 Louse","floor":4,"turns":1},{"damage":32,"enemies":"Lagavulin","floor":7,"turns":6},{"damage":1,"enemies":"Cultist","floor":8,"turns":3},{"damage":5,"enemies":"3 Sentries","floor":12,"turns":4},{"damage":0,"enemies":"Blue Slaver","floor":13,"turns":5},{"damage":7,"enemies":"Slime Boss","floor":16,"turns":6},{"damage":0,"enemies":"Spheric Guardian","floor":18,"turns":3},{"damage":0,"enemies":"2 Thieves","floor":20,"turns":3},{"damage":1,"enemies":"3 Cultists","floor":22,"turns":3},{"damage":4,"enemies":"Gremlin Leader","floor":23,"turns":4},{"damage":15,"enemies":"Slavers","floor":25,"turns":2},{"damage":0,"enemies":"Gremlin Leader","floor":27,"turns":3},{"damage":19,"enemies":"Slavers","floor":29,"turns":4},{"damage":15,"enemies":"Shelled Parasite and Fungi","floor":30,"turns":4},{"damage":5,"enemies":"Cultist and Chosen","floor":31,"turns":4},{"damage":75,"enemies":"Automaton","floor":33,"turns":8}],"seed_played":"-6624545647808825652","potions_obtained":[{"floor":4,"key":"Weak Potion"},{"floor":7,"key":"SpeedPotion"},{"floor":8,"key":"Explosive Potion"}],"is_trial":false,"path_per_floor":["M","?","?","M","?","R","E","M","T","$","R","E","M","?","R","B",null,"M","$","M","?","M","E","R","E","T","E","?","E","M","M","R"],"character_chosen":"IRONCLAD","items_purchased":["True Grit","Evolve","Discovery"],"campfire_rested":0,"item_purchase_floors":[10,19,19],"current_hp_per_floor":[80,60,65,71,71,71,45,50,50,50,50,51,57,46,46,45,85,85,85,85,85,85,85,85,76,76,82,82,69,60,61,61,0],"gold":469,"neow_bonus":"ONE_RANDOM_RARE_CARD","is_prod":false,"is_daily":false,"chose_seed":false,"campfire_upgraded":5,"win_rate":0,"timestamp":1538035181,"path_taken":["M","?","?","M","?","R","E","M","T","$","R","E","?","?","R","BOSS","M","$","M","?","?","E","R","E","T","E","?","E","M","M","R","BOSS"],"build_version":"2018-09-25","purchased_purges":1,"victory":false,"max_hp_per_floor":[80,80,85,85,85,85,85,85,85,85,85,85,85,85,85,85,85,85,85,85,85,85,85,85,85,85,85,85,85,85,85,85,85],"card_choices":[{"not_picked":["True Grit","Whirlwind"],"picked":"Armaments","floor":1},{"not_picked":["Rampage","Carnage"],"picked":"Anger","floor":4},{"not_picked":["Perfected Strike","Seeing Red"],"picked":"Thunderclap","floor":7},{"not_picked":["Thunderclap","Rupture"],"picked":"Sentinel","floor":8},{"not_picked":["Heavy Blade","Twin Strike"],"picked":"Headbutt","floor":12},{"not_picked":["Blood for Blood","Twin Strike"],"picked":"Fiend Fire","floor":13},{"not_picked":["Feed","Limit Break"],"picked":"Exhume","floor":16},{"not_picked":["Feel No Pain","Armaments"],"picked":"Battle Trance","floor":18},{"not_picked":["Combust","Blood for Blood"],"picked":"Rage","floor":20},{"not_picked":["Iron Wave","Body Slam+1","Clothesline"],"picked":"SKIP","floor":22},{"not_picked":["Hemokinesis","Searing Blow"],"picked":"Whirlwind+1","floor":23},{"not_picked":["Heavy Blade","Inflame"],"picked":"Headbutt","floor":25},{"not_picked":["Body Slam","Twin Strike","Thunderclap"],"picked":"SKIP","floor":27},{"not_picked":["Flex","Perfected Strike","Searing Blow"],"picked":"SKIP","floor":29},{"not_picked":["Heavy Blade","Cleave"],"picked":"Burning Pact","floor":30},{"not_picked":["Body Slam","Sword Boomerang"],"picked":"Shockwave","floor":31}],"player_experience":124427,"relics_obtained":[{"floor":7,"key":"Centennial Puzzle"},{"floor":9,"key":"Whetstone"},{"floor":12,"key":"Dodecahedron"},{"floor":23,"key":"Bag of Marbles"},{"floor":25,"key":"Omamori"},{"floor":26,"key":"Regal Pillow"},{"floor":27,"key":"Anchor"},{"floor":29,"key":"War Paint"}],"event_choices":[{"event_name":"Golden Idol","player_choice":"Take Damage","floor":2,"damage_taken":0},{"event_name":"Big Fish","player_choice":"Donut","floor":3,"damage_taken":0},{"event_name":"The Cleric","player_choice":"Card Removal","floor":5,"damage_taken":0},{"event_name":"World of Goop","player_choice":"Gather Gold","floor":14,"damage_taken":0},{"event_name":"Nest","player_choice":"Stole From Cult","floor":21,"damage_taken":0},{"event_name":"The Mausoleum","player_choice":"Yes","floor":28,"damage_taken":0}],"is_beta":true,"boss_relics":[{"not_picked":["Velvet Choker","White Beast Statue"],"picked":"Sozu"}],"items_purged_floors":[10],"is_endless":false,"potions_floor_spawned":[4,7,8,20,22,25,27,29],"killed_by":"Automaton","ascension_level":4}