{"gold_per_floor":[111,111,122,122,140,170,170,180,203,213,213,271,126,141,141,141],"floor_reached":16,"playtime":721,"items_purged":[],"score":137,"play_id":"d6d19106-72e1-4dc4-8dad-21265ed5f3a9","local_time":"20190204181945","is_ascension_mode":false,"campfire_choices":[{"data":"Feel No Pain","floor":7,"key":"SMITH"},{"floor":15,"key":"REST"}],"neow_cost":"PERCENT_DAMAGE","seed_source_timestamp":26094673294302,"circlet_count":0,"master_deck":["Strike_R","Strike_R","Strike_R","Strike_R","Defend_R","Defend_R","Defend_R","Defend_R","Bash","Iron Wave","Spot Weakness","Dark Shackles","Bash","Feel No Pain+1","Dropkick","Second Wind","Fire Breathing","True Grit","Juggernaut","Seeing Red"],"relics":["Burning Blood","Art of War","Blood Vial","Tiny Chest","Omamori"],"potions_floor_usage":[6,6,14,16],"damage_taken":[{"damage":5,"enemies":"2 Louse","floor":1,"turns":3},{"damage":2,"enemies":"Small Slimes","floor":3,"turns":4},{"damage":1,"enemies":"Cultist","floor":5,"turns":3},{"damage":36,"enemies":"Lagavulin","floor":6,"turns":7},{"damage":26,"enemies":"Exordium Wildlife","floor":8,"turns":6},{"damage":13,"enemies":"Red Slaver","floor":10,"turns":3},{"damage":20,"enemies":"3 Sentries","floor":12,"turns":9},{"damage":25,"enemies":"Lots of Slimes","floor":14,"turns":5},{"damage":44,"enemies":"The Guardian","floor":16,"turns":8}],"seed_played":"7400824250935015058","potions_obtained":[{"floor":1,"key":"PowerPotion"},{"floor":3,"key":"SteroidPotion"},{"floor":6,"key":"BloodPotion"},{"floor":14,"key":"EssenceOfSteel"}],"is_trial":false,"path_per_floor":["M","?","M","?","M","E","R","M","T","M","?","E","$","M","R","B"],"character_chosen":"IRONCLAD","items_purchased":["Omamori"],"campfire_rested":1,"item_purchase_floors":[13],"current_hp_per_floor":[73,73,77,77,82,52,52,32,32,27,27,15,15,7,35,0],"gold":141,"neow_bonus":"TWENTY_PERCENT_HP_BONUS","is_prod":false,"is_daily":false,"chose_seed":false,"campfire_upgraded":1,"win_rate":0.0,"timestamp":1549275585,"path_taken":["M","?","M","?","?","E","R","M","T","M","?","E","$","?","R","BOSS"],"build_version":"2019-01-23","purchased_purges":0,"victory":false,"max_hp_per_floor":[96,96,96,96,96,96,96,96,96,96,96,96,96,96,96,96],"card_choices":[{"not_picked":["Reckless Charge","Heavy Blade"],"picked":"Iron Wave","floor":1},{"not_picked":["Heavy Blade","Clothesline"],"picked":"Spot Weakness","floor":3},{"not_picked":["Body Slam","Clothesline"],"picked":"Feel No Pain","floor":5},{"not_picked":["Shrug It Off","Pommel Strike"],"picked":"Dropkick","floor":6},{"not_picked":["Bloodletting","Clothesline"],"picked":"Second Wind","floor":8},{"not_picked":["Perfected Strike","Battle Trance"],"picked":"Fire Breathing","floor":10},{"not_picked":["Clothesline","Sever Soul"],"picked":"Juggernaut","floor":12},{"not_picked":["Flex","Shrug It Off"],"picked":"Seeing Red","floor":14}],"player_experience":177159,"relics_obtained":[{"floor":6,"key":"Art of War"},{"floor":9,"key":"Blood Vial"},{"floor":12,"key":"Tiny Chest"}],"event_choices":[{"damage_healed":0,"gold_gain":0,"player_choice":"Ignored","damage_taken":0,"max_hp_gain":0,"max_hp_loss":0,"event_name":"Shining Light","floor":2,"gold_loss":0},{"damage_healed":0,"gold_gain":0,"player_choice":"2 cards matched","damage_taken":0,"max_hp_gain":0,"max_hp_loss":0,"event_name":"Match and Keep!","floor":4,"gold_loss":0,"cards_obtained":["Dark Shackles","Bash"]},{"damage_healed":0,"gold_gain":0,"player_choice":"2 cards matched","damage_taken":0,"max_hp_gain":0,"max_hp_loss":0,"event_name":"Match and Keep!","floor":4,"gold_loss":0,"cards_obtained":["Dark Shackles","Bash"]},{"damage_healed":0,"gold_gain":0,"cards_transformed":["Strike_R"],"player_choice":"Transformed","damage_taken":0,"max_hp_gain":0,"max_hp_loss":0,"event_name":"Transmorgrifier","floor":11,"gold_loss":0,"cards_obtained":["True Grit"]}],"is_beta":false,"boss_relics":[],"items_purged_floors":[],"is_endless":false,"potions_floor_spawned":[1,3,6,14],"killed_by":"The Guardian","ascension_level":0}