{"gold_per_floor":[111,121,121,121,140,140,155,155,178,205,280,312,312,15,15,114,114,129,228,245,245,260,260,271,271,271,297,308,308,308,324,324,423,423,443,693,143,159,176,176,206,206,206,206,240,256,256,273,273,273],"floor_reached":51,"playtime":4055,"items_purged":["Strike_G","Regret"],"score":870,"play_id":"32787b1f-1f18-4811-9dc2-12d6af3b8505","local_time":"20180706015026","is_ascension_mode":true,"campfire_choices":[{"data":"Defend_G","floor":6,"key":"SMITH"},{"data":"Dodge and Roll","floor":8,"key":"SMITH"},{"floor":13,"key":"REST"},{"data":"Noxious Fumes","floor":15,"key":"SMITH"},{"data":"Envenom","floor":23,"key":"SMITH"},{"data":"Distraction","floor":25,"key":"SMITH"},{"data":"Blur","floor":30,"key":"SMITH"},{"floor":32,"key":"REST"},{"data":"Backflip","floor":40,"key":"SMITH"},{"data":"Quick Slash","floor":42,"key":"SMITH"},{"data":"Cloak And Dagger","floor":47,"key":"SMITH"},{"floor":49,"key":"REST"}],"neow_cost":"NONE","seed_source_timestamp":1579007215205,"circlet_count":0,"master_deck":["Defend_G+1","Defend_G+1","Defend_G+1","Defend_G+1","Strike_G+1","Strike_G+1","Strike_G+1","Strike_G+1","Survivor+1","Neutralize+1","Dodge and Roll+1","Backflip+1","Distraction+1","Noxious Fumes+1","Envenom+1","Footwork+1","Blur+1","Blur+1","Infinite Blades","Expertise","Terror+1","Adrenaline","Choke","Quick Slash+1","Noxious Fumes+1","Infinite Blades","Writhe","Mind Blast+1","Flash of Steel+1","Secret Technique","Blur","Cloak And Dagger+1","Backflip"],"relics":["Ring of the Snake","Art of War","Orichalcum","Juzu Bracelet","Regal Pillow","Sozu","Matryoshka","Torii","Cursed Key","Toolbox","Strawberry","The Specimen","Snake Skull","Molten Egg 2","Shuriken"],"potions_floor_usage":[10,12,12,12,12,16],"damage_taken":[{"damage":0,"enemies":"Jaw Worm","floor":1,"turns":7},{"damage":0,"enemies":"Cultist","floor":2,"turns":4},{"damage":4,"enemies":"2 Louse","floor":5,"turns":4},{"damage":0,"enemies":"Red Slaver","floor":7,"turns":6},{"damage":35,"enemies":"Lagavulin","floor":10,"turns":9},{"damage":9,"enemies":"Gremlin Nob","floor":12,"turns":4},{"damage":18,"enemies":"Hexaghost","floor":16,"turns":13},{"damage":20,"enemies":"Chosen","floor":18,"turns":6},{"damage":0,"enemies":"Spheric Guardian","floor":20,"turns":7},{"damage":0,"enemies":"Snecko","floor":22,"turns":7},{"damage":1,"enemies":"Slaver and Parasite","floor":24,"turns":8},{"damage":0,"enemies":"Book of Stabbing","floor":27,"turns":7},{"damage":1,"enemies":"Snake Plant","floor":28,"turns":5},{"damage":10,"enemies":"Cultist and Chosen","floor":31,"turns":8},{"damage":22,"enemies":"Automaton","floor":33,"turns":11},{"damage":0,"enemies":"Orb Walker","floor":35,"turns":5},{"damage":0,"enemies":"3 Darklings","floor":38,"turns":4},{"damage":8,"enemies":"Sphere and 2 Shapes","floor":39,"turns":5},{"damage":0,"enemies":"Nemesis","floor":41,"turns":5},{"damage":19,"enemies":"2 Orb Walkers","floor":45,"turns":4},{"damage":7,"enemies":"4 Shapes","floor":46,"turns":3},{"damage":0,"enemies":"Maw","floor":48,"turns":6},{"damage":23,"enemies":"Donu and Deca","floor":50,"turns":7}],"seed_played":"-8949756137588263938","potions_obtained":[{"floor":7,"key":"AttackPotion"},{"floor":10,"key":"EntropicBrew"},{"floor":12,"key":"Regen Potion"}],"is_trial":false,"path_per_floor":["M","M","?","?","M","R","M","R","T","E","?","E","R","$","R","B",null,"M","?","M","?","M","R","M","R","T","E","M","?","R","M","R","B",null,"M","?","$","M","M","R","E","R","T","?","E","M","R","M","R","B"],"character_chosen":"THE_SILENT","items_purchased":["Noxious Fumes","Regal Pillow","Toolbox","Strawberry","Quick Slash"],"campfire_rested":3,"item_purchase_floors":[14,14,37,37,37],"current_hp_per_floor":[70,70,70,70,66,66,66,66,66,31,20,11,32,32,32,29,70,50,50,50,50,50,50,49,49,49,49,48,48,48,38,70,48,70,70,70,77,77,69,69,69,69,69,59,40,33,33,33,71,48],"gold":273,"neow_bonus":"UPGRADE_CARD","is_prod":false,"is_daily":false,"chose_seed":false,"campfire_upgraded":9,"win_rate":0,"timestamp":1530834626,"path_taken":["M","M","?","?","?","R","M","R","T","E","?","E","R","$","R","BOSS","M","?","M","?","M","R","M","R","T","E","M","?","R","M","R","BOSS","M","?","$","M","M","R","E","R","T","?","E","M","R","M","R","BOSS"],"build_version":"2018-06-28","purchased_purges":2,"victory":true,"max_hp_per_floor":[70,70,70,70,70,70,70,70,70,70,70,70,70,70,70,70,70,70,70,70,70,70,70,70,70,70,70,70,70,70,70,70,70,70,70,70,77,77,77,77,77,77,77,77,77,77,77,77,77,77],"card_choices":[{"not_picked":["Quick Slash","Dagger Throw","Setup"],"picked":"SKIP","floor":1},{"not_picked":["Dagger Spray","Acrobatics","Backflip"],"picked":"SKIP","floor":2},{"not_picked":["Dagger Throw","Acrobatics","Flying Knee"],"picked":"SKIP","floor":5},{"not_picked":["Bane","Heel Hook"],"picked":"Dodge and Roll","floor":7},{"not_picked":["Finisher","Dagger Throw"],"picked":"Backflip","floor":10},{"not_picked":["Terror","Skewer"],"picked":"Distraction","floor":12},{"not_picked":["Adrenaline","Grand Finale"],"picked":"Envenom","floor":16},{"not_picked":["PiercingWail","Dagger Spray+1"],"picked":"Footwork+1","floor":18},{"not_picked":["All Out Attack","Sucker Punch"],"picked":"Blur","floor":20},{"not_picked":["Caltrops","Acrobatics"],"picked":"Blur","floor":22},{"not_picked":["Bane","Underhanded Strike"],"picked":"Infinite Blades","floor":24},{"not_picked":["Underhanded Strike+1","PiercingWail","Bouncing Flask+1"],"picked":"SKIP","floor":27},{"not_picked":["Deflect+1","Blur+1"],"picked":"Expertise","floor":28},{"not_picked":["Bouncing Flask","Concentrate"],"picked":"Terror+1","floor":31},{"not_picked":["Glass Knife","Corpse Explosion"],"picked":"Adrenaline","floor":33},{"not_picked":["Dagger Throw","Backflip"],"picked":"Choke","floor":35},{"not_picked":["Bane+1","Underhanded Strike"],"picked":"Noxious Fumes+1","floor":38},{"not_picked":["Heel Hook","Deflect"],"picked":"Infinite Blades","floor":39},{"not_picked":["Concentrate","Endless Agony+1","Dash+1"],"picked":"SKIP","floor":41},{"not_picked":["Good Instincts","Dark Shackles"],"picked":"Mind Blast+1","floor":44},{"not_picked":["Panacea","Finesse"],"picked":"Flash of Steel+1","floor":44},{"not_picked":["Panacea","Good Instincts"],"picked":"Secret Technique","floor":44},{"not_picked":["Bouncing Flask+1","Prepared+1"],"picked":"Blur","floor":45},{"not_picked":["Reflex+1","Poisoned Stab+1"],"picked":"Cloak And Dagger","floor":46},{"not_picked":["Acrobatics","Quick Slash+1"],"picked":"Backflip","floor":48}],"player_experience":277909,"relics_obtained":[{"floor":9,"key":"Art of War"},{"floor":10,"key":"Orichalcum"},{"floor":12,"key":"Juzu Bracelet"},{"floor":26,"key":"Matryoshka"},{"floor":27,"key":"Torii"},{"floor":41,"key":"The Specimen"},{"floor":43,"key":"Snake Skull"},{"floor":43,"key":"Molten Egg 2"},{"floor":45,"key":"Shuriken"}],"event_choices":[{"event_name":"Wheel of Change","player_choice":"Card Removal","floor":3,"damage_taken":0},{"event_name":"Upgrade Shrine","player_choice":"Upgraded","floor":4,"damage_taken":0},{"event_name":"World of Goop","player_choice":"Gather Gold","floor":11,"damage_taken":0},{"event_name":"Nest","player_choice":"Stole From Cult","floor":19,"damage_taken":0},{"event_name":"Back to Basics","player_choice":"Simplicity","floor":21,"damage_taken":0},{"event_name":"Upgrade Shrine","player_choice":"Upgraded","floor":29,"damage_taken":0},{"event_name":"Golden Shrine","player_choice":"Desecrate","floor":36,"damage_taken":0},{"event_name":"SensoryStone","player_choice":"Memory 3","floor":44,"damage_taken":0}],"boss_relics":[{"not_picked":["Runic Dome","Velvet Choker"],"picked":"Sozu"},{"not_picked":["Pandora\u0027s Box","Eternal Feather"],"picked":"Cursed Key"}],"items_purged_floors":[14,37],"is_endless":false,"potions_floor_spawned":[7,10,12,27,28,31,33,38,45,46,48],"ascension_level":3}