{"gold_per_floor":[110,120,5,25,100,100,116,146,146,71,86,98,98,61,61,161,161,180,196,19,31,31,31,66,66,92,92,103,117,117,128,128,128],"floor_reached":33,"playtime":2646,"items_purged":[],"score":284,"play_id":"47de5416-457d-44f5-990f-4bbf53eedc8f","local_time":"20190128183254","is_ascension_mode":false,"campfire_choices":[{"data":"Noxious Fumes","floor":6,"key":"SMITH"},{"data":"Infinite Blades","floor":13,"key":"SMITH"},{"data":"Backflip","floor":15,"key":"SMITH"},{"floor":23,"key":"REST"},{"data":"Night Terror","floor":27,"key":"SMITH"},{"data":"Adrenaline","floor":30,"key":"SMITH"},{"floor":32,"key":"REST"}],"neow_cost":"NONE","seed_source_timestamp":1165374207779800,"circlet_count":0,"master_deck":["Defend_G","Defend_G","Defend_G","Defend_G","Defend_G","Strike_G","Strike_G","Strike_G","Strike_G","Strike_G","Survivor","Neutralize","Leg Sweep","Dagger Spray","Noxious Fumes+1","Crippling Poison","Quick Slash","Adrenaline+1","Infinite Blades+1","Bane","Backflip+1","Skewer","Night Terror+1","Slice","Blur+1","Noxious Fumes","Bouncing Flask","Slice","Flying Knee+1","Blade Dance","Deadly Poison","Dagger Throw","Bane"],"relics":["Ring of the Serpent","Regal Pillow","Enchiridion","Mercury Hourglass","Strawberry"],"potions_floor_usage":[16,16,21,24,28,33],"damage_taken":[{"damage":0,"enemies":"Small Slimes","floor":1,"turns":3},{"damage":2,"enemies":"2 Louse","floor":2,"turns":3},{"damage":2,"enemies":"Jaw Worm","floor":4,"turns":5},{"damage":1,"enemies":"Large Slime","floor":7,"turns":6},{"damage":0,"enemies":"Blue Slaver","floor":11,"turns":5},{"damage":4,"enemies":"Looter","floor":12,"turns":4},{"damage":50,"enemies":"The Guardian","floor":16,"turns":10},{"damage":17,"enemies":"Shell Parasite","floor":18,"turns":6},{"damage":0,"enemies":"Chosen","floor":19,"turns":6},{"damage":28,"enemies":"Snecko","floor":21,"turns":6},{"damage":1,"enemies":"Book of Stabbing","floor":24,"turns":6},{"damage":21,"enemies":"Snake Plant","floor":28,"turns":3},{"damage":5,"enemies":"Cultist and Chosen","floor":29,"turns":6},{"damage":21,"enemies":"Shelled Parasite and Fungi","floor":31,"turns":5},{"damage":63,"enemies":"Automaton","floor":33,"turns":10}],"seed_played":"5934670073284619541","potions_obtained":[{"floor":4,"key":"Fruit Juice"},{"floor":11,"key":"Poison Potion"},{"floor":16,"key":"PowerPotion"},{"floor":18,"key":"Poison Potion"},{"floor":19,"key":"FearPotion"},{"floor":21,"key":"Block Potion"},{"floor":24,"key":"Ancient Potion"}],"is_trial":false,"path_per_floor":["M","M","$","M","?","R","M","?","T","$","M","M","R","$","R","B",null,"M","M","$","M","?","R","E","?","T","R","M","M","R","M","R","B"],"character_chosen":"THE_SILENT","items_purchased":["Noxious Fumes","Crippling Poison","Infinite Blades","Skewer","Noxious Fumes","Bouncing Flask","Slice"],"campfire_rested":2,"item_purchase_floors":[3,3,10,14,20,20,20],"current_hp_per_floor":[77,75,75,73,62,62,61,61,61,61,61,57,57,57,57,12,82,65,65,65,37,21,60,59,59,66,66,45,40,40,19,60,0],"gold":128,"neow_bonus":"TEN_PERCENT_HP_BONUS","is_prod":false,"is_daily":false,"chose_seed":false,"campfire_upgraded":5,"win_rate":0.0,"timestamp":1548718374,"path_taken":["M","M","$","M","?","R","M","?","T","$","M","M","R","?","R","BOSS","M","M","$","M","?","R","E","?","T","R","M","M","R","M","R","BOSS"],"build_version":"2019-01-23","purchased_purges":0,"victory":false,"max_hp_per_floor":[77,77,77,77,77,77,77,77,77,77,77,77,77,77,77,82,82,82,82,82,82,82,82,82,82,89,89,89,89,89,89,89,89],"card_choices":[{"not_picked":["Deflect","Catalyst"],"picked":"Leg Sweep","floor":1},{"not_picked":["Backstab","Dash"],"picked":"Dagger Spray","floor":2},{"not_picked":["Deflect","Prepared"],"picked":"Quick Slash","floor":4},{"not_picked":["Choke","Riddle With Holes"],"picked":"Adrenaline","floor":7},{"not_picked":["Dagger Spray","Outmaneuver"],"picked":"Bane","floor":11},{"not_picked":["Dagger Spray","Bane"],"picked":"Backflip","floor":12},{"not_picked":["Glass Knife","Wraith Form v2"],"picked":"Night Terror","floor":16},{"not_picked":["Reflex","Leg Sweep"],"picked":"Slice","floor":18},{"not_picked":["Outmaneuver","Sucker Punch"],"picked":"Blur+1","floor":19},{"not_picked":["Acrobatics+1","Slice"],"picked":"Flying Knee+1","floor":21},{"not_picked":["Slice","Reflex+1"],"picked":"Blade Dance","floor":24},{"not_picked":["Distraction","Endless Agony"],"picked":"Deadly Poison","floor":28},{"not_picked":["Skewer","Crippling Poison"],"picked":"Dagger Throw","floor":29},{"not_picked":["Dash","Poisoned Stab"],"picked":"Bane","floor":31}],"player_experience":41703,"relics_obtained":[{"floor":9,"key":"Regal Pillow"},{"floor":22,"key":"Enchiridion"},{"floor":24,"key":"Mercury Hourglass"},{"floor":26,"key":"Strawberry"}],"event_choices":[{"damage_healed":0,"gold_gain":75,"player_choice":"Gather Gold","damage_taken":11,"max_hp_gain":0,"max_hp_loss":0,"event_name":"World of Goop","floor":5,"gold_loss":0},{"damage_healed":0,"gold_gain":30,"player_choice":"Searched \u00272\u0027 times","damage_taken":0,"max_hp_gain":0,"max_hp_loss":0,"event_name":"Dead Adventurer","floor":8,"gold_loss":0},{"damage_healed":0,"gold_gain":0,"player_choice":"Obtained Book","damage_taken":16,"max_hp_gain":0,"max_hp_loss":0,"event_name":"Cursed Tome","floor":22,"gold_loss":0},{"damage_healed":0,"gold_gain":0,"player_choice":"Ignored","damage_taken":0,"max_hp_gain":0,"max_hp_loss":0,"event_name":"Ghosts","floor":25,"gold_loss":0}],"is_beta":false,"boss_relics":[{"not_picked":["Lizard Tail","Runic Dome"],"picked":"Ring of the Serpent"}],"items_purged_floors":[],"is_endless":false,"potions_floor_spawned":[4,11,16,18,19,21,24],"killed_by":"Automaton","ascension_level":0}