{"gold_per_floor":[117,132,6,17,33,366,366,382,382,382,397,397,410,360,360,457,457,474,37,52,322,322],"floor_reached":22,"playtime":2506,"items_purged":["Strike_G"],"score":188,"play_id":"4033143f-fd03-438c-a11e-bb29694c54b4","local_time":"20190127213408","is_ascension_mode":false,"campfire_choices":[{"floor":7,"key":"REST"},{"floor":10,"key":"REST"},{"data":"Bouncing Flask","floor":12,"key":"SMITH"},{"data":"Outmaneuver","floor":15,"key":"SMITH"}],"neow_cost":"NONE","seed_source_timestamp":0,"circlet_count":0,"master_deck":["Defend_G","Defend_G","Defend_G","Defend_G","Defend_G","Strike_G","Strike_G","Strike_G","Survivor","Neutralize","Backstab","Underhanded Strike","Sucker Punch","Deadly Poison","Dagger Spray","Bouncing Flask+1","Outmaneuver+1","Dagger Throw","Expertise","PiercingWail","Dash","Venomology","Calculated Gamble+1","Infinite Blades","Endless Agony","Noxious Fumes+1"],"special_seed":0,"relics":["Ring of the Snake","Old Coin","Question Card","Black Star","Frozen Egg 2"],"potions_floor_usage":[6,16,16,22],"damage_taken":[{"damage":0.0,"enemies":"Small Slimes","floor":1.0,"turns":5.0},{"damage":0,"enemies":"Cultist","floor":2,"turns":5},{"damage":8,"enemies":"Jaw Worm","floor":4,"turns":4},{"damage":3,"enemies":"Lots of Slimes","floor":5,"turns":4},{"damage":28,"enemies":"Gremlin Nob","floor":6,"turns":5},{"damage":23,"enemies":"Exordium Thugs","floor":8,"turns":5},{"damage":2,"enemies":"3 Louse","floor":11,"turns":3},{"damage":9,"enemies":"Blue Slaver","floor":13,"turns":3},{"damage":21,"enemies":"Hexaghost","floor":16,"turns":8},{"damage":23,"enemies":"Shell Parasite","floor":18,"turns":5},{"damage":11,"enemies":"Chosen","floor":20,"turns":5},{"damage":24,"enemies":"Snake Plant","floor":22,"turns":3}],"seed_played":"-8059383005952304954","potions_obtained":[{"floor":1,"key":"AttackPotion"},{"floor":8,"key":"GamblersBrew"},{"floor":11,"key":"Energy Potion"}],"is_trial":false,"path_per_floor":["M","M","$","M","M","E","R","M","T","R","M","R","M","?","R","B",null,"M","$","M","?","M"],"character_chosen":"THE_SILENT","items_purchased":["Sucker Punch","Deadly Poison","Dagger Spray","Infinite Blades","Endless Agony","Frozen Egg 2"],"campfire_rested":2,"item_purchase_floors":[3,3,3,19,19,19],"current_hp_per_floor":[77,77,77,69,66,38,61,38,38,61,59,59,50,50,50,29,77,54,54,43,15,0],"gold":322,"neow_bonus":"TEN_PERCENT_HP_BONUS","is_prod":false,"is_daily":false,"chose_seed":false,"campfire_upgraded":2,"win_rate":0.0,"timestamp":1548642848,"path_taken":["M","M","$","M","M","E","R","M","T","R","M","R","M","?","R","BOSS","M","$","M","?","?"],"build_version":"2019-01-23","purchased_purges":1,"victory":false,"max_hp_per_floor":[77,77,77,77,77,77,77,77,77,77,77,77,77,77,77,77,77,77,77,77,77,77],"card_choices":[{"not_picked":["Quick Slash","Outmaneuver"],"picked":"Backstab","floor":1},{"not_picked":["Escape Plan","Caltrops"],"picked":"Underhanded Strike","floor":2},{"not_picked":["Dagger Spray","All Out Attack"],"picked":"Bouncing Flask","floor":4},{"not_picked":["Underhanded Strike","Acrobatics"],"picked":"Outmaneuver","floor":5},{"not_picked":["Dash","Riddle With Holes"],"picked":"Dagger Throw","floor":6},{"not_picked":["Riddle With Holes","Dagger Throw"],"picked":"Expertise","floor":8},{"not_picked":["Deflect","Well Laid Plans","Dagger Throw"],"picked":"PiercingWail","floor":11},{"not_picked":["Backflip","Skewer","Poisoned Stab"],"picked":"Dash","floor":13},{"not_picked":["A Thousand Cuts","Glass Knife","Unload"],"picked":"Venomology","floor":16},{"not_picked":["Masterful Stab","Choke","Dash"],"picked":"Calculated Gamble+1","floor":18},{"not_picked":["Dodge and Roll+1","Predator+1","Underhanded Strike"],"picked":"Noxious Fumes+1","floor":20}],"player_experience":14697,"relics_obtained":[{"floor":6,"key":"Old Coin"},{"floor":9,"key":"Question Card"}],"event_choices":[{"cards_removed":["Strike_G"],"damage_healed":0,"gold_gain":0,"player_choice":"Card Removal","damage_taken":0,"max_hp_gain":0,"max_hp_loss":0,"event_name":"The Cleric","floor":14,"gold_loss":50},{"damage_healed":0,"gold_gain":270,"player_choice":"GOLD GOLD GOLD ","damage_taken":28,"max_hp_gain":0,"max_hp_loss":0,"event_name":"Knowing Skull","floor":21,"potions_obtained":[],"gold_loss":0,"cards_obtained":[]}],"is_beta":false,"boss_relics":[{"not_picked":["Lizard Tail","HoveringKite"],"picked":"Black Star"}],"items_purged_floors":[19],"is_endless":false,"potions_floor_spawned":[1,8,11],"killed_by":"Snake Plant","ascension_level":0}