{"gold_per_floor":[115,290,290,308,328,353,353,353,353,54,87,102,102,116,116,216,216,235,254,254,59,59,59,93,93,93,93,93,108,108,141,141,238,238,255,269,269,269,283,283,311,311,311,325,340,340,340,86,86,86,86,86,11,39,39],"floor_reached":56,"playtime":2428,"items_purged":["Strike_G","Strike_G"],"score":1416,"play_id":"07889f6d-ba6b-47d8-a6a7-77a6bef8d39a","local_time":"20190124141726","is_ascension_mode":true,"campfire_choices":[{"floor":8.0,"key":"REST"},{"data":"Distraction","floor":13.0,"key":"SMITH"},{"data":"Catalyst","floor":15.0,"key":"SMITH"},{"floor":23.0,"key":"REST"},{"floor":25.0,"key":"REST"},{"data":"Catalyst","floor":30.0,"key":"SMITH"},{"data":"Burst","floor":32.0,"key":"SMITH"},{"floor":40,"key":"REST"},{"data":"A Thousand Cuts","floor":42,"key":"SMITH"},{"floor":47,"key":"RECALL"},{"data":"Noxious Fumes","floor":49,"key":"SMITH"},{"data":"PiercingWail","floor":52,"key":"SMITH"}],"neow_cost":"NONE","seed_source_timestamp":0,"circlet_count":0,"master_deck":["Defend_G","Defend_G","Defend_G","Defend_G","Defend_G","Strike_G","Survivor","Neutralize","Dash","Backstab","Catalyst+1","Cloak And Dagger","Deadly Poison","Crippling Poison","Noxious Fumes+1","Burst+1","Distraction+1","Bullet Time","PiercingWail+1","Outmaneuver","Apotheosis","Catalyst+1","Underhanded Strike+1","A Thousand Cuts+1","Leg Sweep+1","Predator+1","Tools of the Trade","Noxious Fumes+1"],"special_seed":0,"relics":["Orrery","Paper Crane","Spirit Poop","Centennial Puzzle","PreservedInsect","Pantograph","Snecko Eye","Happy Flower","Dead Branch","Art of War","Philosopher\u0027s Stone","Dream Catcher","Oddly Smooth Stone","Vajra"],"potions_floor_usage":[39,45,55,55,55],"damage_taken":[{"damage":0.0,"enemies":"2 Louse","floor":1.0,"turns":2.0},{"damage":0.0,"enemies":"Cultist","floor":4.0,"turns":4.0},{"damage":0.0,"enemies":"Small Slimes","floor":5.0,"turns":4.0},{"damage":49.0,"enemies":"Gremlin Nob","floor":6.0,"turns":7.0},{"damage":7.0,"enemies":"Lagavulin","floor":11.0,"turns":5.0},{"damage":0.0,"enemies":"2 Fungi Beasts","floor":12.0,"turns":3.0},{"damage":2.0,"enemies":"3 Louse","floor":14.0,"turns":4.0},{"damage":5.0,"enemies":"Hexaghost","floor":16.0,"turns":7.0},{"damage":13.0,"enemies":"Spheric Guardian","floor":18.0,"turns":4.0},{"damage":7.0,"enemies":"Shell Parasite","floor":19.0,"turns":5.0},{"damage":13.0,"enemies":"Colosseum Slavers","floor":20.0,"turns":4.0},{"damage":9.0,"enemies":"Book of Stabbing","floor":24.0,"turns":5.0},{"damage":0.0,"enemies":"Snake Plant","floor":29.0,"turns":2.0},{"damage":0.0,"enemies":"Gremlin Leader","floor":31.0,"turns":6.0},{"damage":6.0,"enemies":"Collector","floor":33.0,"turns":6.0},{"damage":22.0,"enemies":"3 Darklings","floor":35.0,"turns":5.0},{"damage":0.0,"enemies":"3 Shapes","floor":36.0,"turns":4.0},{"damage":7,"enemies":"3 Darklings","floor":39,"turns":4},{"damage":0,"enemies":"Giant Head","floor":41,"turns":5},{"damage":0,"enemies":"Transient","floor":44,"turns":5},{"damage":1,"enemies":"4 Shapes","floor":45,"turns":3},{"damage":45,"enemies":"Donu and Deca","floor":50,"turns":8},{"damage":13,"enemies":"Shield and Spear","floor":54,"turns":6},{"damage":28,"enemies":"The Heart","floor":55,"turns":5}],"seed_played":"3717619946508613564","potions_obtained":[{"floor":1.0,"key":"FearPotion"},{"floor":3.0,"key":"EssenceOfSteel"},{"floor":3.0,"key":"Weak Potion"},{"floor":3.0,"key":"Energy Potion"},{"floor":29.0,"key":"Block Potion"},{"floor":31.0,"key":"Swift Potion"},{"floor":35.0,"key":"GhostInAJar"},{"floor":41,"key":"LiquidBronze"},{"floor":45,"key":"Dexterity Potion"}],"is_trial":false,"path_per_floor":["M","?","?","M","M","E","?","R","T","$","E","M","R","M","R","B",null,"M","M","?","$","?","R","E","R","T","?","?","M","R","E","R","B",null,"M","M","?","?","M","R","E","R","T","M","M","?","R","$","R","B",null,"R","$","E","B",null],"character_chosen":"THE_SILENT","items_purchased":["PreservedInsect","Noxious Fumes","Apotheosis","Oddly Smooth Stone","GhostInAJar"],"campfire_rested":4,"item_purchase_floors":[10,10,21,48,53],"current_hp_per_floor":[70,70,70,70,70,21,21,42,42,42,35,35,35,33,33,53,70,57,50,37,37,37,58,49,70,70,57,57,57,57,57,57,69,75,53,53,53,53,46,68,68,68,68,68,67,67,67,67,67,30,75,75,75,62,47],"gold":39,"neow_bonus":"BOSS_RELIC","is_prod":false,"is_daily":false,"chose_seed":false,"campfire_upgraded":7,"win_rate":0,"timestamp":1548357446,"path_taken":["M","?","?","M","?","E","?","R","T","$","E","M","R","M","R","BOSS","M","M","?","$","?","R","E","R","T","?","?","M","R","E","R","BOSS","M","M","?","?","M","R","E","R","T","M","M","?","R","$","R","BOSS","R","$","E","BOSS"],"build_version":"2019-01-23","purchased_purges":2,"victory":true,"max_hp_per_floor":[70,70,70,70,70,70,70,70,70,70,70,70,70,70,70,70,70,70,70,70,70,70,70,70,70,70,75,75,75,75,75,75,75,75,75,75,75,75,75,75,75,75,75,75,75,75,75,75,75,75,75,75,75,75,75],"card_choices":[{"not_picked":["Infinite Blades","Flying Knee"],"picked":"Dash","floor":0.0},{"not_picked":["Outmaneuver","Dagger Spray"],"picked":"Backstab","floor":0.0},{"not_picked":["Reflex","Deadly Poison"],"picked":"Catalyst","floor":0.0},{"not_picked":["Prepared","Blade Dance"],"picked":"Cloak And Dagger","floor":0.0},{"not_picked":["Slice","Dagger Spray","Sucker Punch"],"picked":"SKIP","floor":1.0},{"not_picked":["Setup","Acrobatics","All Out Attack"],"picked":"SKIP","floor":4.0},{"not_picked":["Backflip","Endless Agony"],"picked":"Deadly Poison","floor":5.0},{"not_picked":["Caltrops","Deflect"],"picked":"Crippling Poison","floor":6.0},{"not_picked":["Cloak And Dagger","Poisoned Stab"],"picked":"Burst","floor":11.0},{"not_picked":["Flying Knee","Setup"],"picked":"Distraction","floor":12.0},{"not_picked":["Flying Knee","Concentrate","Deflect"],"picked":"SKIP","floor":14.0},{"not_picked":["Venomology","Die Die Die"],"picked":"Bullet Time","floor":16.0},{"not_picked":["Blade Dance+1","Endless Agony"],"picked":"PiercingWail","floor":18.0},{"not_picked":["Concentrate","Dagger Spray"],"picked":"Outmaneuver","floor":19.0},{"not_picked":["Underhanded Strike","Backflip"],"picked":"Catalyst","floor":24.0},{"not_picked":["Outmaneuver","Distraction+1","Setup"],"picked":"SKIP","floor":29.0},{"not_picked":["Backflip","Calculated Gamble+1"],"picked":"Underhanded Strike+1","floor":31.0},{"not_picked":["Tools of the Trade","Malaise"],"picked":"A Thousand Cuts","floor":33.0},{"not_picked":["Terror+1","Flying Knee+1"],"picked":"Leg Sweep+1","floor":35.0},{"not_picked":["Dash+1","Blade Dance"],"picked":"Predator+1","floor":36.0},{"not_picked":["Outmaneuver+1","Backflip+1","Flying Knee+1"],"picked":"SKIP","floor":39},{"not_picked":["Infinite Blades","Finisher"],"picked":"Tools of the Trade","floor":41},{"not_picked":["Backstab+1","Flying Knee+1","Slice+1"],"picked":"SKIP","floor":44},{"not_picked":["Cloak And Dagger+1","Concentrate+1","Acrobatics+1"],"picked":"SKIP","floor":45},{"not_picked":["Bouncing Flask","Quick Slash+1"],"picked":"Noxious Fumes+1","floor":54}],"player_experience":124401,"relics_obtained":[{"floor":6.0,"key":"Paper Crane"},{"floor":9.0,"key":"Centennial Puzzle"},{"floor":11.0,"key":"Pantograph"},{"floor":24.0,"key":"Happy Flower"},{"floor":26.0,"key":"Dead Branch"},{"floor":31.0,"key":"Art of War"},{"floor":41,"key":"Dream Catcher"},{"floor":54,"key":"Vajra"}],"event_choices":[{"damage_healed":0.0,"max_hp_gain":0.0,"max_hp_loss":0.0,"gold_gain":175.0,"event_name":"Liars Game","player_choice":"AGREE","floor":2.0,"gold_loss":0.0,"damage_taken":0.0,"cards_obtained":["Doubt"]},{"damage_healed":0.0,"max_hp_gain":0.0,"max_hp_loss":0.0,"gold_gain":0.0,"event_name":"Lab","player_choice":"Got Potions","floor":3.0,"gold_loss":0.0,"damage_taken":0.0},{"cards_removed":["Doubt"],"damage_healed":0.0,"max_hp_gain":0.0,"max_hp_loss":0.0,"gold_gain":0.0,"event_name":"Bonfire Elementals","player_choice":"Offered Curse","floor":7.0,"gold_loss":0.0,"damage_taken":0.0,"relics_obtained":["Spirit Poop"]},{"damage_healed":0.0,"max_hp_gain":0.0,"max_hp_loss":0.0,"gold_gain":0.0,"event_name":"Colosseum","player_choice":"Fight","floor":20.0,"gold_loss":0.0,"damage_taken":0.0},{"damage_healed":0.0,"max_hp_gain":0.0,"max_hp_loss":0.0,"gold_gain":0.0,"event_name":"Colosseum","player_choice":"Fled From Nobs","floor":20.0,"gold_loss":0.0,"damage_taken":0.0},{"damage_healed":0.0,"max_hp_gain":0.0,"max_hp_loss":0.0,"gold_gain":0.0,"event_name":"Beggar","player_choice":"Ignored","floor":22.0,"gold_loss":0.0,"damage_taken":0.0},{"damage_healed":0.0,"max_hp_gain":5.0,"max_hp_loss":0.0,"gold_gain":0.0,"event_name":"Forgotten Altar","player_choice":"Shed Blood","floor":27.0,"gold_loss":0.0,"damage_taken":18.0},{"cards_removed":["Strike_G"],"damage_healed":0.0,"max_hp_gain":0.0,"max_hp_loss":0.0,"gold_gain":0.0,"event_name":"Back to Basics","player_choice":"Elegance","floor":28.0,"gold_loss":0.0,"damage_taken":0.0},{"damage_healed":0.0,"max_hp_gain":0.0,"max_hp_loss":0.0,"gold_gain":0.0,"event_name":"Mysterious Sphere","player_choice":"Ignored","floor":37.0,"gold_loss":0.0,"damage_taken":0.0},{"damage_healed":0,"gold_gain":0,"player_choice":"Ignored","damage_taken":0,"max_hp_gain":0,"max_hp_loss":0,"event_name":"Tomb of Lord Red Mask","floor":38,"gold_loss":0},{"cards_removed":["Strike_G"],"damage_healed":0,"gold_gain":0,"player_choice":"Removed Attack","damage_taken":0,"max_hp_gain":0,"max_hp_loss":0,"event_name":"Falling","floor":46,"gold_loss":0}],"is_beta":false,"boss_relics":[{"not_picked":["WristBlade","Runic Dome"],"picked":"Snecko Eye"},{"not_picked":["Coffee Dripper","Fusion Hammer"],"picked":"Philosopher\u0027s Stone"}],"items_purged_floors":[10,48],"is_endless":false,"potions_floor_spawned":[1,4,16,20,29,31,35,41,45],"ascension_level":3}