{"gold_per_floor":[213,232,249,12,25,25,55,55,55,82,92,126,144,63,63,165,165,182,97,97,114,35,64,64,122,122,145,0,31,31,48,48,148,148,158,158,169,109,109,134,134,126,162,205,217,229,241,272,284,296],"floor_reached":51,"playtime":18283,"items_purged":["Strike_R"],"score":1021,"play_id":"44876b9f-7bc1-44d2-b787-db1b46aa036c","local_time":"20190202185239","is_ascension_mode":true,"campfire_choices":[{"data":"Flame Barrier","floor":6,"key":"SMITH"},{"floor":15,"key":"REST"},{"data":"Armaments","floor":24,"key":"SMITH"},{"floor":30,"key":"REST"},{"floor":32,"key":"REST"},{"floor":41,"key":"DIG"},{"floor":47,"key":"REST"},{"data":"Impervious","floor":49,"key":"SMITH"}],"neow_cost":"NONE","seed_source_timestamp":266189632158900,"circlet_count":0,"master_deck":["Bash+1","Pommel Strike","Shrug It Off","Anger","Juggernaut","Flame Barrier+1","Cleave","Double Tap","Armaments+1","Barricade+1","Seeing Red","Good Instincts","Impervious+1","Juggernaut+1","Intimidate","Disarm","True Grit+1","Shockwave+1","Flame Barrier+1","Juggernaut+1","Second Wind+1","Burning Pact+1","Evolve+1","Dark Embrace+1","Sentinel+1","The Bomb+1","Fire Breathing+1","Searing Blow"],"relics":["Burning Blood","Membership Card","Shovel","Bird Faced Urn","Frozen Egg 2","Self Forming Clay","Velvet Choker","Art of War","Bag of Preparation","Toxic Egg 2","Tiny Chest","Juzu Bracelet","Omamori","Matryoshka","Pandora\u0027s Box","Boot","MawBank","Happy Flower","Lantern","Potion Belt","Anchor","Meat on the Bone"],"potions_floor_usage":[11,13,16,23,31,40,40,50,50,50],"damage_taken":[{"damage":1,"enemies":"Cultist","floor":1,"turns":4},{"damage":3,"enemies":"2 Louse","floor":2,"turns":3},{"damage":2,"enemies":"Jaw Worm","floor":3,"turns":4},{"damage":6,"enemies":"Blue Slaver","floor":5,"turns":4},{"damage":32,"enemies":"Gremlin Nob","floor":7,"turns":5},{"damage":31,"enemies":"Lagavulin","floor":10,"turns":7},{"damage":3,"enemies":"2 Fungi Beasts","floor":11,"turns":3},{"damage":18,"enemies":"Gremlin Nob","floor":12,"turns":4},{"damage":6,"enemies":"Gremlin Gang","floor":13,"turns":2},{"damage":25,"enemies":"Slime Boss","floor":16,"turns":13},{"damage":3,"enemies":"3 Byrds","floor":18,"turns":4},{"damage":2,"enemies":"Shell Parasite","floor":21,"turns":7},{"damage":8,"enemies":"Book of Stabbing","floor":23,"turns":6},{"damage":56,"enemies":"Slavers","floor":25,"turns":8},{"damage":17,"enemies":"Gremlin Leader","floor":29,"turns":9},{"damage":14,"enemies":"3 Cultists","floor":31,"turns":5},{"damage":23,"enemies":"Champ","floor":33,"turns":12},{"damage":24,"enemies":"3 Shapes","floor":35,"turns":5},{"damage":14,"enemies":"3 Darklings","floor":37,"turns":6},{"damage":19,"enemies":"Nemesis","floor":40,"turns":8},{"damage":43,"enemies":"Reptomancer","floor":44,"turns":8},{"damage":0,"enemies":"Sphere and 2 Shapes","floor":48,"turns":4},{"damage":75,"enemies":"Awakened One","floor":50,"turns":13}],"seed_played":"2050696707667290104","potions_obtained":[{"floor":2,"key":"SneckoOil"},{"floor":5,"key":"Fruit Juice"},{"floor":7,"key":"Ancient Potion"},{"floor":11,"key":"Explosive Potion"},{"floor":13,"key":"Swift Potion"},{"floor":31,"key":"Weak Potion"},{"floor":33,"key":"SkillPotion"},{"floor":37,"key":"Swift Potion"},{"floor":42,"key":"Energy Potion"},{"floor":44,"key":"Poison Potion"}],"is_trial":false,"path_per_floor":["M","M","M","$","M","R","E","?","T","E","M","E","M","$","R","B",null,"M","?","?","M","$","E","R","E","T","T","?","E","R","M","R","B",null,"M","?","M","?","?","E","R","?","T","E","?","T","R","M","R","B",null],"character_chosen":"IRONCLAD","items_purchased":["Membership Card","Juggernaut","Good Instincts","Bag of Preparation"],"campfire_rested":4,"item_purchase_floors":[4,4,14,22],"current_hp_per_floor":[77,80,80,80,80,80,54,54,54,31,39,27,27,27,52,37,73,78,78,78,84,84,85,85,38,38,38,38,33,58,54,79,68,81,71,71,71,71,71,72,72,72,72,47,47,47,72,84,84,30],"gold":308,"neow_bonus":"HUNDRED_GOLD","is_prod":false,"is_daily":false,"chose_seed":false,"campfire_upgraded":3,"win_rate":0,"timestamp":1549104759,"path_taken":["M","M","M","$","M","R","E","?","T","E","M","E","M","$","R","BOSS","M","?","?","M","$","E","R","E","T","?","?","E","R","M","R","BOSS","M","?","M","?","?","E","R","?","T","E","?","?","R","M","R","BOSS"],"build_version":"2019-01-23","purchased_purges":1,"victory":true,"max_hp_per_floor":[80,80,80,80,80,80,80,80,80,80,85,85,85,85,85,85,85,85,85,85,85,85,85,85,85,85,85,85,85,85,85,85,85,85,85,85,85,85,85,85,85,85,85,85,85,85,85,85,85,85],"card_choices":[{"not_picked":["Iron Wave","Flex"],"picked":"Pommel Strike","floor":1},{"not_picked":["Pommel Strike","Entrench"],"picked":"Shrug It Off","floor":2},{"not_picked":["Fire Breathing","Spot Weakness"],"picked":"Anger","floor":3},{"not_picked":["Power Through","Reckless Charge"],"picked":"Flame Barrier","floor":5},{"not_picked":["Pummel","Headbutt"],"picked":"Cleave","floor":7},{"not_picked":["Rampage","Pommel Strike"],"picked":"Double Tap","floor":10},{"not_picked":["Anger","Clothesline"],"picked":"Armaments","floor":11},{"not_picked":["Heavy Blade","Seeing Red"],"picked":"Barricade+1","floor":12},{"not_picked":["Armaments","Twin Strike"],"picked":"Seeing Red","floor":13},{"not_picked":["Demon Form+1","Bludgeon"],"picked":"Impervious","floor":16},{"not_picked":["Rage","Wild Strike","Sentinel"],"picked":"SKIP","floor":18},{"not_picked":["Thunderclap","Cleave+1"],"picked":"Disarm","floor":21},{"not_picked":["Double Tap","Body Slam+1"],"picked":"True Grit","floor":23},{"not_picked":["Fire Breathing+1","Pummel+1"],"picked":"Shockwave+1","floor":25},{"not_picked":["Perfected Strike+1","Reckless Charge","Fire Breathing+1"],"picked":"SKIP","floor":29},{"not_picked":["Clothesline","Sword Boomerang+1"],"picked":"Flame Barrier+1","floor":31},{"not_picked":["Exhume+1","Limit Break+1"],"picked":"Juggernaut+1","floor":33},{"not_picked":["Reckless Charge+1","Burning Pact+1"],"picked":"Sentinel+1","floor":35},{"not_picked":["Transmutation+1","Enlightenment+1"],"picked":"The Bomb+1","floor":36},{"not_picked":["Sword Boomerang+1","Shockwave+1"],"picked":"Body Slam","floor":37},{"not_picked":["Clash+1","Dark Embrace+1","Havoc+1"],"picked":"SKIP","floor":40},{"not_picked":["Reckless Charge","Heavy Blade","Rage+1"],"picked":"SKIP","floor":44},{"not_picked":["Twin Strike+1","Heavy Blade+1","Thunderclap"],"picked":"SKIP","floor":48}],"player_experience":247601,"relics_obtained":[{"floor":7,"key":"Shovel"},{"floor":9,"key":"Bird Faced Urn"},{"floor":10,"key":"Frozen Egg 2"},{"floor":12,"key":"Self Forming Clay"},{"floor":23,"key":"Toxic Egg 2"},{"floor":25,"key":"Tiny Chest"},{"floor":26,"key":"Juzu Bracelet"},{"floor":27,"key":"Omamori"},{"floor":29,"key":"Matryoshka"},{"floor":40,"key":"Boot"},{"floor":41,"key":"MawBank"},{"floor":43,"key":"Happy Flower"},{"floor":43,"key":"Lantern"},{"floor":44,"key":"Potion Belt"},{"floor":46,"key":"Anchor"},{"floor":46,"key":"Meat on the Bone"}],"event_choices":[{"damage_healed":0,"gold_gain":0,"player_choice":"Grow","damage_taken":0,"max_hp_gain":0,"max_hp_loss":0,"event_name":"Living Wall","floor":8,"gold_loss":0,"cards_upgraded":["Bash"]},{"damage_healed":0,"gold_gain":0,"player_choice":"Obtained Relic","damage_taken":0,"relics_obtained":["Art of War"],"max_hp_gain":0,"max_hp_loss":0,"event_name":"Addict","floor":19,"gold_loss":85},{"damage_healed":0,"gold_gain":0,"cards_transformed":["Strike_R","Strike_R"],"player_choice":"Became Test Subject","damage_taken":0,"max_hp_gain":0,"max_hp_loss":0,"event_name":"Drug Dealer","floor":20,"gold_loss":0,"cards_obtained":["Juggernaut","Intimidate"]},{"damage_healed":0,"gold_gain":0,"player_choice":"Paid Fearfully","damage_taken":0,"max_hp_gain":0,"max_hp_loss":0,"event_name":"Masked Bandits","floor":28,"gold_loss":145},{"damage_healed":0,"gold_gain":0,"player_choice":"Memory 1","damage_taken":0,"max_hp_gain":0,"max_hp_loss":0,"event_name":"SensoryStone","floor":36,"gold_loss":0},{"damage_healed":0,"gold_gain":0,"cards_transformed":["Rage","Perfected Strike"],"player_choice":"Transformed Cards","damage_taken":0,"max_hp_gain":0,"max_hp_loss":0,"event_name":"Designer","floor":38,"gold_loss":60,"cards_obtained":["Fire Breathing","Searing Blow"]},{"damage_healed":0,"gold_gain":0,"player_choice":"Ignored","damage_taken":0,"max_hp_gain":0,"max_hp_loss":0,"event_name":"Mysterious Sphere","floor":39,"gold_loss":0},{"damage_healed":0,"gold_gain":0,"player_choice":"Bought 1 Potion","damage_taken":0,"max_hp_gain":0,"max_hp_loss":0,"event_name":"The Woman in Blue","floor":42,"gold_loss":0},{"cards_removed":["Body Slam"],"damage_healed":0,"gold_gain":0,"player_choice":"Removed Attack","damage_taken":0,"max_hp_gain":0,"max_hp_loss":0,"event_name":"Falling","floor":45,"gold_loss":0}],"is_beta":false,"boss_relics":[{"not_picked":["Coffee Dripper","Ectoplasm"],"picked":"Velvet Choker"},{"not_picked":["Busted Crown","Runic Dome"],"picked":"Pandora\u0027s Box"}],"items_purged_floors":[14],"is_endless":false,"potions_floor_spawned":[2,5,7,11,13,31,33,37,44],"ascension_level":8}