{"gold_per_floor":[114,114,129,129,148,148,167,167,167,186,224,399,74,93,93,93],"floor_reached":16,"playtime":889,"items_purged":[],"score":102,"play_id":"6722b984-72aa-47ea-a335-a50c2d802c62","local_time":"20180714105115","daily_mods":["Shiny","Uncertain Future","Lethality"],"is_ascension_mode":false,"campfire_choices":[{"floor":6,"key":"REST"},{"data":"Machine Learning","floor":8,"key":"SMITH"},{"floor":15,"key":"REST"}],"neow_cost":"","seed_source_timestamp":0,"circlet_count":0,"master_deck":["Multi-Cast","Hyperbeam","Thunder Strike","Biased Cognition","Machine Learning+1","Electrodynamics","Buffer","Rainbow","Seek","Meteor Strike","Echo Form","All For One","Reboot","Amplify","Creative AI","Fission","Core Surge","Chaos","Cold Snap","Injury","Conserve Battery","Rebound","Conserve Battery","Conserve Battery","Doubt","Capacitor","Coolheaded"],"special_seed":17726,"relics":["Cracked Core","Girya","Golden Idol","Pen Nib","Dodecahedron","Mercury Hourglass"],"potions_floor_usage":[],"damage_taken":[{"damage":9,"enemies":"2 Louse","floor":1,"turns":2},{"damage":21,"enemies":"Small Slimes","floor":3,"turns":3},{"damage":7,"enemies":"Cultist","floor":5,"turns":3},{"damage":0,"enemies":"Large Slime","floor":7,"turns":4},{"damage":17,"enemies":"2 Fungi Beasts","floor":10,"turns":3},{"damage":21,"enemies":"Lagavulin","floor":11,"turns":4},{"damage":5,"enemies":"Gremlin Gang","floor":14,"turns":2},{"damage":33,"enemies":"The Guardian","floor":16,"turns":2}],"seed_played":"-1557900698408723444","potions_obtained":[{"floor":1,"key":"Strength Potion"},{"floor":5,"key":"SmokeBomb"}],"is_trial":false,"path_per_floor":["M","?","M","?","M","R","M","R","T","M","E","?","$","M","R"],"character_chosen":"DEFECT","items_purchased":["Mercury Hourglass","Capacitor"],"campfire_rested":2,"item_purchase_floors":[13,13],"current_hp_per_floor":[66,54,33,33,26,48,48,48,48,31,10,10,10,5,27,0],"gold":93,"neow_bonus":"","is_prod":false,"is_daily":true,"chose_seed":false,"campfire_upgraded":1,"win_rate":0.0,"timestamp":1531558275,"path_taken":["M","?","M","?","M","R","M","R","T","M","E","?","$","M","R","BOSS"],"build_version":"2018-07-12","purchased_purges":0,"victory":false,"max_hp_per_floor":[75,75,75,75,75,75,75,75,75,75,75,75,75,75,75,75],"card_choices":[{"not_picked":["Double Energy","Steam Power"],"picked":"Chaos","floor":1},{"not_picked":["Stack","Compile Driver"],"picked":"Cold Snap","floor":3},{"not_picked":["Go for the Eyes","Ball Lightning"],"picked":"Conserve Battery","floor":5},{"not_picked":["Stack","Hello World"],"picked":"Rebound","floor":7},{"not_picked":["Reprogram","Hologram"],"picked":"Conserve Battery","floor":10},{"not_picked":["Redo","Streamline"],"picked":"Conserve Battery","floor":11},{"not_picked":["Genetic Algorithm","Beam Cell"],"picked":"Coolheaded","floor":14}],"player_experience":55241,"relics_obtained":[{"floor":9,"key":"Pen Nib"},{"floor":11,"key":"Dodecahedron"}],"event_choices":[{"event_name":"Scrap Ooze","player_choice":"success","floor":2,"damage_taken":12},{"event_name":"Golden Idol","player_choice":"Take Wound","floor":4,"damage_taken":0},{"event_name":"Liars Game","player_choice":"agreed","floor":12,"damage_taken":0}],"boss_relics":[],"items_purged_floors":[],"is_endless":false,"potions_floor_spawned":[1,5],"killed_by":"The Guardian","ascension_level":0}