{"gold_per_floor":[368,384,401,476,464,464,491,504,504,504,522,522,166,180,180,285,285],"floor_reached":17,"playtime":627,"items_purged":["Strike_B"],"score":191,"play_id":"6c945425-2110-4afc-ba76-d50198270ba2","local_time":"20190205100103","is_ascension_mode":true,"campfire_choices":[{"floor":6.0,"key":"REST"},{"floor":10.0,"key":"REST"},{"data":"Reinforced Body","floor":12.0,"key":"SMITH"},{"data":"Barrage","floor":15.0,"key":"SMITH"}],"neow_cost":"PERCENT_DAMAGE","seed_source_timestamp":0,"circlet_count":0,"master_deck":["Strike_B","Strike_B","Strike_B","Defend_B","Defend_B","Defend_B","Defend_B","Zap","Dualcast","Reinforced Body+1","Auto Shields","Rebound","Glacier","Barrage+1","Conserve Battery","Sunder","Coolheaded"],"special_seed":0,"relics":["Cracked Core","Happy Flower","Art of War","HandDrill"],"potions_floor_usage":[],"damage_taken":[{"damage":9.0,"enemies":"Jaw Worm","floor":1.0,"turns":4.0},{"damage":0.0,"enemies":"2 Louse","floor":2.0,"turns":3.0},{"damage":0.0,"enemies":"Cultist","floor":3.0,"turns":3.0},{"damage":15.0,"enemies":"Exordium Thugs","floor":5.0,"turns":5.0},{"damage":36.0,"enemies":"3 Sentries","floor":7.0,"turns":9.0},{"damage":0.0,"enemies":"Red Slaver","floor":8.0,"turns":5.0},{"damage":2.0,"enemies":"Blue Slaver","floor":11.0,"turns":2.0},{"damage":0.0,"enemies":"3 Louse","floor":14.0,"turns":3.0},{"damage":46.0,"enemies":"The Guardian","floor":16.0,"turns":14.0}],"seed_played":"3485833128192363353","potions_obtained":[{"floor":1.0,"key":"Regen Potion"},{"floor":3.0,"key":"Poison Potion"},{"floor":7.0,"key":"SteroidPotion"},{"floor":14.0,"key":"Regen Potion"}],"is_trial":false,"path_per_floor":["M","M","M","?","M","R","E","M","T","R","M","R","$","M","R","B",null],"character_chosen":"DEFECT","items_purchased":["HandDrill","Sunder"],"campfire_rested":2,"item_purchase_floors":[13,13],"current_hp_per_floor":[45,45,45,34,19,41,14,14,14,36,34,34,34,34,34,3,3],"gold":285,"neow_bonus":"TWO_FIFTY_GOLD","is_prod":false,"is_daily":false,"chose_seed":false,"campfire_upgraded":2,"win_rate":0,"timestamp":1549378863,"path_taken":["M","M","M","?","M","R","E","M","T","R","M","R","$","M","R","BOSS"],"build_version":"2019-01-23","purchased_purges":1,"victory":false,"max_hp_per_floor":[75,75,75,75,75,75,75,75,75,75,75,75,75,75,75,75,75],"card_choices":[{"not_picked":["Streamline","Beam Cell"],"picked":"Reinforced Body","floor":1.0},{"not_picked":["Leap","Compile Driver"],"picked":"Auto Shields","floor":2.0},{"not_picked":["Stack","Melter","Leap"],"picked":"SKIP","floor":3.0},{"not_picked":["Auto Shields","Turbo"],"picked":"Rebound","floor":5.0},{"not_picked":["Multi-Cast","Redo"],"picked":"Glacier","floor":7.0},{"not_picked":["Lockon","Tempest"],"picked":"Barrage","floor":8.0},{"not_picked":["Blizzard","Leap"],"picked":"Conserve Battery","floor":11.0},{"not_picked":["Melter","Sunder"],"picked":"Coolheaded","floor":14.0}],"player_experience":245600,"relics_obtained":[{"floor":7.0,"key":"Happy Flower"},{"floor":9.0,"key":"Art of War"}],"event_choices":[{"damage_healed":0.0,"max_hp_gain":0.0,"max_hp_loss":0.0,"gold_gain":75.0,"event_name":"World of Goop","player_choice":"Gather Gold","floor":4.0,"gold_loss":0.0,"damage_taken":11.0}],"is_beta":false,"boss_relics":[],"items_purged_floors":[13],"is_endless":false,"potions_floor_spawned":[1,3,7,14],"ascension_level":4}