{"gold_per_floor":[116,132,151,171,187,206,238,238,238,268,282,262,21,33,33,33],"floor_reached":16,"playtime":966,"items_purged":[],"score":122,"play_id":"6974daea-2aed-4865-9eac-baa756e54a8c","local_time":"20190204002713","is_ascension_mode":true,"campfire_choices":[{"data":"Caltrops","floor":8,"key":"SMITH"},{"data":"Blur","floor":15,"key":"SMITH"}],"neow_cost":"PERCENT_DAMAGE","seed_source_timestamp":1706712912484600,"circlet_count":0,"master_deck":["Defend_G","Defend_G","Defend_G","Defend_G","Defend_G","Strike_G","Strike_G","Strike_G","Strike_G","Strike_G","Survivor","Neutralize","Caltrops+1","Cloak And Dagger","PiercingWail","Slice","Bouncing Flask","Dagger Throw","Quick Slash","Blur+1","Deadly Poison","Quick Slash"],"relics":["Ring of the Snake","Ornamental Fan","Dodecahedron","Blue Candle","Toy Ornithopter"],"potions_floor_usage":[7,10,14,14],"damage_taken":[{"damage":1,"enemies":"2 Louse","floor":1,"turns":4},{"damage":0,"enemies":"Cultist","floor":2,"turns":5},{"damage":1,"enemies":"Small Slimes","floor":3,"turns":4},{"damage":5,"enemies":"Gremlin Gang","floor":4,"turns":7},{"damage":9,"enemies":"Exordium Thugs","floor":5,"turns":6},{"damage":0,"enemies":"Large Slime","floor":6,"turns":7},{"damage":16,"enemies":"Lagavulin","floor":7,"turns":6},{"damage":17,"enemies":"Gremlin Nob","floor":10,"turns":4},{"damage":4,"enemies":"Blue Slaver","floor":11,"turns":4},{"damage":0,"enemies":"Gremlin Gang","floor":14,"turns":4},{"damage":23,"enemies":"The Guardian","floor":16,"turns":8}],"seed_played":"-238464237942068301","potions_obtained":[{"floor":1,"key":"Swift Potion"},{"floor":5,"key":"SteroidPotion"},{"floor":6,"key":"LiquidBronze"},{"floor":7,"key":"Weak Potion"},{"floor":12,"key":"Fire Potion"}],"is_trial":false,"path_per_floor":["M","M","M","M","M","M","E","R","T","E","M","?","$","M","R","B"],"character_chosen":"THE_SILENT","items_purchased":["Toy Ornithopter","Quick Slash"],"campfire_rested":0,"item_purchase_floors":[13,13],"current_hp_per_floor":[62,62,61,56,47,47,31,31,31,14,10,10,10,20,20,0],"gold":33,"neow_bonus":"TWENTY_PERCENT_HP_BONUS","is_prod":false,"is_daily":false,"chose_seed":false,"campfire_upgraded":2,"win_rate":0,"timestamp":1549258033,"path_taken":["M","M","M","M","M","M","E","R","T","E","M","?","$","M","R","BOSS"],"build_version":"2019-01-23","purchased_purges":0,"victory":false,"max_hp_per_floor":[84,84,84,84,84,84,84,84,84,84,84,84,84,84,84,84],"card_choices":[{"not_picked":["Underhanded Strike","Sucker Punch"],"picked":"Caltrops","floor":1},{"not_picked":["Dodge and Roll","Underhanded Strike"],"picked":"Cloak And Dagger","floor":2},{"not_picked":["Well Laid Plans","Cloak And Dagger"],"picked":"PiercingWail","floor":3},{"not_picked":["Underhanded Strike","Choke"],"picked":"Slice","floor":4},{"not_picked":["Acrobatics","Riddle With Holes"],"picked":"Bouncing Flask","floor":5},{"not_picked":["Sucker Punch","Outmaneuver"],"picked":"Dagger Throw","floor":6},{"not_picked":["Slice","Flechettes"],"picked":"Quick Slash","floor":7},{"not_picked":["Prepared","Malaise"],"picked":"Blur","floor":10},{"not_picked":["Endless Agony","Predator"],"picked":"Deadly Poison","floor":11},{"not_picked":["Flechettes","Prepared","PiercingWail"],"picked":"SKIP","floor":14}],"player_experience":213428,"relics_obtained":[{"floor":7,"key":"Ornamental Fan"},{"floor":9,"key":"Dodecahedron"},{"floor":10,"key":"Blue Candle"}],"event_choices":[{"damage_healed":0,"gold_gain":0,"player_choice":"Bought 1 Potion","damage_taken":0,"max_hp_gain":0,"max_hp_loss":0,"event_name":"The Woman in Blue","floor":12,"gold_loss":0}],"is_beta":false,"boss_relics":[],"items_purged_floors":[],"is_endless":false,"potions_floor_spawned":[1,5,6,7],"killed_by":"The Guardian","ascension_level":1}