{"gold_per_floor":[114,114,128,78,78,97,97,128,128,154,154,9,0,28,28,124,124,134,234,247,257,276,276],"floor_reached":23,"playtime":1155,"items_purged":[],"score":209,"play_id":"eabb4f31-bbab-4bef-aa49-fd50a3e60981","local_time":"20190203140137","is_ascension_mode":false,"campfire_choices":[{"data":"Rampage","floor":7,"key":"SMITH"},{"floor":11,"key":"REST"},{"floor":15,"key":"REST"}],"neow_cost":"NONE","seed_source_timestamp":266538980537886,"circlet_count":0,"master_deck":["Strike_R","Strike_R","Strike_R","Strike_R","Defend_R","Defend_R","Defend_R","Defend_R","Bash","Brutality","Shrug It Off","Rampage+1","Clash","Dual Wield","Rage","Entrench","Reaper","Anger","Clash","Spot Weakness","Clash"],"relics":["Burning Blood","Mummified Hand","Ornamental Fan","Thread and Needle","Blood Vial","Champion Belt","Black Star"],"potions_floor_usage":[16,16,21],"damage_taken":[{"damage":4,"enemies":"Small Slimes","floor":1,"turns":4},{"damage":7,"enemies":"Jaw Worm","floor":3,"turns":4},{"damage":13,"enemies":"2 Louse","floor":6,"turns":3},{"damage":32,"enemies":"3 Sentries","floor":8,"turns":7},{"damage":48,"enemies":"Gremlin Nob","floor":10,"turns":5},{"damage":10,"enemies":"Lagavulin","floor":14,"turns":5},{"damage":29,"enemies":"Slime Boss","floor":16,"turns":9},{"damage":11,"enemies":"3 Byrds","floor":18,"turns":7},{"damage":9,"enemies":"Shell Parasite","floor":20,"turns":7},{"damage":30,"enemies":"Snake Plant","floor":21,"turns":7},{"damage":35,"enemies":"Chosen and Byrds","floor":22,"turns":8},{"damage":60,"enemies":"Gremlin Leader","floor":23,"turns":7}],"seed_played":"7870592516431190463","potions_obtained":[{"floor":6,"key":"Strength Potion"},{"floor":14,"key":"Energy Potion"},{"floor":20,"key":"PowerPotion"}],"is_trial":false,"path_per_floor":["M","?","M","?","?","M","R","E","T","E","R","$","?","E","R","B",null,"M","?","M","M","M","E"],"character_chosen":"IRONCLAD","items_purchased":["Blood Vial"],"campfire_rested":2,"item_purchase_floors":[12],"current_hp_per_floor":[80,80,79,79,84,77,77,51,51,9,34,34,34,32,57,36,85,82,82,81,59,38,0],"gold":276,"neow_bonus":"ONE_RANDOM_RARE_CARD","is_prod":false,"is_daily":false,"chose_seed":false,"campfire_upgraded":1,"win_rate":0.0,"timestamp":1549173697,"path_taken":["M","?","M","?","?","M","R","E","T","E","R","?","?","E","R","BOSS","M","?","M","M","?","E"],"build_version":"2019-01-23","purchased_purges":0,"victory":false,"max_hp_per_floor":[80,80,80,80,85,85,85,85,85,85,85,85,85,85,85,85,85,85,85,85,85,85,85],"card_choices":[{"not_picked":["Reckless Charge","Clothesline"],"picked":"Shrug It Off","floor":1},{"not_picked":["Thunderclap","Whirlwind"],"picked":"Rampage","floor":3},{"not_picked":["True Grit","Perfected Strike"],"picked":"Clash","floor":6},{"not_picked":["Sever Soul","Warcry"],"picked":"Dual Wield","floor":8},{"not_picked":["Anger","Twin Strike"],"picked":"Rage","floor":10},{"not_picked":["Iron Wave","Bloodletting"],"picked":"Entrench","floor":14},{"not_picked":["Immolate","Bludgeon"],"picked":"Reaper","floor":16},{"not_picked":["Twin Strike","Searing Blow"],"picked":"Anger","floor":18},{"not_picked":["Blood for Blood","Twin Strike"],"picked":"Clash","floor":20},{"not_picked":["Clothesline","True Grit+1"],"picked":"Spot Weakness","floor":21},{"not_picked":["Searing Blow+1","Twin Strike"],"picked":"Clash","floor":22}],"player_experience":169583,"relics_obtained":[{"floor":8,"key":"Mummified Hand"},{"floor":9,"key":"Ornamental Fan"},{"floor":10,"key":"Thread and Needle"},{"floor":14,"key":"Champion Belt"}],"event_choices":[{"damage_healed":0,"gold_gain":0,"player_choice":"Ignored","damage_taken":0,"max_hp_gain":0,"max_hp_loss":0,"event_name":"Liars Game","floor":2,"gold_loss":0},{"cards_removed":["Strike_R"],"damage_healed":0,"gold_gain":0,"player_choice":"Card Removal","damage_taken":0,"max_hp_gain":0,"max_hp_loss":0,"event_name":"The Cleric","floor":4,"gold_loss":50},{"damage_healed":0,"gold_gain":0,"player_choice":"Donut","damage_taken":0,"max_hp_gain":5,"max_hp_loss":0,"event_name":"Big Fish","floor":5,"gold_loss":0},{"damage_healed":0,"gold_gain":0,"player_choice":"Left Gold","damage_taken":0,"max_hp_gain":0,"max_hp_loss":0,"event_name":"World of Goop","floor":13,"gold_loss":9},{"damage_healed":0,"gold_gain":100,"player_choice":"Pray","damage_taken":0,"max_hp_gain":0,"max_hp_loss":0,"event_name":"Golden Shrine","floor":19,"gold_loss":0}],"is_beta":false,"boss_relics":[{"not_picked":["Runic Dome","Coffee Dripper"],"picked":"Black Star"}],"items_purged_floors":[],"is_endless":false,"potions_floor_spawned":[6,14,20],"killed_by":"Gremlin Leader","ascension_level":0}