{"gold_per_floor":[110,110,134,134,59,59,89,89,89,89,39,16,40,40,40,169,169,193,211,211],"floor_reached":20,"playtime":614,"items_purged":["Strike_R"],"score":160,"play_id":"ff183c84-6051-4168-b86f-e17e94e41ad8","local_time":"20190205144216","is_ascension_mode":false,"campfire_choices":[{"data":"Deep Breath","floor":6,"key":"SMITH"},{"data":"Bludgeon","floor":10,"key":"SMITH"},{"data":"Iron Wave","floor":15,"key":"SMITH"}],"neow_cost":"TEN_PERCENT_HP_LOSS","seed_source_timestamp":99570891095392,"circlet_count":0,"master_deck":["Strike_R","Strike_R","Defend_R","Defend_R","Defend_R","Defend_R","Bash","Dramatic Entrance","Deep Breath+1","Iron Wave+1","Cleave+1","Bludgeon+1","Cleave","Shrug It Off","Barricade","Pommel Strike+1","Burning Pact"],"relics":["Burning Blood","Golden Idol","Kunai","Self Forming Clay","Eternal Feather"],"potions_floor_usage":[19],"damage_taken":[{"damage":0,"enemies":"2 Louse","floor":1,"turns":3},{"damage":0,"enemies":"Small Slimes","floor":3,"turns":3},{"damage":1,"enemies":"Jaw Worm","floor":13,"turns":3},{"damage":32,"enemies":"The Guardian","floor":16,"turns":9},{"damage":43,"enemies":"Chosen","floor":18,"turns":7},{"damage":15,"enemies":"Shell Parasite","floor":19,"turns":4},{"damage":26,"enemies":"Snake Plant","floor":20,"turns":2}],"seed_played":"-6868576239164292466","potions_obtained":[{"floor":1,"key":"BloodPotion"},{"floor":18,"key":"Dexterity Potion"}],"is_trial":false,"path_per_floor":["M","?","M","?","$","R","?","?","T","R","?","$","M","?","R","B",null,"M","M","M"],"character_chosen":"IRONCLAD","items_purchased":["Cleave"],"campfire_rested":0,"item_purchase_floors":[12],"current_hp_per_floor":[72,54,60,60,60,60,60,60,60,60,60,60,65,65,65,39,72,35,26,0],"gold":211,"neow_bonus":"RANDOM_COLORLESS_2","is_prod":false,"is_daily":false,"chose_seed":false,"campfire_upgraded":3,"win_rate":0.0,"timestamp":1549348936,"path_taken":["M","?","M","?","$","R","?","?","T","R","?","$","M","?","R","BOSS","M","M","M"],"build_version":"2019-01-23","purchased_purges":1,"victory":false,"max_hp_per_floor":[72,72,72,72,72,72,72,72,72,72,72,72,72,72,72,72,72,72,72,72],"card_choices":[{"not_picked":["Heavy Blade","True Grit"],"picked":"Iron Wave","floor":1},{"not_picked":["Anger","Body Slam"],"picked":"Cleave","floor":3},{"not_picked":["Sever Soul","Entrench"],"picked":"Shrug It Off","floor":13},{"not_picked":["Reaper","Impervious"],"picked":"Barricade","floor":16},{"not_picked":["Thunderclap","Bloodletting"],"picked":"Pommel Strike+1","floor":18},{"not_picked":["Sentinel","Anger"],"picked":"Burning Pact","floor":19}],"player_experience":190585,"relics_obtained":[{"floor":9,"key":"Self Forming Clay"}],"event_choices":[{"damage_healed":0,"gold_gain":0,"player_choice":"Take Damage","damage_taken":18,"relics_obtained":["Golden Idol"],"max_hp_gain":0,"max_hp_loss":0,"event_name":"Golden Idol","floor":2,"gold_loss":0},{"damage_healed":0,"gold_gain":0,"player_choice":"Ignored","damage_taken":0,"max_hp_gain":0,"max_hp_loss":0,"event_name":"Shining Light","floor":4,"gold_loss":0},{"damage_healed":0,"gold_gain":30,"player_choice":"Searched \u00272\u0027 times","damage_taken":0,"relics_obtained":["Kunai"],"max_hp_gain":0,"max_hp_loss":0,"event_name":"Dead Adventurer","floor":7,"gold_loss":0},{"damage_healed":0,"gold_gain":0,"cards_transformed":["Strike_R"],"player_choice":"Change","damage_taken":0,"max_hp_gain":0,"max_hp_loss":0,"event_name":"Living Wall","floor":8,"gold_loss":0,"cards_obtained":["Bludgeon"]},{"cards_removed":["Strike_R"],"damage_healed":0,"gold_gain":0,"player_choice":"Card Removal","damage_taken":0,"max_hp_gain":0,"max_hp_loss":0,"event_name":"The Cleric","floor":11,"gold_loss":50},{"damage_healed":0,"gold_gain":0,"player_choice":"Upgraded","damage_taken":0,"max_hp_gain":0,"max_hp_loss":0,"event_name":"Upgrade Shrine","floor":14,"gold_loss":0,"cards_upgraded":["Cleave"]}],"is_beta":false,"boss_relics":[{"not_picked":["Runic Cube","Snecko Eye"],"picked":"Eternal Feather"}],"items_purged_floors":[5],"is_endless":false,"potions_floor_spawned":[1,18],"killed_by":"Snake Plant","ascension_level":0}