{"gold_per_floor":[211,161,171,171,171,171,207,220,220,234,234,259,272,313,313,313],"floor_reached":16,"playtime":370,"items_purged":[],"score":118,"play_id":"aa373e48-2621-4fd6-9923-b95bb43ef624","local_time":"20190205211003","is_ascension_mode":true,"campfire_choices":[{"data":"Dagger Spray","floor":6,"key":"SMITH"},{"data":"Deadly Poison","floor":11,"key":"SMITH"},{"data":"Noxious Fumes","floor":15,"key":"SMITH"}],"neow_cost":"NONE","seed_source_timestamp":15526902947300,"circlet_count":0,"master_deck":["Defend_G","Defend_G","Defend_G","Defend_G","Defend_G","Strike_G","Strike_G","Strike_G","Strike_G","Survivor","Neutralize","Dagger Spray+1","PiercingWail","PiercingWail","Adrenaline","Deadly Poison+1","Noxious Fumes+1"],"relics":["Ring of the Snake","Golden Idol","Darkstone Periapt","Letter Opener","Dodecahedron","Gambling Chip"],"potions_floor_usage":[7,16],"damage_taken":[{"damage":0,"enemies":"2 Louse","floor":1,"turns":4},{"damage":0,"enemies":"Jaw Worm","floor":3,"turns":4},{"damage":33,"enemies":"Gremlin Nob","floor":7,"turns":7},{"damage":0,"enemies":"Small Slimes","floor":8,"turns":5},{"damage":0,"enemies":"Looter","floor":10,"turns":4},{"damage":0,"enemies":"Lots of Slimes","floor":12,"turns":1},{"damage":0,"enemies":"3 Louse","floor":13,"turns":3},{"damage":4,"enemies":"3 Sentries","floor":14,"turns":7},{"damage":25,"enemies":"Slime Boss","floor":16,"turns":3}],"seed_played":"-839488696342068221","potions_obtained":[{"floor":1,"key":"Block Potion"},{"floor":13,"key":"Ancient Potion"},{"floor":14,"key":"GamblersBrew"}],"is_trial":false,"path_per_floor":["M","?","M","?","?","R","E","M","T","M","R","M","M","E","R","B"],"character_chosen":"THE_SILENT","items_purchased":[],"campfire_rested":0,"item_purchase_floors":[],"current_hp_per_floor":[70,70,70,65,53,53,20,20,20,20,20,20,20,16,16,0],"gold":313,"neow_bonus":"HUNDRED_GOLD","is_prod":false,"is_daily":false,"chose_seed":false,"campfire_upgraded":3,"win_rate":0,"timestamp":1549393803,"path_taken":["M","?","M","?","?","R","E","M","T","M","R","?","M","E","R","BOSS"],"build_version":"2019-01-23","purchased_purges":0,"victory":false,"max_hp_per_floor":[70,70,70,65,65,65,65,65,65,65,65,65,65,65,65,65],"card_choices":[{"not_picked":["Dash","Skewer"],"picked":"Dagger Spray","floor":1},{"not_picked":["Dagger Spray","Outmaneuver"],"picked":"PiercingWail","floor":3},{"not_picked":["Blade Dance","Dagger Spray"],"picked":"PiercingWail","floor":7},{"not_picked":["Heel Hook","Predator"],"picked":"Adrenaline","floor":8},{"not_picked":["Leg Sweep","Infinite Blades"],"picked":"Deadly Poison","floor":10},{"not_picked":["Slice","Dagger Throw","Sucker Punch"],"picked":"SKIP","floor":12},{"not_picked":["Cloak And Dagger","Sucker Punch","Masterful Stab"],"picked":"SKIP","floor":13},{"not_picked":["Blur","Phantasmal Killer"],"picked":"Noxious Fumes","floor":14}],"player_experience":633803,"relics_obtained":[{"floor":7,"key":"Letter Opener"},{"floor":9,"key":"Dodecahedron"},{"floor":14,"key":"Gambling Chip"}],"event_choices":[{"cards_removed":["Strike_G"],"damage_healed":0,"gold_gain":0,"player_choice":"Card Removal","damage_taken":0,"max_hp_gain":0,"max_hp_loss":0,"event_name":"The Cleric","floor":2,"gold_loss":50},{"damage_healed":0,"gold_gain":0,"player_choice":"Lose Max HP","damage_taken":0,"relics_obtained":["Golden Idol"],"max_hp_gain":0,"max_hp_loss":5,"event_name":"Golden Idol","floor":4,"gold_loss":0},{"damage_healed":0,"gold_gain":0,"player_choice":"Success","damage_taken":12,"relics_obtained":["Darkstone Periapt"],"max_hp_gain":0,"max_hp_loss":0,"event_name":"Scrap Ooze","floor":5,"gold_loss":0}],"is_beta":false,"boss_relics":[],"items_purged_floors":[],"is_endless":false,"potions_floor_spawned":[1,13,14],"killed_by":"Slime Boss","ascension_level":1}