{"gold_per_floor":[109,29,29,29,45,45,75,105,105,105,122,122,152,152,152,247,247,267,286,2,16,16],"floor_reached":22,"playtime":835,"items_purged":["Strike_B"],"score":250,"play_id":"c30c7e23-f031-48b0-9d44-df854e7580eb","local_time":"20190203182635","is_ascension_mode":true,"campfire_choices":[{"data":"Redo","floor":6,"key":"SMITH"},{"data":"Dualcast","floor":10,"key":"SMITH"},{"data":"White Noise","floor":12,"key":"SMITH"},{"data":"Go for the Eyes","floor":15,"key":"SMITH"}],"neow_cost":"NONE","seed_source_timestamp":1685206032039500,"circlet_count":0,"master_deck":["Strike_B+1","Strike_B","Strike_B","Defend_B","Defend_B","Defend_B","Defend_B","Zap","Dualcast+1","Redo+1","Chill","Gash","Go for the Eyes+1","White Noise+1","Gash+1","Electrodynamics","Leap","Turbo","Beam Cell","Gash"],"relics":["Cracked Core","NeowsBlessing","Pantograph","Oddly Smooth Stone","Blue Candle","Potion Belt","CultistMask","Runic Pyramid","Whetstone"],"potions_floor_usage":[],"damage_taken":[{"damage":0,"enemies":"Jaw Worm","floor":1,"turns":1},{"damage":0,"enemies":"Cultist","floor":5,"turns":1},{"damage":0,"enemies":"Gremlin Nob","floor":7,"turns":1},{"damage":0,"enemies":"2 Louse","floor":11,"turns":3},{"damage":24,"enemies":"Lagavulin","floor":13,"turns":7},{"damage":37,"enemies":"The Guardian","floor":16,"turns":12},{"damage":29,"enemies":"2 Thieves","floor":18,"turns":4},{"damage":4,"enemies":"Chosen","floor":19,"turns":6},{"damage":32,"enemies":"Snake Plant","floor":21,"turns":4},{"damage":12,"enemies":"Centurion and Healer","floor":22,"turns":4}],"seed_played":"7272034892465367102","potions_obtained":[{"floor":1,"key":"FearPotion"},{"floor":13,"key":"Energy Potion"},{"floor":19,"key":"LiquidBronze"},{"floor":21,"key":"Dexterity Potion"}],"is_trial":false,"path_per_floor":["M","$","?","$","M","R","E","?","T","R","M","R","E","?","R","B",null,"M","M","$","M","M"],"character_chosen":"DEFECT","items_purchased":["Chill","Whetstone","Beam Cell"],"campfire_rested":0,"item_purchase_floors":[2,20,20],"current_hp_per_floor":[75,75,75,75,75,75,75,75,75,75,75,75,51,51,51,38,75,46,42,42,10,0],"gold":16,"neow_bonus":"THREE_ENEMY_KILL","is_prod":false,"is_daily":false,"chose_seed":false,"campfire_upgraded":4,"win_rate":0,"timestamp":1549236395,"path_taken":["M","$","?","?","M","R","E","?","T","R","M","R","E","?","R","BOSS","M","M","$","M","M"],"build_version":"2019-01-23","purchased_purges":1,"victory":false,"max_hp_per_floor":[75,75,75,75,75,75,75,75,75,75,75,75,75,75,75,75,75,75,75,75,75,75],"card_choices":[{"not_picked":["Loop","Go for the Eyes"],"picked":"Redo","floor":1},{"not_picked":["Ball Lightning","Compile Driver"],"picked":"Gash","floor":5},{"not_picked":["Darkness","Aggregate"],"picked":"Go for the Eyes","floor":7},{"not_picked":["Coolheaded","Double Energy"],"picked":"White Noise","floor":11},{"not_picked":["Conserve Battery","Redo"],"picked":"Gash","floor":13},{"not_picked":["Seek","Multi-Cast"],"picked":"Electrodynamics","floor":16},{"not_picked":["Cold Snap+1","FTL"],"picked":"Leap","floor":18},{"not_picked":["Compile Driver+1","Static Discharge"],"picked":"Turbo","floor":19},{"not_picked":["Stack","Consume+1"],"picked":"Gash","floor":21}],"player_experience":207351,"relics_obtained":[{"floor":7,"key":"Pantograph"},{"floor":9,"key":"Blue Candle"},{"floor":13,"key":"Potion Belt"}],"event_choices":[{"damage_healed":0,"gold_gain":0,"player_choice":"Full Heal","damage_taken":0,"max_hp_gain":0,"max_hp_loss":0,"event_name":"Wheel of Change","floor":3,"gold_loss":0},{"damage_healed":0,"gold_gain":30,"player_choice":"Searched \u00272\u0027 times","damage_taken":0,"relics_obtained":["Oddly Smooth Stone"],"max_hp_gain":0,"max_hp_loss":0,"event_name":"Dead Adventurer","floor":8,"gold_loss":0},{"damage_healed":0,"gold_gain":0,"player_choice":"Trade","damage_taken":0,"relics_obtained":["CultistMask"],"max_hp_gain":0,"max_hp_loss":0,"event_name":"FaceTrader","floor":14,"gold_loss":0}],"is_beta":false,"boss_relics":[{"not_picked":["Calling Bell","Lizard Tail"],"picked":"Runic Pyramid"}],"items_purged_floors":[20],"is_endless":false,"potions_floor_spawned":[1,13,19,21],"killed_by":"Centurion and Healer","ascension_level":3}