{"gold_per_floor":[118,128,138,138,151,151,180,180,257,276,294,294,305,25,25,129,129,144,144,124,124,2,30,41,72,72,25,41,73,73,73,73,168,168,179,454,471,471,69,69,17,17,17,17,17,47,79,79,79,79],"floor_reached":51,"playtime":2478,"items_purged":["Regret"],"score":886,"play_id":"3a64e646-bce6-4cc8-974e-46f9d2489a2e","local_time":"20190203173043","is_ascension_mode":false,"campfire_choices":[{"data":"Footwork","floor":6,"key":"SMITH"},{"data":"Neutralize","floor":8,"key":"SMITH"},{"data":"Cloak And Dagger","floor":12,"key":"SMITH"},{"floor":15,"key":"REST"},{"floor":32,"key":"REST"},{"data":"Noxious Fumes","floor":40,"key":"SMITH"},{"data":"Noxious Fumes","floor":42,"key":"SMITH"},{"data":"Envenom","floor":44,"key":"SMITH"},{"data":"Infinite Blades","floor":45,"key":"SMITH"},{"data":"A Thousand Cuts","floor":49,"key":"SMITH"}],"neow_cost":"NONE","seed_source_timestamp":9478120446092,"circlet_count":0,"master_deck":["Defend_G+1","Defend_G+1","Defend_G+1","Defend_G+1","Defend_G+1","Strike_G+1","Strike_G+1","Strike_G+1","Strike_G+1","Strike_G+1","Survivor","Neutralize+1","Slice","Cloak And Dagger+1","Sucker Punch","Footwork+1","Backflip","Blur","Blade Dance","Deflect","Noxious Fumes+1","Dodge and Roll","Adrenaline","Dodge and Roll+1","Backflip","Noxious Fumes+1","Slice","Cloak And Dagger","Footwork+1","Bouncing Flask","Acrobatics","Finisher","Burst","Slice","Envenom+1","Finisher+1","Caltrops","Madness","Madness","Infinite Blades+1","Crippling Poison","Deadly Poison","Doubt","Deflect","A Thousand Cuts+1"],"relics":["Ring of the Snake","Happy Flower","Tough Bandages","Shuriken","PreservedInsect","Runic Dome","Nilry\u0027s Codex","Vajra","Blood Vial","FossilizedHelix","Smiling Mask","The Courier","Cursed Key","Membership Card","WingedGreaves","Bronze Scales","Thread and Needle","Gremlin Horn","Boot"],"potions_floor_usage":[11,13,16,20,33,50,50,50],"damage_taken":[{"damage":0,"enemies":"Cultist","floor":1,"turns":4},{"damage":3,"enemies":"Small Slimes","floor":2,"turns":3},{"damage":0,"enemies":"Jaw Worm","floor":3,"turns":3},{"damage":2,"enemies":"Looter","floor":5,"turns":4},{"damage":27,"enemies":"Gremlin Nob","floor":7,"turns":6},{"damage":0,"enemies":"3 Louse","floor":10,"turns":4},{"damage":6,"enemies":"Exordium Thugs","floor":11,"turns":6},{"damage":5,"enemies":"Lots of Slimes","floor":13,"turns":5},{"damage":10,"enemies":"The Guardian","floor":16,"turns":13},{"damage":8,"enemies":"Chosen","floor":18,"turns":7},{"damage":4,"enemies":"2 Thieves","floor":20,"turns":4},{"damage":0,"enemies":"Gremlin Leader","floor":23,"turns":6},{"damage":0,"enemies":"Snecko","floor":24,"turns":5},{"damage":0,"enemies":"Book of Stabbing","floor":25,"turns":5},{"damage":0,"enemies":"Shelled Parasite and Fungi","floor":28,"turns":5},{"damage":6,"enemies":"Gremlin Leader","floor":29,"turns":4},{"damage":7,"enemies":"Automaton","floor":33,"turns":10},{"damage":0,"enemies":"Orb Walker","floor":35,"turns":4},{"damage":0,"enemies":"3 Darklings","floor":37,"turns":6},{"damage":4,"enemies":"Nemesis","floor":46,"turns":6},{"damage":0,"enemies":"Giant Head","floor":47,"turns":6},{"damage":4,"enemies":"Awakened One","floor":50,"turns":9}],"seed_played":"5315020554173775136","potions_obtained":[{"floor":4,"key":"Weak Potion"},{"floor":4,"key":"SpeedPotion"},{"floor":4,"key":"Dexterity Potion"},{"floor":10,"key":"SkillPotion"},{"floor":16,"key":"Explosive Potion"},{"floor":23,"key":"Poison Potion"},{"floor":24,"key":"SteroidPotion"},{"floor":25,"key":"Swift Potion"},{"floor":33,"key":"Explosive Potion"},{"floor":47,"key":"Ancient Potion"}],"is_trial":false,"path_per_floor":["M","M","M","?","M","R","E","R","T","M","M","R","M","$","R","B",null,"M","?","M","?","$","E","M","E","T","$","M","E","?","?","R","B",null,"M","?","M","?","$","R","$","R","T","R","R","E","E","?","R","B",null],"character_chosen":"THE_SILENT","items_purchased":["Noxious Fumes","PreservedInsect","Dodge and Roll","Noxious Fumes","Slice","Acrobatics","Membership Card","WingedGreaves","Infinite Blades","Bronze Scales","Crippling Poison","Deadly Poison"],"campfire_rested":2,"item_purchase_floors":[14,14,14,22,22,27,39,39,39,39,41,41],"current_hp_per_floor":[70,67,67,67,65,65,38,38,38,38,32,32,27,27,48,38,70,62,46,42,42,42,42,42,42,42,42,44,40,40,40,61,56,70,70,70,70,61,61,61,61,61,61,61,61,59,61,54,54,52],"gold":79,"neow_bonus":"RANDOM_COMMON_RELIC","is_prod":false,"is_daily":false,"chose_seed":false,"campfire_upgraded":8,"win_rate":0,"timestamp":1549236643,"path_taken":["M","?","M","?","M","R","E","R","T","?","M","R","?","$","R","BOSS","M","?","M","?","$","E","M","E","T","?","M","E","?","?","R","BOSS","M","?","?","?","?","R","$","R","T","R","R","E","E","?","R","BOSS"],"build_version":"2019-01-23","purchased_purges":1,"victory":true,"max_hp_per_floor":[70,70,70,70,70,70,70,70,70,70,70,70,70,70,70,70,70,70,70,70,70,70,70,70,70,70,70,70,70,70,70,70,70,70,70,70,70,70,70,70,70,70,70,70,70,70,70,70,70,70],"card_choices":[{"not_picked":["Underhanded Strike","Outmaneuver"],"picked":"Slice","floor":1},{"not_picked":["Underhanded Strike","Prepared"],"picked":"Cloak And Dagger","floor":2},{"not_picked":["Quick Slash","Dagger Throw"],"picked":"Sucker Punch","floor":3},{"not_picked":["PiercingWail","Envenom"],"picked":"Footwork","floor":5},{"not_picked":["Blur","Flying Knee"],"picked":"Backflip","floor":7},{"not_picked":["Escape Plan","Blade Dance"],"picked":"Blur","floor":10},{"not_picked":["Choke","Deadly Poison"],"picked":"Blade Dance","floor":11},{"not_picked":["Deadly Poison","Eviscerate"],"picked":"Deflect","floor":13},{"not_picked":["Envenom","Storm of Steel"],"picked":"Adrenaline","floor":16},{"not_picked":["Skewer","Poisoned Stab"],"picked":"Dodge and Roll+1","floor":18},{"not_picked":["Dodge and Roll","Distraction"],"picked":"Backflip","floor":20},{"not_picked":["Flying Knee","Dodge and Roll"],"picked":"Cloak And Dagger","floor":23},{"not_picked":["Expertise","Dodge and Roll"],"picked":"Footwork+1","floor":24},{"not_picked":["Dagger Throw","Flying Knee"],"picked":"Bouncing Flask","floor":25},{"not_picked":["Endless Agony","Flechettes"],"picked":"Finisher","floor":28},{"not_picked":["Tactician","Underhanded Strike"],"picked":"Burst","floor":29},{"not_picked":["Adrenaline","Night Terror"],"picked":"Envenom","floor":33},{"not_picked":["Concentrate","Bane"],"picked":"Finisher+1","floor":35},{"not_picked":["Bane+1","Prepared+1"],"picked":"Caltrops","floor":37},{"not_picked":["All Out Attack+1","Setup+1"],"picked":"Deflect","floor":46},{"not_picked":["Deflect","Dash"],"picked":"A Thousand Cuts","floor":47}],"player_experience":719647,"relics_obtained":[{"floor":7,"key":"Tough Bandages"},{"floor":9,"key":"Shuriken"},{"floor":19,"key":"Nilry\u0027s Codex"},{"floor":23,"key":"Vajra"},{"floor":25,"key":"Blood Vial"},{"floor":26,"key":"FossilizedHelix"},{"floor":29,"key":"Smiling Mask"},{"floor":43,"key":"Thread and Needle"},{"floor":46,"key":"Gremlin Horn"},{"floor":47,"key":"Boot"}],"event_choices":[{"damage_healed":0,"gold_gain":0,"player_choice":"Got Potions","damage_taken":0,"max_hp_gain":0,"max_hp_loss":0,"event_name":"Lab","floor":4,"gold_loss":0},{"damage_healed":0,"gold_gain":0,"player_choice":"Obtained Book","damage_taken":16,"max_hp_gain":0,"max_hp_loss":0,"event_name":"Cursed Tome","floor":19,"gold_loss":0},{"damage_healed":0,"gold_gain":0,"player_choice":"Simplicity","damage_taken":0,"max_hp_gain":0,"max_hp_loss":0,"event_name":"Back to Basics","floor":21,"gold_loss":0,"cards_upgraded":["Defend_G","Defend_G","Defend_G","Defend_G","Defend_G","Strike_G","Strike_G","Strike_G","Strike_G","Strike_G"]},{"damage_healed":0,"gold_gain":0,"player_choice":"Read","damage_taken":0,"max_hp_gain":0,"max_hp_loss":0,"event_name":"The Library","floor":30,"gold_loss":0,"cards_obtained":["Slice"]},{"damage_healed":0,"gold_gain":0,"player_choice":"Gave Potion","damage_taken":0,"relics_obtained":["The Courier"],"max_hp_gain":0,"max_hp_loss":0,"event_name":"WeMeetAgain","floor":31,"gold_loss":0},{"damage_healed":0,"gold_gain":275,"player_choice":"Desecrate","damage_taken":0,"max_hp_gain":0,"max_hp_loss":0,"event_name":"Golden Shrine","floor":36,"gold_loss":0,"cards_obtained":["Regret"]},{"damage_healed":0,"gold_gain":0,"player_choice":"Embrace Madness","damage_taken":9,"max_hp_gain":0,"max_hp_loss":0,"event_name":"Winding Halls","floor":38,"gold_loss":0,"cards_obtained":["Madness","Madness"]},{"damage_healed":0,"gold_gain":0,"player_choice":"Damaged","damage_taken":7,"max_hp_gain":0,"max_hp_loss":0,"event_name":"Wheel of Change","floor":48,"gold_loss":0}],"is_beta":false,"boss_relics":[{"not_picked":["HoveringKite","Runic Pyramid"],"picked":"Runic Dome"},{"not_picked":["White Beast Statue","Eternal Feather"],"picked":"Cursed Key"}],"items_purged_floors":[39],"is_endless":false,"potions_floor_spawned":[5,7,10,16,23,24,25,28,33,47],"ascension_level":0}