{"gold_per_floor":[363,36,53,64,81,107,72,107,157,8,8,8,25,0,0,96,96,114,125,125,135,60,86,86,121,148,148,180,193,193,209,209,209],"floor_reached":33,"playtime":2093,"items_purged":["Regret","Strike_B"],"score":525,"play_id":"6b1abad4-ef3a-4fe4-a2cd-9c86f2675777","local_time":"20190125131840","is_ascension_mode":true,"campfire_choices":[{"floor":15,"key":"REST"},{"data":"Dualcast","floor":30,"key":"SMITH"},{"floor":32,"key":"REST"}],"neow_cost":"CURSE","seed_source_timestamp":1183108522190360,"circlet_count":0,"master_deck":["Defend_B","Defend_B","Defend_B","Defend_B","Zap","Dualcast+1","Defragment","Self Repair","Rebound","Redo","Electrodynamics","Cold Snap","Coolheaded","Core Surge","Amplify","Coolheaded","Bite","Bite","Bite","Bite","Bite","Glacier+1","Redo","Doom and Gloom+1","Gash+1","Sweeping Beam+1"],"relics":["Cracked Core","Symbiotic Virus","Orichalcum","Darkstone Periapt","Bronze Scales","DataDisk","Sozu","Centennial Puzzle","Kunai","Red Mask","Boot","Toxic Egg 2"],"potions_floor_usage":[13,13,16],"damage_taken":[{"damage":14,"enemies":"Small Slimes","floor":1,"turns":3},{"damage":2,"enemies":"Jaw Worm","floor":3,"turns":4},{"damage":2,"enemies":"2 Louse","floor":4,"turns":4},{"damage":12,"enemies":"Looter","floor":5,"turns":3},{"damage":40,"enemies":"3 Sentries","floor":6,"turns":7},{"damage":20,"enemies":"Gremlin Nob","floor":8,"turns":4},{"damage":3,"enemies":"Large Slime","floor":13,"turns":2},{"damage":5,"enemies":"Slime Boss","floor":16,"turns":8},{"damage":17,"enemies":"Shell Parasite","floor":18,"turns":4},{"damage":14,"enemies":"Spheric Guardian","floor":19,"turns":4},{"damage":29,"enemies":"3 Cultists","floor":21,"turns":7},{"damage":28,"enemies":"Gremlin Leader","floor":23,"turns":9},{"damage":24,"enemies":"Masked Bandits","floor":25,"turns":4},{"damage":39,"enemies":"Book of Stabbing","floor":28,"turns":6},{"damage":12,"enemies":"Centurion and Healer","floor":29,"turns":5},{"damage":0,"enemies":"Chosen and Byrds","floor":31,"turns":4},{"damage":85,"enemies":"Automaton","floor":33,"turns":10}],"seed_played":"2412232407621490366","potions_obtained":[{"floor":5,"key":"SteroidPotion"},{"floor":6,"key":"Fire Potion"},{"floor":13,"key":"Fire Potion"}],"is_trial":false,"path_per_floor":["M","$","M","M","M","E","?","E","T","$","?","?","M","?","R","B",null,"M","M","?","M","?","E","T","?","T","$","E","M","R","M","R","B"],"character_chosen":"DEFECT","items_purchased":["Symbiotic Virus","Coolheaded"],"campfire_rested":2,"item_purchase_floors":[2,10],"current_hp_per_floor":[54,54,52,57,52,12,30,10,10,10,3,9,6,6,30,32,69,59,52,52,42,42,33,33,31,31,31,18,28,28,38,54,0],"gold":209,"neow_bonus":"TWO_FIFTY_GOLD","is_prod":false,"is_daily":false,"chose_seed":false,"campfire_upgraded":1,"win_rate":0,"timestamp":1548400720,"path_taken":["M","$","M","M","M","E","?","E","T","$","?","?","M","?","R","BOSS","M","M","?","M","?","E","?","?","T","?","E","?","R","M","R","BOSS"],"build_version":"2019-01-23","purchased_purges":2,"victory":false,"max_hp_per_floor":[75,75,75,75,75,75,75,75,75,75,75,81,81,81,81,81,81,81,81,56,56,56,56,56,56,56,56,56,56,56,56,56,56],"card_choices":[{"not_picked":["Turbo","Go for the Eyes"],"picked":"Defragment","floor":1},{"not_picked":["Lockon","Go for the Eyes"],"picked":"Self Repair","floor":3},{"not_picked":["Sunder","Barrage"],"picked":"Rebound","floor":4},{"not_picked":["Double Energy","Stack"],"picked":"Redo","floor":5},{"not_picked":["Streamline","Hologram"],"picked":"Electrodynamics","floor":6},{"not_picked":["Aggregate","Static Discharge"],"picked":"Cold Snap","floor":8},{"not_picked":["Coolheaded","Barrage"],"picked":"Core Surge","floor":13},{"not_picked":["Hyperbeam","Electrodynamics"],"picked":"Amplify","floor":16},{"not_picked":["Force Field","Hologram+1","Steam"],"picked":"SKIP","floor":18},{"not_picked":["Streamline","Hologram+1"],"picked":"Coolheaded","floor":19},{"not_picked":["White Noise","Rebound"],"picked":"Glacier+1","floor":21},{"not_picked":["Ball Lightning","Gash"],"picked":"Redo","floor":23},{"not_picked":["Conserve Battery","Auto Shields"],"picked":"Doom and Gloom+1","floor":25},{"not_picked":["Streamline","Gash","BootSequence"],"picked":"SKIP","floor":28},{"not_picked":["Ball Lightning","Storm"],"picked":"Gash+1","floor":29},{"not_picked":["Coolheaded+1","Streamline"],"picked":"Sweeping Beam+1","floor":31}],"player_experience":650265,"relics_obtained":[{"floor":6,"key":"Orichalcum"},{"floor":8,"key":"Darkstone Periapt"},{"floor":9,"key":"Bronze Scales"},{"floor":23,"key":"Centennial Puzzle"},{"floor":24,"key":"Kunai"},{"floor":25,"key":"Red Mask"},{"floor":26,"key":"Boot"},{"floor":28,"key":"Toxic Egg 2"}],"event_choices":[{"damage_healed":18,"gold_gain":0,"player_choice":"Healed","damage_taken":0,"max_hp_gain":0,"max_hp_loss":0,"event_name":"The Cleric","floor":7,"gold_loss":35},{"cards_removed":["Strike_B"],"damage_healed":0,"gold_gain":0,"player_choice":"Card Removal","damage_taken":7,"max_hp_gain":0,"max_hp_loss":0,"event_name":"Golden Wing","floor":11,"gold_loss":0},{"damage_healed":0,"gold_gain":0,"player_choice":"Box","damage_taken":0,"relics_obtained":["DataDisk"],"max_hp_gain":0,"max_hp_loss":0,"event_name":"Big Fish","floor":12,"gold_loss":0,"cards_obtained":["Regret"]},{"damage_healed":0,"gold_gain":0,"player_choice":"Left Gold","damage_taken":0,"max_hp_gain":0,"max_hp_loss":0,"event_name":"World of Goop","floor":14,"gold_loss":25},{"damage_healed":0,"gold_gain":0,"player_choice":"Became a vampire","damage_taken":0,"max_hp_gain":0,"max_hp_loss":25,"event_name":"Vampires","floor":20,"gold_loss":0,"cards_obtained":["Bite","Bite","Bite","Bite","Bite"]},{"cards_removed":["Regret"],"damage_healed":0,"gold_gain":0,"player_choice":"Gave Gold","damage_taken":0,"max_hp_gain":0,"max_hp_loss":0,"event_name":"Beggar","floor":22,"gold_loss":75},{"damage_healed":0,"gold_gain":0,"player_choice":"Fought Bandits","damage_taken":0,"max_hp_gain":0,"max_hp_loss":0,"event_name":"Masked Bandits","floor":25,"gold_loss":0}],"is_beta":false,"boss_relics":[{"not_picked":["Philosopher\u0027s Stone","Busted Crown"],"picked":"Sozu"}],"items_purged_floors":[2,10],"is_endless":false,"potions_floor_spawned":[5,6,13,18,21,25,29],"killed_by":"Automaton","ascension_level":9}