{"gold_per_floor":[114,114,126,96,108,143,143,318,318,348,348,380,229,258,258,358,358,369,381,381],"floor_reached":20,"playtime":1106,"items_purged":["Doubt"],"score":210,"play_id":"a5029538-999b-43bf-8670-874c96fda38d","local_time":"20190129132248","is_ascension_mode":true,"campfire_choices":[{"floor":7,"key":"REST"},{"floor":11,"key":"RECALL"},{"data":"Bash","floor":15,"key":"SMITH"}],"neow_cost":"NONE","seed_source_timestamp":1529947307798587,"circlet_count":0,"master_deck":["Strike_R","Strike_R","Defend_R","Defend_R","Defend_R","Bash+1","Twin Strike","Sword Boomerang","Rampage","Headbutt","Blood for Blood","Pummel","Clothesline","Dropkick","Shrug It Off","Dark Embrace","Rampage+1","Barricade+1","Dark Embrace+1","Havoc","Feel No Pain"],"relics":["Burning Blood","Juzu Bracelet","Blue Candle","Sundial","Letter Opener","Dream Catcher","Mercury Hourglass","Astrolabe"],"potions_floor_usage":[6,10,10,10,14,16,19,19,20],"damage_taken":[{"damage":3,"enemies":"Small Slimes","floor":1,"turns":3},{"damage":11,"enemies":"2 Louse","floor":3,"turns":2},{"damage":5,"enemies":"Cultist","floor":5,"turns":4},{"damage":36,"enemies":"Lagavulin","floor":6,"turns":4},{"damage":16,"enemies":"Gremlin Nob","floor":10,"turns":3},{"damage":27,"enemies":"Lagavulin","floor":12,"turns":6},{"damage":10,"enemies":"Gremlin Nob","floor":14,"turns":3},{"damage":22,"enemies":"Hexaghost","floor":16,"turns":9},{"damage":40,"enemies":"Spheric Guardian","floor":18,"turns":6},{"damage":15,"enemies":"3 Byrds","floor":19,"turns":4},{"damage":37,"enemies":"3 Cultists","floor":20,"turns":4}],"seed_played":"-1117757333660087361","potions_obtained":[{"floor":4,"key":"SneckoOil"},{"floor":4,"key":"EntropicBrew"},{"floor":10,"key":"AttackPotion"},{"floor":12,"key":"SmokeBomb"},{"floor":14,"key":"FearPotion"},{"floor":18,"key":"Energy Potion"},{"floor":19,"key":"LiquidBronze"}],"is_trial":false,"path_per_floor":["M","?","M","?","M","E","R","?","T","E","R","E","$","E","R","B",null,"M","M","M"],"character_chosen":"IRONCLAD","items_purchased":["Dropkick"],"campfire_rested":1,"item_purchase_floors":[13],"current_hp_per_floor":[80,80,75,75,76,46,70,70,70,60,60,39,39,35,35,19,80,46,37,0],"gold":381,"neow_bonus":"RANDOM_COMMON_RELIC","is_prod":false,"is_daily":false,"chose_seed":false,"campfire_upgraded":1,"win_rate":0,"timestamp":1548746568,"path_taken":["M","?","M","?","M","E","R","?","T","E","R","E","$","E","R","BOSS","M","M","M"],"build_version":"2019-01-23","purchased_purges":1,"victory":false,"max_hp_per_floor":[80,80,80,80,80,80,80,80,80,80,80,80,80,80,80,80,80,80,80,80],"card_choices":[{"not_picked":["Entrench","Perfected Strike"],"picked":"Twin Strike","floor":1},{"not_picked":["Corruption","Shrug It Off"],"picked":"Rampage","floor":3},{"not_picked":["Twin Strike","Anger"],"picked":"Headbutt","floor":5},{"not_picked":["Wild Strike","Shrug It Off"],"picked":"Blood for Blood","floor":6},{"not_picked":["Heavy Blade","Corruption"],"picked":"Pummel","floor":10},{"not_picked":["Dark Embrace","Perfected Strike"],"picked":"Clothesline","floor":12},{"not_picked":["Clothesline","Shockwave"],"picked":"Shrug It Off","floor":14},{"not_picked":["Bludgeon","Berserk"],"picked":"Dark Embrace","floor":16},{"not_picked":["Clash","Armaments+1"],"picked":"Havoc","floor":18},{"not_picked":["Hemokinesis","Perfected Strike+1"],"picked":"Feel No Pain","floor":19}],"player_experience":683793,"relics_obtained":[{"floor":6,"key":"Blue Candle"},{"floor":9,"key":"Sundial"},{"floor":10,"key":"Letter Opener"},{"floor":12,"key":"Dream Catcher"},{"floor":14,"key":"Mercury Hourglass"}],"event_choices":[{"damage_healed":0,"gold_gain":0,"cards_transformed":["Defend_R"],"player_choice":"Change","damage_taken":0,"max_hp_gain":0,"max_hp_loss":0,"event_name":"Living Wall","floor":2,"gold_loss":0,"cards_obtained":["Sword Boomerang"]},{"damage_healed":0,"gold_gain":0,"player_choice":"Bought 2 Potions","damage_taken":0,"max_hp_gain":0,"max_hp_loss":0,"event_name":"The Woman in Blue","floor":4,"gold_loss":0},{"damage_healed":0,"gold_gain":175,"player_choice":"AGREE","damage_taken":0,"max_hp_gain":0,"max_hp_loss":0,"event_name":"Liars Game","floor":8,"gold_loss":0,"cards_obtained":["Doubt"]}],"is_beta":false,"boss_relics":[{"not_picked":["Ectoplasm","Runic Dome"],"picked":"Astrolabe"}],"items_purged_floors":[13],"is_endless":false,"potions_floor_spawned":[10,12,14,18,19],"killed_by":"3 Cultists","ascension_level":1}