{"gold_per_floor":[111,111,111,261,261,261,295,307,387,45,65,10,10,38,38,113,113,133,133,58,71,71,71,81,81,157,157,157,29,29,46,46,46],"floor_reached":33,"playtime":809,"items_purged":["Eviscerate"],"score":544,"play_id":"400c674a-331e-43a4-b09a-56d2c5569f4c","local_time":"20190205190752","is_ascension_mode":true,"campfire_choices":[{"data":"Neutralize","floor":6,"key":"SMITH"},{"floor":13,"key":"REST"},{"data":"Bane","floor":15,"key":"SMITH"},{"floor":23,"key":"REST"},{"floor":25,"key":"REST"},{"data":"Deadly Poison","floor":27,"key":"SMITH"},{"data":"Malaise","floor":30,"key":"SMITH"},{"data":"Footwork","floor":32,"key":"SMITH"}],"neow_cost":"NONE","seed_source_timestamp":7756732435700,"circlet_count":0,"master_deck":["AscendersBane","Survivor","Neutralize+1","Poisoned Stab","Bouncing Flask","Bane+1","Well Laid Plans","Deadly Poison+1","Malaise+1","All Out Attack","Bullet Time","Venomology","PiercingWail","Riddle With Holes","PiercingWail","Slice","Dagger Spray","Footwork+1"],"relics":["Ring of the Snake","NeowsBlessing","Dodecahedron","Paper Crane","Odd Mushroom","Anchor","Pandora\u0027s Box","Nloth\u0027s Gift","Ninja Scroll"],"potions_floor_usage":[11,14,16,18,24,24,31,33,33,33],"damage_taken":[{"damage":0,"enemies":"Jaw Worm","floor":1,"turns":1},{"damage":0,"enemies":"Lagavulin","floor":7,"turns":1},{"damage":0,"enemies":"2 Louse","floor":8,"turns":1},{"damage":20,"enemies":"The Mushroom Lair","floor":11,"turns":5},{"damage":6,"enemies":"Gremlin Nob","floor":14,"turns":3},{"damage":12,"enemies":"The Guardian","floor":16,"turns":8},{"damage":29,"enemies":"3 Byrds","floor":18,"turns":5},{"damage":6,"enemies":"Shell Parasite","floor":21,"turns":3},{"damage":18,"enemies":"Shelled Parasite and Fungi","floor":24,"turns":4},{"damage":5,"enemies":"Sentry and Sphere","floor":31,"turns":4},{"damage":45,"enemies":"Automaton","floor":33,"turns":8}],"seed_played":"-7213253336415013887","potions_obtained":[{"floor":1,"key":"FearPotion"},{"floor":7,"key":"Ancient Potion"},{"floor":14,"key":"GamblersBrew"},{"floor":18,"key":"FearPotion"}],"is_trial":false,"path_per_floor":["M","?","?","?","?","R","E","M","T","$","?","$","R","E","R","B",null,"M","?","?","M","?","R","M","R","T","R","?","$","R","M","R","B"],"character_chosen":"THE_SILENT","items_purchased":["Paper Crane","Bane","SteroidPotion","Strength Potion"],"campfire_rested":3,"item_purchase_floors":[10,10,12,29],"current_hp_per_floor":[59,64,57,57,36,36,36,36,36,36,16,16,37,31,31,19,58,29,29,29,23,23,44,26,47,47,47,47,47,47,42,42,0],"gold":46,"neow_bonus":"THREE_ENEMY_KILL","is_prod":false,"is_daily":false,"chose_seed":false,"campfire_upgraded":5,"win_rate":0,"timestamp":1549386472,"path_taken":["M","?","?","?","?","R","E","?","T","$","?","$","R","E","R","BOSS","M","?","?","M","?","R","?","R","T","R","?","?","R","M","R","BOSS"],"build_version":"2019-01-23","purchased_purges":1,"victory":false,"max_hp_per_floor":[66,71,71,71,71,71,71,71,71,71,71,71,71,71,71,71,71,71,71,71,71,71,71,71,71,71,71,71,71,71,71,71,71],"card_choices":[{"not_picked":["Endless Agony","Backflip","Reflex"],"picked":"SKIP","floor":1},{"not_picked":["Predator","Phantasmal Killer"],"picked":"Poisoned Stab","floor":7},{"not_picked":["Sucker Punch","Caltrops"],"picked":"Bouncing Flask","floor":8},{"not_picked":["Skewer","Bane"],"picked":"Well Laid Plans","floor":11},{"not_picked":["Poisoned Stab","All Out Attack"],"picked":"Deadly Poison","floor":14},{"not_picked":["Tools of the Trade","Phantasmal Killer"],"picked":"Malaise","floor":16},{"not_picked":["Poisoned Stab","Prepared","Slice"],"picked":"SKIP","floor":18},{"not_picked":["Blade Dance+1","Sucker Punch","Dagger Spray"],"picked":"SKIP","floor":21},{"not_picked":["Tactician","Storm of Steel","Phantasmal Killer"],"picked":"SKIP","floor":24},{"not_picked":["Heel Hook","Backflip+1"],"picked":"Footwork","floor":31}],"player_experience":626570,"relics_obtained":[{"floor":7,"key":"Dodecahedron"},{"floor":9,"key":"Darkstone Periapt"},{"floor":11,"key":"Odd Mushroom"},{"floor":14,"key":"Anchor"},{"floor":26,"key":"Ninja Scroll"}],"event_choices":[{"damage_healed":0,"gold_gain":0,"player_choice":"Donut","damage_taken":0,"max_hp_gain":5,"max_hp_loss":0,"event_name":"Big Fish","floor":2,"gold_loss":0},{"cards_removed":["Strike_G"],"damage_healed":0,"gold_gain":0,"player_choice":"Card Removal","damage_taken":7,"max_hp_gain":0,"max_hp_loss":0,"event_name":"Golden Wing","floor":3,"gold_loss":0},{"damage_healed":0,"gold_gain":150,"player_choice":"AGREE","damage_taken":0,"max_hp_gain":0,"max_hp_loss":0,"event_name":"Liars Game","floor":4,"gold_loss":0,"cards_obtained":["Doubt"]},{"damage_healed":0,"gold_gain":0,"player_choice":"Entered Light","damage_taken":21,"max_hp_gain":0,"max_hp_loss":0,"event_name":"Shining Light","floor":5,"gold_loss":0,"cards_upgraded":["Strike_G","Defend_G"]},{"damage_healed":0,"gold_gain":0,"player_choice":"Fought Mushrooms","damage_taken":0,"max_hp_gain":0,"max_hp_loss":0,"event_name":"Mushrooms","floor":11,"gold_loss":0},{"damage_healed":0,"gold_gain":0,"player_choice":"Ignored","damage_taken":0,"max_hp_gain":0,"max_hp_loss":0,"event_name":"Cursed Tome","floor":19,"gold_loss":0},{"cards_removed":["Doubt"],"damage_healed":0,"gold_gain":0,"player_choice":"Gave Gold","damage_taken":0,"max_hp_gain":0,"max_hp_loss":0,"event_name":"Beggar","floor":20,"gold_loss":75},{"damage_healed":0,"gold_gain":0,"player_choice":"Traded Relic","damage_taken":0,"relics_obtained":["Nloth\u0027s Gift"],"max_hp_gain":0,"max_hp_loss":0,"event_name":"N\u0027loth","floor":22,"relics_lost":["Darkstone Periapt"],"gold_loss":0},{"damage_healed":0,"gold_gain":0,"player_choice":"Ignored","damage_taken":0,"max_hp_gain":0,"max_hp_loss":0,"event_name":"Vampires","floor":28,"gold_loss":0}],"is_beta":false,"boss_relics":[{"not_picked":["Eternal Feather","WristBlade"],"picked":"Pandora\u0027s Box"}],"items_purged_floors":[29],"is_endless":false,"potions_floor_spawned":[1,7,14,18],"killed_by":"Automaton","ascension_level":20}