{"gold_per_floor":[117,137,212,38,55,55,85,85,85,85,105,30,40,40,40,142,142,162,172,184,184,184,184,184],"floor_reached":24,"playtime":2249,"items_purged":["Strike_B"],"score":196,"play_id":"c2d45705-81a9-4739-b8e9-08fac8da24a0","local_time":"20180701004931","is_ascension_mode":false,"campfire_choices":[{"data":"Hologram","floor":6,"key":"SMITH"},{"data":"Streamline","floor":8,"key":"SMITH"},{"data":"Conserve Battery","floor":10,"key":"SMITH"},{"data":"Zap","floor":15,"key":"SMITH"},{"floor":23,"key":"REST"}],"neow_cost":"TEN_PERCENT_HP_LOSS","seed_source_timestamp":24960294147078,"circlet_count":0,"master_deck":["Strike_B","Strike_B","Strike_B","Defend_B","Defend_B","Defend_B","Defend_B","Zap+1","Dualcast","Hologram+1","Conserve Battery+1","Streamline+1","Beam Cell","Rainbow","Double Energy+1","Echo Form","Conserve Battery","Turbo+1","Normality","Scrape"],"relics":["Torii","Dream Catcher","Letter Opener","Kunai","Nuclear Battery","Nloth\u0027s Gift","Meat on the Bone"],"potions_floor_usage":[7,19,20],"damage_taken":[{"damage":11,"enemies":"Jaw Worm","floor":1,"turns":3},{"damage":0,"enemies":"Small Slimes","floor":2,"turns":3},{"damage":1,"enemies":"2 Louse","floor":5,"turns":2},{"damage":14,"enemies":"Lagavulin","floor":7,"turns":4},{"damage":0,"enemies":"Exordium Thugs","floor":11,"turns":4},{"damage":1,"enemies":"Gremlin Gang","floor":13,"turns":4},{"damage":15,"enemies":"The Guardian","floor":16,"turns":10},{"damage":21,"enemies":"2 Thieves","floor":18,"turns":4},{"damage":12,"enemies":"3 Byrds","floor":19,"turns":4},{"damage":17,"enemies":"Slaver and Parasite","floor":20,"turns":9},{"damage":45,"enemies":"Gremlin Leader","floor":24,"turns":3}],"seed_played":"2369955544823650580","potions_obtained":[{"floor":1,"key":"LiquidBronze"},{"floor":13,"key":"SmokeBomb"},{"floor":16,"key":"EssenceOfSteel"},{"floor":18,"key":"Regen Potion"}],"is_trial":false,"path_per_floor":["M","M","?","$","M","R","E","R","T","R","M","$","M","?","R","B",null,"M","M","M","?","?","R"],"character_chosen":"DEFECT","items_purchased":["Dream Catcher","Streamline"],"campfire_rested":1,"item_purchase_floors":[4,4],"current_hp_per_floor":[57,57,46,46,45,45,31,31,31,31,31,31,30,30,30,15,68,47,40,23,23,23,43,0],"gold":184,"neow_bonus":"ONE_RARE_RELIC","is_prod":false,"is_daily":false,"chose_seed":false,"campfire_upgraded":4,"win_rate":0,"timestamp":1530398971,"path_taken":["M","M","?","$","M","R","E","R","T","R","M","?","?","?","R","BOSS","M","?","M","?","?","R","E"],"build_version":"2018-06-28","purchased_purges":1,"victory":false,"max_hp_per_floor":[68,68,68,68,68,68,68,68,68,68,68,68,68,68,68,68,68,68,68,68,68,68,68,68],"card_choices":[{"not_picked":["Static Discharge","Cold Snap"],"picked":"Hologram","floor":1},{"not_picked":["Storm","Hologram"],"picked":"Conserve Battery","floor":2},{"not_picked":["Go for the Eyes","Stack"],"picked":"Beam Cell","floor":5},{"not_picked":["Reboot","Blizzard"],"picked":"Rainbow","floor":7},{"not_picked":["BootSequence","Barrage"],"picked":"Double Energy","floor":11},{"not_picked":["Barrage","Steam","Darkness"],"picked":"SKIP","floor":13},{"not_picked":["Amplify","Hyperbeam"],"picked":"Echo Form","floor":16},{"not_picked":["Self Repair+1","Gash"],"picked":"Conserve Battery","floor":18},{"not_picked":["Storm+1","Redo"],"picked":"Turbo+1","floor":19},{"not_picked":["Consume","BootSequence+1","Redo"],"picked":"SKIP","floor":20},{"not_picked":["Rip and Tear","Coolheaded"],"picked":"Scrape","floor":23}],"player_experience":225861,"relics_obtained":[{"floor":7,"key":"Letter Opener"},{"floor":9,"key":"Kunai"}],"event_choices":[{"event_name":"World of Goop","player_choice":"Gather Gold","floor":3,"damage_taken":0},{"event_name":"Living Wall","player_choice":"Grow","floor":14,"damage_taken":0},{"event_name":"N\u0027loth","player_choice":"Traded a Cracked Core","floor":21,"damage_taken":0},{"event_name":"Accursed Blacksmith","player_choice":"Rummage","floor":22,"damage_taken":0}],"boss_relics":[{"not_picked":["Eternal Feather","Lizard Tail"],"picked":"Nuclear Battery"}],"items_purged_floors":[12],"is_endless":false,"potions_floor_spawned":[1,13,16,18],"killed_by":"Gremlin Leader","ascension_level":0}