{"gold_per_floor":[116,126,126,126,69,98,23,23,72,72,98,78,88,107,107,186,186,196,212,223,235,0,0,0,0,54,54,64,79,94,94],"floor_reached":31,"playtime":781,"items_purged":[],"score":544,"play_id":"a55943cf-6c43-4cb2-907f-b3be7635192c","local_time":"20190205193922","is_ascension_mode":true,"campfire_choices":[{"data":"Deadly Poison","floor":8,"key":"SMITH"},{"data":"Catalyst","floor":10,"key":"SMITH"},{"data":"Deadly Poison","floor":15,"key":"SMITH"},{"floor":23,"key":"REST"},{"data":"Noxious Fumes","floor":25,"key":"SMITH"},{"data":"Malaise","floor":27,"key":"SMITH"}],"neow_cost":"NONE","seed_source_timestamp":9675503526500,"circlet_count":0,"master_deck":["AscendersBane","Defend_G","Defend_G","Defend_G","Defend_G","Defend_G","Strike_G","Strike_G","Strike_G","Strike_G","Survivor","Neutralize","Dagger Spray","Catalyst+1","Deadly Poison+1","Deadly Poison+1","Well Laid Plans","Malaise+1","Bane","Noxious Fumes+1","Catalyst+1","Footwork","Noxious Fumes","Dodge and Roll+1"],"relics":["Ring of the Snake","NeowsBlessing","Singing Bowl","Smiling Mask","Regal Pillow","Velvet Choker","Tiny Chest"],"potions_floor_usage":[13,19,20,31,31],"damage_taken":[{"damage":0,"enemies":"Small Slimes","floor":1,"turns":1},{"damage":0,"enemies":"2 Louse","floor":2,"turns":1},{"damage":0,"enemies":"Gremlin Nob","floor":6,"turns":1},{"damage":37,"enemies":"3 Sentries","floor":11,"turns":9},{"damage":0,"enemies":"Cultist","floor":13,"turns":2},{"damage":8,"enemies":"Blue Slaver","floor":14,"turns":4},{"damage":5,"enemies":"Hexaghost","floor":16,"turns":6},{"damage":8,"enemies":"Shell Parasite","floor":18,"turns":5},{"damage":2,"enemies":"3 Byrds","floor":19,"turns":3},{"damage":20,"enemies":"3 Cultists","floor":20,"turns":5},{"damage":13,"enemies":"Centurion and Healer","floor":21,"turns":6},{"damage":14,"enemies":"Shelled Parasite and Fungi","floor":28,"turns":4},{"damage":5,"enemies":"Snake Plant","floor":29,"turns":4},{"damage":22,"enemies":"Centurion and Healer","floor":30,"turns":6},{"damage":23,"enemies":"3 Cultists","floor":31,"turns":3}],"seed_played":"4393669229426874388","potions_obtained":[{"floor":2,"key":"Ancient Potion"},{"floor":6,"key":"SpeedPotion"},{"floor":12,"key":"Regen Potion"},{"floor":14,"key":"Swift Potion"},{"floor":16,"key":"LiquidBronze"},{"floor":28,"key":"Explosive Potion"},{"floor":30,"key":"EssenceOfSteel"}],"is_trial":false,"path_per_floor":["M","M","?","?","$","E","$","R","T","R","E","?","M","M","R","B",null,"M","M","M","M","?","R","?","R","T","R","M","M","M","M"],"character_chosen":"THE_SILENT","items_purchased":["Deadly Poison","Well Laid Plans"],"campfire_rested":1,"item_purchase_floors":[5,7],"current_hp_per_floor":[59,59,52,57,57,57,57,57,57,57,22,22,33,27,27,22,63,55,53,35,24,24,63,63,63,63,63,49,44,22,0],"gold":94,"neow_bonus":"THREE_ENEMY_KILL","is_prod":false,"is_daily":false,"chose_seed":false,"campfire_upgraded":5,"win_rate":0,"timestamp":1549388362,"path_taken":["M","M","?","?","$","E","$","R","T","R","E","?","M","M","R","BOSS","M","?","M","M","?","R","?","R","T","R","M","M","?","M"],"build_version":"2019-01-23","purchased_purges":0,"victory":false,"max_hp_per_floor":[66,66,66,71,71,71,71,71,71,71,73,73,75,77,77,77,77,77,77,79,81,81,81,81,81,81,81,81,81,81,81],"card_choices":[{"not_picked":["Blade Dance","Catalyst"],"picked":"Dagger Spray","floor":1},{"not_picked":["Dagger Spray","Concentrate"],"picked":"Catalyst","floor":2},{"not_picked":["Poisoned Stab","Flechettes"],"picked":"Deadly Poison","floor":6},{"not_picked":["Leg Sweep","Flying Knee","Skewer"],"picked":"Singing Bowl","floor":11},{"not_picked":["Underhanded Strike","Backflip","Poisoned Stab"],"picked":"Singing Bowl","floor":13},{"not_picked":["Finisher","Deflect","Blade Dance"],"picked":"Singing Bowl","floor":14},{"not_picked":["Phantasmal Killer","Unload"],"picked":"Malaise","floor":16},{"not_picked":["Underhanded Strike","Dodge and Roll"],"picked":"Bane","floor":18},{"not_picked":["Masterful Stab","Eviscerate"],"picked":"Noxious Fumes","floor":19},{"not_picked":["Tactician+1","Endless Agony","Eviscerate"],"picked":"Singing Bowl","floor":20},{"not_picked":["Deadly Poison","Escape Plan","Dodge and Roll"],"picked":"Singing Bowl","floor":21},{"not_picked":["Outmaneuver+1","Concentrate+1"],"picked":"Footwork","floor":28},{"not_picked":["Malaise","Leg Sweep"],"picked":"Noxious Fumes","floor":29},{"not_picked":["Concentrate","Deflect"],"picked":"Dodge and Roll+1","floor":30}],"player_experience":628444,"relics_obtained":[{"floor":6,"key":"Singing Bowl"},{"floor":9,"key":"Smiling Mask"},{"floor":11,"key":"Regal Pillow"},{"floor":26,"key":"Tiny Chest"}],"event_choices":[{"cards_removed":["Strike_G"],"damage_healed":0,"gold_gain":0,"player_choice":"Card Removal","damage_taken":7,"max_hp_gain":0,"max_hp_loss":0,"event_name":"Golden Wing","floor":3,"gold_loss":0},{"damage_healed":0,"gold_gain":0,"player_choice":"Donut","damage_taken":0,"max_hp_gain":5,"max_hp_loss":0,"event_name":"Big Fish","floor":4,"gold_loss":0},{"damage_healed":0,"gold_gain":0,"player_choice":"Bought 1 Potion","damage_taken":0,"max_hp_gain":0,"max_hp_loss":0,"event_name":"The Woman in Blue","floor":12,"gold_loss":0},{"damage_healed":0,"gold_gain":0,"player_choice":"Paid Fearfully","damage_taken":0,"max_hp_gain":0,"max_hp_loss":0,"event_name":"Masked Bandits","floor":22,"gold_loss":235},{"damage_healed":0,"gold_gain":0,"player_choice":"Copied","damage_taken":0,"max_hp_gain":0,"max_hp_loss":0,"event_name":"Duplicator","floor":24,"gold_loss":0,"cards_obtained":["Catalyst"]}],"is_beta":false,"boss_relics":[{"not_picked":["Fusion Hammer","Orrery"],"picked":"Velvet Choker"}],"items_purged_floors":[],"is_endless":false,"potions_floor_spawned":[2,6,14,16,18,28,30],"killed_by":"3 Cultists","ascension_level":20}