{"gold_per_floor":[118,118,118,133,308,341,341,341,341,376,376,17,17,92,92,188,188,205,205,205,33,52,52,84,100,100,118,118,132,132,158,158,257,257,268,320,320,334,81,110,110,110,110,138,151,182,182,202,202,202],"floor_reached":51,"playtime":1662,"items_purged":["Regret","Strike_G","Strike_G"],"score":945,"play_id":"8ac79af1-54d9-4ecb-adb9-6f6fa2c66e9b","local_time":"20190205213901","is_ascension_mode":true,"campfire_choices":[{"data":"Skewer","floor":7.0,"key":"SMITH"},{"data":"Adrenaline","floor":13.0,"key":"SMITH"},{"data":"Survivor","floor":15.0,"key":"SMITH"},{"data":"Bouncing Flask","floor":23.0,"key":"SMITH"},{"data":"Bane","floor":28.0,"key":"SMITH"},{"data":"Poisoned Stab","floor":30.0,"key":"SMITH"},{"data":"Blur","floor":32.0,"key":"SMITH"},{"data":"Well Laid Plans","floor":41.0,"key":"SMITH"},{"floor":47.0,"key":"REST"},{"floor":49.0,"key":"REST"}],"neow_cost":"NONE","seed_source_timestamp":15905530542800,"circlet_count":0,"master_deck":["Defend_G","Defend_G","Defend_G","Defend_G","Defend_G","Strike_G","Strike_G","Survivor+1","Neutralize+1","Skewer+1","Adrenaline+1","Die Die Die","Blur+1","Bouncing Flask+1","Poisoned Stab+1","Leg Sweep+1","Bane+1","Backstab","Backstab","Die Die Die","Backflip","Bane+1","PiercingWail+1","Well Laid Plans+1","Impatience","Predator","PiercingWail+1","Acrobatics+1","Deadly Poison+1"],"special_seed":0,"relics":["Ring of the Snake","NeowsBlessing","Mummified Hand","Ice Cream","Singing Bowl","Snake Skull","Oddly Smooth Stone","Cursed Key","Question Card","StoneCalendar","Sozu","Unceasing Top","Ancient Tea Set","Paper Crane","Juzu Bracelet"],"potions_floor_usage":[50],"damage_taken":[{"damage":0.0,"enemies":"2 Louse","floor":1.0,"turns":1.0},{"damage":0.0,"enemies":"Cultist","floor":4.0,"turns":1.0},{"damage":0.0,"enemies":"Gremlin Nob","floor":6.0,"turns":1.0},{"damage":12.0,"enemies":"3 Sentries","floor":10.0,"turns":12.0},{"damage":0.0,"enemies":"The Guardian","floor":16.0,"turns":14.0},{"damage":13.0,"enemies":"3 Byrds","floor":18.0,"turns":3.0},{"damage":0.0,"enemies":"Chosen","floor":22.0,"turns":3.0},{"damage":3.0,"enemies":"Slavers","floor":24.0,"turns":6.0},{"damage":0.0,"enemies":"Centurion and Healer","floor":25.0,"turns":8.0},{"damage":0.0,"enemies":"Chosen and Byrds","floor":27.0,"turns":4.0},{"damage":0.0,"enemies":"Cultist and Chosen","floor":29.0,"turns":5.0},{"damage":0.0,"enemies":"Book of Stabbing","floor":31.0,"turns":4.0},{"damage":31.0,"enemies":"Champ","floor":33.0,"turns":12.0},{"damage":9.0,"enemies":"Orb Walker","floor":35.0,"turns":2.0},{"damage":20.0,"enemies":"2 Orb Walkers","floor":36.0,"turns":6.0},{"damage":0.0,"enemies":"3 Shapes","floor":38.0,"turns":3.0},{"damage":3.0,"enemies":"Reptomancer","floor":40.0,"turns":7.0},{"damage":0.0,"enemies":"Nemesis","floor":44.0,"turns":5.0},{"damage":0.0,"enemies":"Jaw Worm Horde","floor":45.0,"turns":3.0},{"damage":26.0,"enemies":"Giant Head","floor":46.0,"turns":8.0},{"damage":3.0,"enemies":"Maw","floor":48.0,"turns":6.0},{"damage":37,"enemies":"Donu and Deca","floor":50,"turns":8}],"seed_played":"-7755226224372396326","potions_obtained":[{"floor":6.0,"key":"Dexterity Potion"},{"floor":16.0,"key":"Explosive Potion"},{"floor":18.0,"key":"SpeedPotion"},{"floor":27.0,"key":"Ancient Potion"},{"floor":33.0,"key":"FairyPotion"}],"is_trial":false,"path_per_floor":["M","$","?","M","?","E","R","?","T","E","?","$","R","?","R","B",null,"M","?","T","$","M","R","E","M","T","M","R","M","R","E","R","B",null,"M","?","?","M","$","E","R","?","T","E","M","E","R","M","R","B",null],"character_chosen":"THE_SILENT","items_purchased":["Oddly Smooth Stone","Adrenaline","Poisoned Stab","Fire Potion","Well Laid Plans","Impatience"],"campfire_rested":2,"item_purchase_floors":[12,12,21,21,39,39],"current_hp_per_floor":[70,70,70,70,70,70,70,70,70,60,60,60,60,53,53,53,72,59,59,59,59,59,59,56,56,56,58,58,60,60,60,60,29,76,67,47,47,47,47,46,46,48,48,48,48,22,46,43,67,30],"gold":202,"neow_bonus":"THREE_ENEMY_KILL","is_prod":false,"is_daily":false,"chose_seed":false,"campfire_upgraded":8,"win_rate":0,"timestamp":1549395541,"path_taken":["M","$","?","?","?","E","R","?","T","E","?","$","R","?","R","BOSS","M","?","?","$","M","R","E","M","T","?","R","M","R","E","R","BOSS","M","?","?","M","$","E","R","?","T","E","?","E","R","M","R","BOSS"],"build_version":"2019-01-23","purchased_purges":3,"victory":true,"max_hp_per_floor":[70,70,70,70,70,70,70,70,70,72,72,72,72,72,72,72,72,72,72,72,72,72,72,72,72,72,74,74,76,76,76,76,76,76,76,76,76,76,76,78,78,80,80,80,80,80,80,80,80,80],"card_choices":[{"not_picked":["Slice","Cloak And Dagger","Prepared"],"picked":"SKIP","floor":1.0},{"not_picked":["Caltrops","Tactician","Prepared"],"picked":"SKIP","floor":4.0},{"not_picked":["Heel Hook","Flying Knee"],"picked":"Skewer","floor":6.0},{"not_picked":["Sucker Punch","Endless Agony","Acrobatics"],"picked":"Singing Bowl","floor":10.0},{"not_picked":["Adrenaline","Doppelganger"],"picked":"Die Die Die","floor":16.0},{"not_picked":["Predator","Dagger Throw"],"picked":"Blur","floor":18.0},{"not_picked":["Finisher+1","Poisoned Stab"],"picked":"Leg Sweep+1","floor":22.0},{"not_picked":["Dagger Throw","Dagger Spray"],"picked":"Bane","floor":24.0},{"not_picked":["Quick Slash","Dagger Spray","Choke"],"picked":"Backstab","floor":25.0},{"not_picked":["Underhanded Strike+1","Distraction","PiercingWail","Venomology"],"picked":"Singing Bowl","floor":27.0},{"not_picked":["PiercingWail","Distraction","Slice","Dodge and Roll"],"picked":"Singing Bowl","floor":29.0},{"not_picked":["Predator","Backflip+1","Burst"],"picked":"Backstab","floor":31.0},{"not_picked":["After Image","A Thousand Cuts","Wraith Form v2"],"picked":"Die Die Die","floor":33.0},{"not_picked":["Quick Slash","Acrobatics","Escape Plan+1"],"picked":"Backflip","floor":35.0},{"not_picked":["Outmaneuver","Dagger Spray","Prepared+1"],"picked":"Bane+1","floor":36.0},{"not_picked":["Tactician","Expertise+1","Calculated Gamble+1"],"picked":"PiercingWail+1","floor":38.0},{"not_picked":["Dagger Spray","Quick Slash","Predator+1","Outmaneuver"],"picked":"Singing Bowl","floor":40.0},{"not_picked":["PanicButton","Deep Breath","Impatience","Jack Of All Trades"],"picked":"Singing Bowl","floor":42.0},{"not_picked":["Backflip","Bullet Time","Deflect"],"picked":"Predator","floor":44.0},{"not_picked":["Outmaneuver","Cloak And Dagger+1","Distraction"],"picked":"PiercingWail+1","floor":45.0},{"not_picked":["Bane+1","Leg Sweep+1","Dodge and Roll"],"picked":"Acrobatics+1","floor":46.0},{"not_picked":["Endless Agony","Choke+1","Blur+1"],"picked":"Deadly Poison+1","floor":48.0}],"player_experience":634173,"relics_obtained":[{"floor":6.0,"key":"Mummified Hand"},{"floor":9.0,"key":"Ice Cream"},{"floor":10.0,"key":"Singing Bowl"},{"floor":24.0,"key":"Question Card"},{"floor":31.0,"key":"StoneCalendar"},{"floor":36.0,"key":"Unceasing Top"},{"floor":40.0,"key":"Ancient Tea Set"},{"floor":44.0,"key":"Paper Crane"},{"floor":46.0,"key":"Juzu Bracelet"}],"event_choices":[{"damage_healed":0.0,"max_hp_gain":0.0,"max_hp_loss":0.0,"gold_gain":0.0,"event_name":"Accursed Blacksmith","player_choice":"Forge","floor":3.0,"gold_loss":0.0,"damage_taken":0.0,"cards_upgraded":["Neutralize"]},{"damage_healed":0.0,"max_hp_gain":0.0,"max_hp_loss":0.0,"gold_gain":175.0,"event_name":"Liars Game","player_choice":"AGREE","floor":5.0,"gold_loss":0.0,"damage_taken":0.0,"cards_obtained":["Doubt"]},{"cards_removed":["Doubt"],"damage_healed":0.0,"max_hp_gain":0.0,"max_hp_loss":0.0,"gold_gain":0.0,"event_name":"Living Wall","player_choice":"Forget","floor":8.0,"gold_loss":0.0,"damage_taken":0.0},{"damage_healed":0.0,"max_hp_gain":0.0,"max_hp_loss":0.0,"gold_gain":0.0,"event_name":"Big Fish","player_choice":"Box","floor":11.0,"gold_loss":0.0,"damage_taken":0.0,"relics_obtained":["Snake Skull"],"cards_obtained":["Regret"]},{"damage_healed":0.0,"max_hp_gain":0.0,"max_hp_loss":0.0,"gold_gain":75.0,"event_name":"FaceTrader","player_choice":"Touch","floor":14.0,"gold_loss":0.0,"damage_taken":7.0},{"damage_healed":0.0,"max_hp_gain":0.0,"max_hp_loss":0.0,"gold_gain":0.0,"event_name":"The Library","player_choice":"Read","floor":19.0,"gold_loss":0.0,"damage_taken":0.0,"cards_obtained":["Bouncing Flask"]},{"damage_healed":0.0,"max_hp_gain":0.0,"max_hp_loss":0.0,"gold_gain":0.0,"event_name":"Mysterious Sphere","player_choice":"Fight","floor":36.0,"gold_loss":0.0,"damage_taken":0.0},{"cards_removed":["Strike_G"],"damage_healed":0.0,"max_hp_gain":0.0,"max_hp_loss":0.0,"gold_gain":0.0,"event_name":"Falling","player_choice":"Removed Attack","floor":37.0,"gold_loss":0.0,"damage_taken":0.0},{"damage_healed":0.0,"max_hp_gain":0.0,"max_hp_loss":0.0,"gold_gain":0.0,"event_name":"SensoryStone","player_choice":"Memory 1","floor":42.0,"gold_loss":0.0,"damage_taken":0.0}],"is_beta":false,"boss_relics":[{"not_picked":["Astrolabe","WristBlade"],"picked":"Cursed Key"},{"not_picked":["Empty Cage","Tiny House"],"picked":"Sozu"}],"items_purged_floors":[12,21,39],"is_endless":false,"potions_floor_spawned":[6,16,18,27,33,38,44,45,46],"ascension_level":1}