{"gold_per_floor":[116,116,116,116,41,41,51,61,61,79,79,94,94,112,112,189,189,174,89,101,1,1,1],"floor_reached":23,"playtime":775,"items_purged":["Regret","Decay"],"score":326,"play_id":"41da3391-6a1a-4aa0-a0ab-278a3286af8e","local_time":"20190131191443","is_ascension_mode":true,"campfire_choices":[{"data":"Defend_R","floor":6,"key":"SMITH"},{"data":"Defend_R","floor":11,"key":"SMITH"},{"data":"Body Slam","floor":13,"key":"SMITH"},{"floor":15,"key":"REST"}],"neow_cost":"CURSE","seed_source_timestamp":1063813382319196,"circlet_count":0,"master_deck":["AscendersBane","Strike_R","Strike_R","Strike_R","Strike_R","Strike_R","Defend_R","Defend_R","Defend_R+1","Defend_R+1","Bash+1","Barricade+1","Warcry","Body Slam+1","Iron Wave","Reaper","Body Slam"],"relics":["Burning Blood","Du-Vu Doll","Incense Burner","Sozu","Pen Nib"],"potions_floor_usage":[16],"damage_taken":[{"damage":4,"enemies":"2 Louse","floor":1,"turns":3},{"damage":8,"enemies":"Jaw Worm","floor":7,"turns":3},{"damage":2,"enemies":"Cultist","floor":8,"turns":2},{"damage":7,"enemies":"2 Fungi Beasts","floor":10,"turns":4},{"damage":8,"enemies":"Blue Slaver","floor":12,"turns":3},{"damage":20,"enemies":"Red Slaver","floor":14,"turns":4},{"damage":25,"enemies":"The Guardian","floor":16,"turns":14},{"damage":31,"enemies":"2 Thieves","floor":18,"turns":4},{"damage":26,"enemies":"Shell Parasite","floor":20,"turns":8},{"damage":61,"enemies":"Slavers","floor":23,"turns":4}],"seed_played":"6369689179767539788","potions_obtained":[{"floor":8,"key":"SpeedPotion"},{"floor":14,"key":"Block Potion"}],"is_trial":false,"path_per_floor":["M","?","?","?","$","R","M","M","T","M","R","M","R","M","R","B",null,"M","?","M","$","?","E"],"character_chosen":"IRONCLAD","items_purchased":[],"campfire_rested":1,"item_purchase_floors":[],"current_hp_per_floor":[70,47,42,42,42,42,40,44,44,43,43,41,41,27,49,30,64,54,54,40,40,40,0],"gold":1,"neow_bonus":"THREE_RARE_CARDS","is_prod":false,"is_daily":false,"chose_seed":false,"campfire_upgraded":3,"win_rate":0,"timestamp":1548958483,"path_taken":["M","?","?","?","$","R","M","M","T","M","R","M","R","?","R","BOSS","M","?","M","$","?","E"],"build_version":"2019-01-23","purchased_purges":2,"victory":false,"max_hp_per_floor":[75,75,75,75,75,75,75,75,75,75,75,75,75,75,75,75,75,75,75,75,75,75,75],"card_choices":[{"not_picked":["Immolate","Impervious"],"picked":"Barricade","floor":0},{"not_picked":["Sword Boomerang","True Grit"],"picked":"Warcry","floor":1},{"not_picked":["Headbutt","Clothesline","Reckless Charge"],"picked":"SKIP","floor":7},{"not_picked":["Perfected Strike","Power Through","Hemokinesis"],"picked":"SKIP","floor":8},{"not_picked":["Corruption","Wild Strike","Anger"],"picked":"SKIP","floor":10},{"not_picked":["Exhume","Sword Boomerang"],"picked":"Body Slam","floor":12},{"not_picked":["Infernal Blade","Perfected Strike"],"picked":"Iron Wave","floor":14},{"not_picked":["Offering","Fiend Fire"],"picked":"Reaper","floor":16},{"not_picked":["Flex","Clash","Power Through"],"picked":"SKIP","floor":18},{"not_picked":["Whirlwind","Second Wind","Cleave"],"picked":"SKIP","floor":20}],"player_experience":680498,"relics_obtained":[{"floor":9,"key":"Incense Burner"}],"event_choices":[{"damage_healed":0,"gold_gain":0,"player_choice":"Entered Light","damage_taken":23,"max_hp_gain":0,"max_hp_loss":0,"event_name":"Shining Light","floor":2,"gold_loss":0,"cards_upgraded":["Bash","Barricade"]},{"damage_healed":0,"gold_gain":0,"player_choice":"Success","damage_taken":5,"relics_obtained":["Du-Vu Doll"],"max_hp_gain":0,"max_hp_loss":0,"event_name":"Scrap Ooze","floor":3,"gold_loss":0},{"damage_healed":0,"gold_gain":0,"player_choice":"Cursed","damage_taken":0,"max_hp_gain":0,"max_hp_loss":0,"event_name":"Wheel of Change","floor":4,"gold_loss":0,"cards_obtained":["Decay"]},{"damage_healed":0,"gold_gain":0,"player_choice":"Obtained Relic","damage_taken":0,"relics_obtained":["Pen Nib"],"max_hp_gain":0,"max_hp_loss":0,"event_name":"Addict","floor":19,"gold_loss":85},{"damage_healed":0,"gold_gain":0,"player_choice":"Read","damage_taken":0,"max_hp_gain":0,"max_hp_loss":0,"event_name":"The Library","floor":22,"gold_loss":0,"cards_obtained":["Body Slam"]}],"is_beta":true,"boss_relics":[{"not_picked":["Velvet Choker","Mark of Pain"],"picked":"Sozu"}],"items_purged_floors":[5,21],"is_endless":false,"potions_floor_spawned":[8,14,18],"killed_by":"Slavers","ascension_level":16}