{"gold_per_floor":[117,117,137,152,102,131,131,150,176,186,245,57,91,105,105,105],"floor_reached":16,"playtime":964,"items_purged":[],"score":140,"play_id":"3d6686ec-54d6-4394-8b78-4b40afb5ffc3","local_time":"20190205103337","is_ascension_mode":true,"campfire_choices":[{"data":"Bash","floor":7,"key":"SMITH"},{"floor":15,"key":"REST"}],"neow_cost":"NONE","seed_source_timestamp":1829498669997700,"circlet_count":0,"master_deck":["Strike_R","Strike_R","Strike_R","Defend_R","Defend_R+1","Defend_R","Defend_R+1","Bash+1","Dropkick","Shrug It Off","Flex","Shrug It Off","Dropkick","Heavy Blade","Battle Trance","Impervious","Seeing Red"],"relics":["Burning Blood","NeowsBlessing","Oddly Smooth Stone","Boot","Art of War","War Paint","Lantern"],"potions_floor_usage":[13,16],"damage_taken":[{"damage":0,"enemies":"Small Slimes","floor":1,"turns":1},{"damage":0,"enemies":"Cultist","floor":3,"turns":1},{"damage":0,"enemies":"Jaw Worm","floor":4,"turns":1},{"damage":56,"enemies":"3 Sentries","floor":6,"turns":13},{"damage":1,"enemies":"3 Louse","floor":8,"turns":4},{"damage":2,"enemies":"Looter","floor":10,"turns":3},{"damage":21,"enemies":"Lagavulin Event","floor":11,"turns":7},{"damage":11,"enemies":"Gremlin Nob","floor":13,"turns":3},{"damage":15,"enemies":"2 Fungi Beasts","floor":14,"turns":4},{"damage":35,"enemies":"Hexaghost","floor":16,"turns":9}],"seed_played":"-6527799127559007250","potions_obtained":[{"floor":1,"key":"Swift Potion"},{"floor":6,"key":"Explosive Potion"},{"floor":14,"key":"Swift Potion"}],"is_trial":false,"path_per_floor":["M","?","M","M","?","E","R","M","T","M","?","$","E","M","R","B"],"character_chosen":"IRONCLAD","items_purchased":["War Paint","Battle Trance"],"campfire_rested":1,"item_purchase_floors":[12,12],"current_hp_per_floor":[80,80,80,80,80,30,30,35,35,39,24,24,19,10,34,0],"gold":105,"neow_bonus":"THREE_ENEMY_KILL","is_prod":false,"is_daily":false,"chose_seed":false,"campfire_upgraded":1,"win_rate":0,"timestamp":1549380817,"path_taken":["M","?","?","M","?","E","R","M","T","M","?","$","E","M","R","BOSS"],"build_version":"2019-01-23","purchased_purges":0,"victory":false,"max_hp_per_floor":[80,80,80,80,80,80,80,80,80,80,80,80,80,80,80,80],"card_choices":[{"not_picked":["Twin Strike","Cleave"],"picked":"Dropkick","floor":1},{"not_picked":["Flex","Clash"],"picked":"Shrug It Off","floor":3},{"not_picked":["Sword Boomerang","True Grit"],"picked":"Flex","floor":4},{"not_picked":["Burning Pact","Havoc"],"picked":"Shrug It Off","floor":6},{"not_picked":["Shrug It Off","Entrench"],"picked":"Dropkick","floor":8},{"not_picked":["Hemokinesis","Entrench"],"picked":"Heavy Blade","floor":10},{"not_picked":["Sever Soul","Warcry"],"picked":"Impervious","floor":13},{"not_picked":["Body Slam","Anger"],"picked":"Seeing Red","floor":14}],"player_experience":247185,"relics_obtained":[{"floor":6,"key":"Oddly Smooth Stone"},{"floor":9,"key":"Boot"},{"floor":11,"key":"Art of War"},{"floor":13,"key":"Lantern"}],"event_choices":[{"cards_removed":["Strike_R"],"damage_healed":0,"gold_gain":0,"player_choice":"Purged","damage_taken":0,"max_hp_gain":0,"max_hp_loss":0,"event_name":"Purifier","floor":2,"gold_loss":0},{"cards_removed":["Strike_R"],"damage_healed":0,"gold_gain":0,"player_choice":"Card Removal","damage_taken":0,"max_hp_gain":0,"max_hp_loss":0,"event_name":"The Cleric","floor":5,"gold_loss":50},{"damage_healed":0,"gold_gain":0,"player_choice":"Searched \u00272\u0027 times","damage_taken":0,"max_hp_gain":0,"max_hp_loss":0,"event_name":"Dead Adventurer","floor":11,"gold_loss":0}],"is_beta":false,"boss_relics":[],"items_purged_floors":[],"is_endless":false,"potions_floor_spawned":[1,6,14],"killed_by":"Hexaghost","ascension_level":5}