{"gold_per_floor":[117,129,143,143,154,154,187,208,231,61,96,33,33,62,62,158,158,176,192,192],"floor_reached":20,"playtime":1262,"items_purged":["Strike_R"],"score":228,"play_id":"10dad571-d17d-47db-91eb-b3f16327929d","local_time":"20190130042041","is_ascension_mode":true,"campfire_choices":[{"data":"Ghostly Armor","floor":6,"key":"SMITH"},{"data":"Heavy Blade","floor":13,"key":"SMITH"},{"data":"Demon Form","floor":15,"key":"SMITH"}],"neow_cost":"NONE","seed_source_timestamp":1288425964429300,"circlet_count":0,"master_deck":["Strike_R","Defend_R","Defend_R","Defend_R","Defend_R","Seeing Red","Ghostly Armor+1","Cleave","Searing Blow","Demon Form+1","Heavy Blade+1","Shrug It Off","Limit Break","Headbutt","Flex"],"relics":["Burning Blood","Lantern","Odd Mushroom","Red Skull","Strawberry","Kunai","Bottled Flame","Empty Cage"],"potions_floor_usage":[7,7,11,14,20],"damage_taken":[{"damage":0,"enemies":"Small Slimes","floor":1,"turns":4},{"damage":2,"enemies":"Cultist","floor":2,"turns":5},{"damage":1,"enemies":"2 Louse","floor":3,"turns":4},{"damage":4,"enemies":"Blue Slaver","floor":5,"turns":5},{"damage":13,"enemies":"3 Sentries","floor":7,"turns":10},{"damage":29,"enemies":"The Mushroom Lair","floor":8,"turns":7},{"damage":14,"enemies":"Gremlin Nob","floor":11,"turns":4},{"damage":32,"enemies":"3 Sentries","floor":14,"turns":7},{"damage":23,"enemies":"Slime Boss","floor":16,"turns":8},{"damage":13,"enemies":"Shell Parasite","floor":18,"turns":5},{"damage":56,"enemies":"3 Byrds","floor":19,"turns":10},{"damage":30,"enemies":"3 Cultists","floor":20,"turns":4}],"seed_played":"250432937859350907","potions_obtained":[{"floor":1,"key":"Energy Potion"},{"floor":5,"key":"SpeedPotion"},{"floor":7,"key":"PowerPotion"},{"floor":11,"key":"Regen Potion"},{"floor":14,"key":"Swift Potion"},{"floor":16,"key":"Fire Potion"},{"floor":19,"key":"PowerPotion"}],"is_trial":false,"path_per_floor":["M","M","M","?","M","R","E","?","T","$","E","?","R","E","R","B",null,"M","M","M"],"character_chosen":"IRONCLAD","items_purchased":["Heavy Blade","Shrug It Off"],"campfire_rested":0,"item_purchase_floors":[10,10],"current_hp_per_floor":[80,80,80,80,80,80,73,50,50,50,49,49,49,35,35,18,87,80,30,0],"gold":192,"neow_bonus":"TRANSFORM_CARD","is_prod":false,"is_daily":false,"chose_seed":false,"campfire_upgraded":3,"win_rate":0,"timestamp":1548840041,"path_taken":["M","M","M","?","?","R","E","?","T","$","E","?","R","E","R","BOSS","M","M","M"],"build_version":"2019-01-23","purchased_purges":1,"victory":false,"max_hp_per_floor":[80,80,80,80,80,80,80,80,80,80,87,87,87,87,87,87,87,87,87,87],"card_choices":[{"not_picked":["Wild Strike","Heavy Blade"],"picked":"Ghostly Armor","floor":1},{"not_picked":["Entrench","Feel No Pain","Disarm"],"picked":"SKIP","floor":2},{"not_picked":["Bloodletting","Reckless Charge"],"picked":"Cleave","floor":3},{"not_picked":["Sword Boomerang","Entrench","Twin Strike"],"picked":"SKIP","floor":5},{"not_picked":["Juggernaut","Body Slam"],"picked":"Searing Blow","floor":7},{"not_picked":["Body Slam","Headbutt"],"picked":"Demon Form","floor":8},{"not_picked":["Clash","Havoc","Body Slam"],"picked":"SKIP","floor":11},{"not_picked":["Bludgeon","Evolve","Havoc"],"picked":"SKIP","floor":14},{"not_picked":["Offering","Reaper"],"picked":"Limit Break","floor":16},{"not_picked":["True Grit","Whirlwind+1"],"picked":"Headbutt","floor":18},{"not_picked":["Pummel+1","Cleave"],"picked":"Flex","floor":19}],"player_experience":112331,"relics_obtained":[{"floor":7,"key":"Lantern"},{"floor":8,"key":"Odd Mushroom"},{"floor":9,"key":"Red Skull"},{"floor":11,"key":"Strawberry"},{"floor":14,"key":"Bottled Flame"}],"event_choices":[{"cards_removed":["Strike_R"],"damage_healed":0,"gold_gain":0,"player_choice":"Purged","damage_taken":0,"max_hp_gain":0,"max_hp_loss":0,"event_name":"Purifier","floor":4,"gold_loss":0},{"damage_healed":0,"gold_gain":0,"player_choice":"Fought Mushrooms","damage_taken":0,"max_hp_gain":0,"max_hp_loss":0,"event_name":"Mushrooms","floor":8,"gold_loss":0},{"damage_healed":0,"gold_gain":0,"player_choice":"Paid Gold","damage_taken":0,"relics_obtained":["Kunai"],"max_hp_gain":0,"max_hp_loss":0,"event_name":"WeMeetAgain","floor":12,"gold_loss":63}],"is_beta":false,"boss_relics":[{"not_picked":["Pandora\u0027s Box","Ectoplasm"],"picked":"Empty Cage"}],"items_purged_floors":[10],"is_endless":false,"potions_floor_spawned":[1,5,7,11,14,16,19],"killed_by":"3 Cultists","ascension_level":1}