{"gold_per_floor":[116,116,126,145,162,162,176,176,229,245,256,266,266,278,278,383,383,400,400,419,419,329,329,346,356,379,409,436,448,385,215,215,311,311,321,339,355,372,1371,1371,1381,1381],"floor_reached":42,"playtime":1401,"items_purged":["Backflip"],"score":665,"play_id":"a7b5ad4d-77f1-43d3-9a4c-ba80d598dffd","local_time":"20190203185819","is_ascension_mode":true,"campfire_choices":[{"data":"Noxious Fumes","floor":6,"key":"SMITH"},{"data":"Noxious Fumes","floor":13,"key":"SMITH"},{"data":"Neutralize","floor":15,"key":"SMITH"},{"data":"Crippling Poison","floor":23,"key":"SMITH"},{"floor":29,"key":"REST"},{"data":"Footwork","floor":32,"key":"SMITH"},{"data":"Wraith Form v2","floor":40,"key":"SMITH"}],"neow_cost":"NONE","seed_source_timestamp":15818209000448,"circlet_count":0,"master_deck":["AscendersBane","Defend_G+1","Defend_G+1","Defend_G+1","Defend_G+1","Defend_G+1","Strike_G+1","Strike_G+1","Strike_G+1","Survivor","Neutralize+1","Sucker Punch","Noxious Fumes+1","Noxious Fumes+1","Leg Sweep+1","Corpse Explosion","Crippling Poison+1","Burst+1","Dagger Spray","Adrenaline","Dash","Deflect+1","Poisoned Stab","Skewer","Footwork+1","Bouncing Flask","Wraith Form v2+1","Dodge and Roll+1","Normality","Normality"],"relics":["Ring of the Serpent","Vajra","Blue Candle","War Paint","Velvet Choker","MawBank"],"potions_floor_usage":[10,11,11,16,24,28,33,38],"damage_taken":[{"damage":0,"enemies":"Cultist","floor":1,"turns":3},{"damage":8,"enemies":"Small Slimes","floor":3,"turns":4},{"damage":2,"enemies":"2 Louse","floor":4,"turns":3},{"damage":3,"enemies":"Looter","floor":5,"turns":4},{"damage":0,"enemies":"Large Slime","floor":7,"turns":5},{"damage":0,"enemies":"Gremlin Gang","floor":10,"turns":1},{"damage":6,"enemies":"3 Louse","floor":11,"turns":3},{"damage":11,"enemies":"Exordium Wildlife","floor":12,"turns":4},{"damage":2,"enemies":"Looter","floor":14,"turns":4},{"damage":7,"enemies":"Hexaghost","floor":16,"turns":11},{"damage":6,"enemies":"Spheric Guardian","floor":18,"turns":6},{"damage":1,"enemies":"3 Byrds","floor":20,"turns":3},{"damage":1,"enemies":"Cultist and Chosen","floor":24,"turns":4},{"damage":4,"enemies":"Sentry and Sphere","floor":25,"turns":5},{"damage":0,"enemies":"Snecko","floor":27,"turns":5},{"damage":14,"enemies":"Centurion and Healer","floor":28,"turns":3},{"damage":32,"enemies":"Champ","floor":33,"turns":11},{"damage":8,"enemies":"3 Darklings","floor":35,"turns":4},{"damage":0,"enemies":"3 Shapes","floor":36,"turns":3},{"damage":8,"enemies":"3 Darklings","floor":37,"turns":4},{"damage":8,"enemies":"Transient","floor":38,"turns":5},{"damage":13,"enemies":"Spire Growth","floor":41,"turns":7},{"damage":23,"enemies":"3 Darklings","floor":42,"turns":2}],"seed_played":"6536422747800679868","potions_obtained":[{"floor":3,"key":"SteroidPotion"},{"floor":7,"key":"Fire Potion"},{"floor":10,"key":"AttackPotion"},{"floor":14,"key":"Fire Potion"},{"floor":16,"key":"AttackPotion"},{"floor":20,"key":"Fire Potion"},{"floor":25,"key":"Fire Potion"},{"floor":33,"key":"Strength Potion"},{"floor":36,"key":"Explosive Potion"}],"is_trial":false,"path_per_floor":["M","?","M","M","M","R","M","?","T","M","M","M","R","M","R","B",null,"M","?","M","?","?","R","M","M","T","M","M","R","?","$","R","B",null,"M","M","M","M","?","R","M","M"],"character_chosen":"THE_SILENT","items_purchased":["Footwork","Bouncing Flask"],"campfire_rested":1,"item_purchase_floors":[31,31],"current_hp_per_floor":[63,60,52,50,47,47,47,47,47,47,41,30,30,28,28,21,58,52,39,38,38,38,38,37,33,33,33,19,41,41,41,41,9,59,51,51,43,35,35,35,22,0],"gold":1381,"neow_bonus":"RANDOM_COMMON_RELIC","is_prod":false,"is_daily":false,"chose_seed":false,"campfire_upgraded":6,"win_rate":0,"timestamp":1549241899,"path_taken":["M","?","M","M","M","R","M","?","T","?","M","M","R","M","R","BOSS","M","?","M","?","?","R","M","M","T","M","?","R","?","?","R","BOSS","M","M","M","M","?","R","M","M"],"build_version":"2019-01-23","purchased_purges":1,"victory":false,"max_hp_per_floor":[70,70,70,70,70,70,70,70,70,70,70,70,70,70,70,70,70,70,75,75,75,75,75,75,75,75,75,75,75,75,75,75,75,75,75,75,75,75,75,75,75,75],"card_choices":[{"not_picked":["Blade Dance","Bane"],"picked":"Sucker Punch","floor":1},{"not_picked":["Quick Slash","Blur"],"picked":"Noxious Fumes","floor":3},{"not_picked":["Blade Dance","Acrobatics"],"picked":"Noxious Fumes","floor":4},{"not_picked":["Quick Slash","Dodge and Roll"],"picked":"Backflip","floor":5},{"not_picked":["Bullet Time","Acrobatics"],"picked":"Leg Sweep","floor":7},{"not_picked":["Deadly Poison","Calculated Gamble"],"picked":"Crippling Poison","floor":10},{"not_picked":["Slice","Underhanded Strike"],"picked":"Burst","floor":11},{"not_picked":["Quick Slash","Poisoned Stab"],"picked":"Cloak And Dagger","floor":12},{"not_picked":["PiercingWail","Accuracy"],"picked":"Dagger Spray","floor":14},{"not_picked":["Glass Knife","Doppelganger"],"picked":"Adrenaline","floor":16},{"not_picked":["Bane","Dagger Spray"],"picked":"Dash","floor":18},{"not_picked":["Quick Slash","Underhanded Strike+1"],"picked":"Deflect+1","floor":20},{"not_picked":["Cloak And Dagger","Eviscerate"],"picked":"Poisoned Stab","floor":24},{"not_picked":["Blade Dance+1","Quick Slash","Underhanded Strike"],"picked":"SKIP","floor":25},{"not_picked":["Prepared","Acrobatics"],"picked":"Skewer","floor":27},{"not_picked":["Distraction","Bullet Time","Prepared"],"picked":"SKIP","floor":28},{"not_picked":["Bullet Time","Burst"],"picked":"Wraith Form v2","floor":33},{"not_picked":["Dagger Throw","Poisoned Stab"],"picked":"Dodge and Roll+1","floor":35},{"not_picked":["Dagger Throw","Outmaneuver","Reflex"],"picked":"SKIP","floor":36},{"not_picked":["Terror","Deadly Poison","Masterful Stab"],"picked":"SKIP","floor":37},{"not_picked":["Backflip","Eviscerate+1","Deflect"],"picked":"SKIP","floor":38},{"not_picked":["Dodge and Roll","Underhanded Strike","Blade Dance"],"picked":"SKIP","floor":41},{"not_picked":["Dodge and Roll","Underhanded Strike","Blade Dance"],"picked":"SKIP","floor":41}],"player_experience":725609,"relics_obtained":[{"floor":9,"key":"War Paint"},{"floor":26,"key":"MawBank"}],"event_choices":[{"damage_healed":0,"gold_gain":0,"player_choice":"Success","damage_taken":3,"relics_obtained":["Blue Candle"],"max_hp_gain":0,"max_hp_loss":0,"event_name":"Scrap Ooze","floor":2,"gold_loss":0},{"damage_healed":0,"gold_gain":0,"cards_transformed":["Strike_G"],"player_choice":"Transformed","damage_taken":0,"max_hp_gain":0,"max_hp_loss":0,"event_name":"Transmorgrifier","floor":8,"gold_loss":0,"cards_obtained":["Corpse Explosion"]},{"damage_healed":0,"gold_gain":0,"player_choice":"Shed Blood","damage_taken":18,"max_hp_gain":5,"max_hp_loss":0,"event_name":"Forgotten Altar","floor":19,"gold_loss":0},{"damage_healed":0,"gold_gain":0,"player_choice":"Simplicity","damage_taken":0,"max_hp_gain":0,"max_hp_loss":0,"event_name":"Back to Basics","floor":21,"gold_loss":0,"cards_upgraded":["Defend_G","Defend_G","Defend_G","Defend_G","Strike_G","Strike_G","Strike_G","Strike_G"]},{"cards_removed":["Strike_G"],"damage_healed":0,"gold_gain":0,"player_choice":"Upgrade and Remove","damage_taken":0,"max_hp_gain":0,"max_hp_loss":0,"event_name":"Designer","floor":22,"gold_loss":90,"cards_upgraded":["Burst"]},{"cards_removed":["Cloak And Dagger"],"damage_healed":0,"gold_gain":0,"player_choice":"Gave Gold","damage_taken":0,"max_hp_gain":0,"max_hp_loss":0,"event_name":"Beggar","floor":30,"gold_loss":75},{"damage_healed":0,"gold_gain":999,"player_choice":"Gold","damage_taken":0,"max_hp_gain":0,"max_hp_loss":0,"event_name":"MindBloom","floor":39,"gold_loss":0,"cards_obtained":["Normality","Normality"]}],"is_beta":false,"boss_relics":[{"not_picked":["Coffee Dripper","Astrolabe"],"picked":"Velvet Choker"},{"not_picked":["Black Star","Empty Cage"],"picked":"Ring of the Serpent"}],"items_purged_floors":[31],"is_endless":false,"potions_floor_spawned":[3,7,10,14,16,20,25,33,36],"killed_by":"3 Darklings","ascension_level":12}