{"gold_per_floor":[110,110,125,125,125,138,138,156,156,167,193,213,213,232,232,332,332,351,351,371,371,390,390,403,437,461,461,473,473,508,508,508,603,603,618,618],"floor_reached":36,"playtime":1616,"items_purged":[],"score":406,"play_id":"315795c4-e569-47b0-a920-688b75bb4f42","local_time":"20190204185659","is_ascension_mode":false,"campfire_choices":[{"floor":7,"key":"REST"},{"floor":13,"key":"REST"},{"data":"Calculated Gamble","floor":15,"key":"SMITH"},{"floor":23,"key":"REST"},{"floor":27,"key":"REST"},{"floor":29,"key":"REST"},{"floor":32,"key":"REST"}],"neow_cost":"NONE","seed_source_timestamp":27429265316421,"circlet_count":0,"master_deck":["Defend_G","Defend_G","Defend_G","Defend_G","Strike_G","Strike_G","Survivor","Neutralize","Slice","Deadly Poison","Masterful Stab","After Image","Noxious Fumes","Deflect","Quick Slash","Calculated Gamble+1","Unload","Deadly Poison+1","Caltrops+1","Escape Plan+1","Dodge and Roll+1","RitualDagger","PiercingWail","Poisoned Stab+1","Choke","Concentrate","Finisher","Storm of Steel","Doppelganger","Masterful Stab+1"],"relics":["Ring of the Snake","Nunchaku","Bottled Tornado","Orichalcum","Astrolabe","Vajra","Snake Skull","Smiling Mask","Eternal Feather"],"potions_floor_usage":[16,16,20,25,28,30,33,33,33],"damage_taken":[{"damage":6,"enemies":"Jaw Worm","floor":1,"turns":6},{"damage":3,"enemies":"Cultist","floor":3,"turns":5},{"damage":2,"enemies":"2 Louse","floor":6,"turns":2},{"damage":0,"enemies":"Red Slaver","floor":8,"turns":3},{"damage":0,"enemies":"Looter","floor":10,"turns":3},{"damage":15,"enemies":"Lagavulin","floor":11,"turns":6},{"damage":0,"enemies":"2 Fungi Beasts","floor":12,"turns":4},{"damage":8,"enemies":"Exordium Wildlife","floor":14,"turns":4},{"damage":12,"enemies":"The Guardian","floor":16,"turns":11},{"damage":16,"enemies":"Spheric Guardian","floor":18,"turns":4},{"damage":3,"enemies":"3 Byrds","floor":20,"turns":4},{"damage":8,"enemies":"Shelled Parasite and Fungi","floor":22,"turns":5},{"damage":11,"enemies":"Snecko","floor":24,"turns":7},{"damage":15,"enemies":"Book of Stabbing","floor":25,"turns":5},{"damage":13,"enemies":"Cultist and Chosen","floor":28,"turns":6},{"damage":7,"enemies":"Gremlin Leader","floor":30,"turns":7},{"damage":43,"enemies":"Automaton","floor":33,"turns":8},{"damage":35,"enemies":"3 Shapes","floor":35,"turns":6},{"damage":36,"enemies":"3 Darklings","floor":36,"turns":4}],"seed_played":"5866597666814438649","potions_obtained":[{"floor":3,"key":"LiquidBronze"},{"floor":11,"key":"Explosive Potion"},{"floor":12,"key":"Swift Potion"},{"floor":14,"key":"Swift Potion"},{"floor":18,"key":"LiquidBronze"},{"floor":22,"key":"Block Potion"},{"floor":28,"key":"Dexterity Potion"},{"floor":31,"key":"Poison Potion"},{"floor":31,"key":"Ancient Potion"},{"floor":31,"key":"EssenceOfSteel"}],"is_trial":false,"path_per_floor":["M","?","M","$","?","M","R","M","T","M","E","M","R","M","R","B",null,"M","?","M","$","M","R","M","E","T","R","M","R","E","?","R","B",null,"M","M"],"character_chosen":"THE_SILENT","items_purchased":[],"campfire_rested":6,"item_purchase_floors":[],"current_hp_per_floor":[64,70,67,67,34,32,53,53,53,53,38,38,59,51,51,39,70,54,48,45,45,37,58,47,32,32,53,40,61,54,54,70,27,70,35,0],"gold":618,"neow_bonus":"TRANSFORM_CARD","is_prod":false,"is_daily":false,"chose_seed":false,"campfire_upgraded":1,"win_rate":0.0,"timestamp":1549277819,"path_taken":["M","?","?","?","?","M","R","M","T","M","E","M","R","M","R","BOSS","M","?","M","$","M","R","M","E","T","R","M","R","E","?","R","BOSS","M","M"],"build_version":"2019-01-23","purchased_purges":0,"victory":false,"max_hp_per_floor":[70,70,70,70,70,70,70,70,70,70,70,70,70,70,70,70,70,70,70,70,70,70,70,70,70,70,70,70,70,70,70,70,70,70,70,70],"card_choices":[{"not_picked":["Quick Slash","Poisoned Stab"],"picked":"Dash","floor":1},{"not_picked":["Acrobatics","Flying Knee"],"picked":"Deadly Poison","floor":3},{"not_picked":["Backflip","Dagger Throw"],"picked":"Masterful Stab","floor":6},{"not_picked":["Dodge and Roll","Poisoned Stab"],"picked":"After Image","floor":8},{"not_picked":["Dagger Throw","Dodge and Roll"],"picked":"Noxious Fumes","floor":10},{"not_picked":["Dash","Leg Sweep"],"picked":"Deflect","floor":11},{"not_picked":["Heel Hook","Poisoned Stab"],"picked":"Quick Slash","floor":12},{"not_picked":["Dagger Throw","Heel Hook"],"picked":"Calculated Gamble","floor":14},{"not_picked":["Night Terror","Burst"],"picked":"Unload","floor":16},{"not_picked":["Reflex","Bouncing Flask+1"],"picked":"Dodge and Roll+1","floor":18},{"not_picked":["Poisoned Stab","Underhanded Strike"],"picked":"PiercingWail","floor":20},{"not_picked":["Dodge and Roll+1","Terror"],"picked":"Poisoned Stab+1","floor":22},{"not_picked":["Sucker Punch","Blade Dance"],"picked":"Choke","floor":24},{"not_picked":["Accuracy","Infinite Blades"],"picked":"Concentrate","floor":25},{"not_picked":["Bane","Dash"],"picked":"Finisher","floor":28},{"not_picked":["Masterful Stab","Deflect+1"],"picked":"Storm of Steel","floor":30},{"not_picked":["Grand Finale","Storm of Steel"],"picked":"Doppelganger","floor":33},{"not_picked":["Prepared","Deadly Poison"],"picked":"Masterful Stab+1","floor":35}],"player_experience":178402,"relics_obtained":[{"floor":9,"key":"Bottled Tornado"},{"floor":11,"key":"Orichalcum"},{"floor":25,"key":"Vajra"},{"floor":26,"key":"Snake Skull"},{"floor":30,"key":"Smiling Mask"}],"event_choices":[{"cards_removed":["Dash"],"damage_healed":6,"gold_gain":0,"player_choice":"Offered Uncommon","damage_taken":0,"max_hp_gain":0,"max_hp_loss":0,"event_name":"Bonfire Elementals","floor":2,"gold_loss":0},{"damage_healed":0,"gold_gain":0,"player_choice":"Success","damage_taken":33,"relics_obtained":["Nunchaku"],"max_hp_gain":0,"max_hp_loss":0,"event_name":"Scrap Ooze","floor":5,"gold_loss":0},{"damage_healed":0,"gold_gain":0,"player_choice":"Joined the Cult","damage_taken":6,"max_hp_gain":0,"max_hp_loss":0,"event_name":"Nest","floor":19,"gold_loss":0,"cards_obtained":["RitualDagger"]},{"damage_healed":0,"gold_gain":0,"player_choice":"Got Potions","damage_taken":0,"max_hp_gain":0,"max_hp_loss":0,"event_name":"Lab","floor":31,"gold_loss":0}],"is_beta":false,"boss_relics":[{"not_picked":["Ectoplasm","HoveringKite"],"picked":"Astrolabe"},{"not_picked":["Philosopher\u0027s Stone","Cursed Key"],"picked":"Eternal Feather"}],"items_purged_floors":[],"is_endless":false,"potions_floor_spawned":[3,11,12,14,18,22,28],"killed_by":"3 Darklings","ascension_level":0}