{"path_per_floor":["M","M","$","?","M","R","M","E","T","$","R","M","?","M","R","B",null,"M","M","M","$","T","E","R","E","T","M","M","?","E","M","R","B",null,"M","M","$","M","M","R","M","?","T","E","R","M","M","$","R","B"],"character_chosen":"IRONCLAD","items_purchased":["Cleave"],"gold_per_floor":[117,134,59,59,71,71,87,121,121,21,21,31,31,48,48,150,150,160,174,184,59,59,92,92,124,124,136,148,148,179,195,195,294,294,311,329,133,143,160,160,176,176,176,205,205,221,232,57,57,57],"floor_reached":51,"campfire_rested":5,"playtime":3534,"current_hp_per_floor":[80,73,73,73,73,73,78,64,64,64,64,54,47,53,53,29,80,74,80,65,65,65,50,80,54,54,60,42,32,13,9,51,43,93,74,70,70,41,25,67,60,60,60,44,86,74,61,61,93,20],"items_purged":["Pain","Strike_R","Strike_R","Strike_R","Strike_R"],"gold":57,"score":743,"play_id":"a058bbc3-60cf-4d2b-85b1-7416f8d2dab2","local_time":"20180510183358","is_prod":false,"is_daily":false,"chose_seed":false,"is_ascension_mode":false,"campfire_upgraded":3,"timestamp":1525970038,"path_taken":["M","?","$","?","M","R","M","E","T","?","R","M","?","M","R","BOSS","M","M","?","$","?","E","R","E","T","?","?","?","E","M","R","BOSS","M","M","$","M","M","R","M","?","T","E","R","?","M","$","R","BOSS"],"build_version":"2018-05-03","seed_source_timestamp":0,"purchased_purges":5,"victory":true,"master_deck":["Defend_R","Defend_R","Defend_R","Defend_R","Bash","Twin Strike","Twin Strike+1","Cleave+1","Pommel Strike","Thunderclap","Armaments+1","Demon Form+1","Whirlwind","Heavy Blade+1","Searing Blow+1","Seeing Red","Flex+1","Necronomicurse","Iron Wave+1","Limit Break","Inflame+1","Battle Trance","Cleave+1","Thunderclap+1","Iron Wave+1","Seeing Red+1","Shrug It Off+1","Spot Weakness"],"max_hp_per_floor":[80,80,80,80,80,80,80,80,80,80,80,80,80,80,80,80,80,80,80,80,80,80,80,80,87,87,87,87,93,93,93,93,93,93,93,93,93,93,93,93,93,93,93,93,93,93,93,93,93,93],"relics":["Burning Blood","Champion Belt","Frozen Egg 2","Question Card","Regal Pillow","Sozu","Darkstone Periapt","Dream Catcher","Strawberry","Bottled Tornado","Necronomicon","Molten Egg 2","Runic Pyramid","Ornamental Fan","Omamori"],"card_choices":[{"not_picked":["Anger","Clash"],"picked":"Twin Strike","floor":1.0},{"not_picked":["Anger","Shrug It Off"],"picked":"Twin Strike","floor":2.0},{"not_picked":["Thunderclap","Armaments"],"picked":"Cleave","floor":5.0},{"not_picked":["Uppercut","Body Slam"],"picked":"Pommel Strike","floor":8.0},{"not_picked":["Headbutt","Anger","Rupture"],"picked":"Thunderclap","floor":12.0},{"not_picked":["Spot Weakness","Metallicize","Bludgeon"],"picked":"Armaments","floor":14.0},{"not_picked":["Brutality","Exhume","Bludgeon"],"picked":"Demon Form","floor":16.0},{"not_picked":["Pommel Strike","Bloodletting","Clothesline"],"picked":"Whirlwind","floor":18.0},{"not_picked":["Sword Boomerang","Thunderclap","Wild Strike"],"picked":"Heavy Blade","floor":19.0},{"not_picked":["Rupture","Flex","Combust"],"picked":"Searing Blow","floor":23.0},{"not_picked":["Wild Strike","Rampage","Iron Wave"],"picked":"Seeing Red","floor":24.0},{"not_picked":["Searing Blow","Sever Soul","Evolve"],"picked":"Flex","floor":27.0},{"not_picked":["Dual Wield","Ghostly Armor","Clash"],"picked":"Iron Wave","floor":32},{"not_picked":["Demon Form","Double Tap","Berserk"],"picked":"Limit Break","floor":33},{"not_picked":["Armaments","Flex","Headbutt"],"picked":"Inflame","floor":35},{"not_picked":["Hemokinesis","Clothesline","True Grit"],"picked":"Battle Trance","floor":36},{"not_picked":["Ghostly Armor","Burning Pact","Clash"],"picked":"Thunderclap","floor":40},{"not_picked":["Rupture","Perfected Strike","Warcry"],"picked":"Iron Wave","floor":41},{"not_picked":["Dual Wield","Fiend Fire","Thunderclap"],"picked":"Seeing Red","floor":44},{"not_picked":["Infernal Blade","Metallicize","Clash"],"picked":"Shrug It Off","floor":45},{"not_picked":["Wild Strike","Bloodletting","Evolve"],"picked":"Spot Weakness","floor":49}],"player_experience":97732,"potions_floor_usage":[],"damage_taken":[{"damage":3.0,"enemies":"Cultist","floor":1.0,"turns":3.0},{"damage":13.0,"enemies":"Small Slimes","floor":2.0,"turns":5.0},{"damage":6.0,"enemies":"Jaw Worm","floor":5.0,"turns":3.0},{"damage":1.0,"enemies":"Exordium Wildlife","floor":7.0,"turns":3.0},{"damage":26.0,"enemies":"Lagavulin","floor":8.0,"turns":5.0},{"damage":16.0,"enemies":"Large Slime","floor":12.0,"turns":5.0},{"damage":0.0,"enemies":"3 Louse","floor":14.0,"turns":3.0},{"damage":30.0,"enemies":"Hexaghost","floor":16.0,"turns":12.0},{"damage":14.0,"enemies":"Shell Parasite","floor":18.0,"turns":4.0},{"damage":0.0,"enemies":"Chosen","floor":19.0,"turns":4.0},{"damage":21.0,"enemies":"Snake Plant","floor":20.0,"turns":4.0},{"damage":21.0,"enemies":"Gremlin Leader","floor":23.0,"turns":6.0},{"damage":39.0,"enemies":"Slavers","floor":25.0,"turns":5.0},{"damage":0.0,"enemies":"Chosen and Byrds","floor":27.0,"turns":4.0},{"damage":24.0,"enemies":"Slaver and Parasite","floor":28.0,"turns":5.0},{"damage":25.0,"enemies":"Book of Stabbing","floor":30.0,"turns":4.0},{"damage":10,"enemies":"Snecko","floor":31,"turns":3},{"damage":14,"enemies":"Automaton","floor":33,"turns":6},{"damage":25,"enemies":"3 Shapes","floor":35,"turns":4},{"damage":10,"enemies":"Orb Walker","floor":36,"turns":3},{"damage":35,"enemies":"4 Shapes","floor":38,"turns":4},{"damage":22,"enemies":"Sphere and 2 Shapes","floor":39,"turns":4},{"damage":13,"enemies":"3 Darklings","floor":41,"turns":2},{"damage":22,"enemies":"Giant Head","floor":44,"turns":6},{"damage":18,"enemies":"4 Shapes","floor":46,"turns":3},{"damage":19,"enemies":"Sphere and 2 Shapes","floor":47,"turns":3},{"damage":79,"enemies":"Awakened One","floor":50,"turns":6}],"event_choices":[{"event_name":"Living Wall","player_choice":"Forget","floor":4.0,"damage_taken":0.0},{"event_name":"Scrap Ooze","player_choice":"success","floor":13.0,"damage_taken":7.0},{"event_name":"Cursed Tome","player_choice":"Obtained Book","floor":29.0,"damage_taken":0.0},{"event_name":"Mysterious Sphere","player_choice":"Ignore","floor":42,"damage_taken":0}],"boss_relics":[{"not_picked":["Black Star","Lizard Tail"],"picked":"Runic Pyramid"}],"potions_floor_spawned":[5,7,16,19,20,25,30,31,33,36,44,47],"seed_played":"7751419299473009754","ascension_level":0,"is_trial":false}