{"gold_per_floor":[113,113,113,126,144,171,171,187,256,11,30,60,60,10,10,106,106,125,142,142,155,167,167,192,192],"floor_reached":25,"playtime":944,"items_purged":[],"score":338,"play_id":"4e754760-7435-4f5a-ba7c-7ca060ad7508","local_time":"20190201182157","is_ascension_mode":true,"campfire_choices":[{"floor":13,"key":"REST"},{"floor":15,"key":"REST"},{"floor":23,"key":"REST"}],"neow_cost":"NONE","seed_source_timestamp":19888770311690,"circlet_count":0,"master_deck":["Strike_B","Defend_B","Defend_B","Defend_B","Defend_B","Zap+1","Dualcast","Compile Driver","Doom and Gloom","Ball Lightning","Conserve Battery","Redo","FTL","Zap+1","Compile Driver","Gash","Go for the Eyes+1","Genetic Algorithm+1","Rainbow","Leap","Redo+1","Glacier"],"relics":["Cracked Core","NeowsBlessing","Peace Pipe","Letter Opener","DollysMirror","Bag of Marbles","White Beast Statue","Dodecahedron"],"potions_floor_usage":[21,21,21,24,24,25],"damage_taken":[{"damage":0,"enemies":"Jaw Worm","floor":1,"turns":1},{"damage":0,"enemies":"Small Slimes","floor":4,"turns":1},{"damage":0,"enemies":"Cultist","floor":5,"turns":1},{"damage":29,"enemies":"Lagavulin","floor":6,"turns":5},{"damage":0,"enemies":"Large Slime","floor":8,"turns":4},{"damage":14,"enemies":"Lots of Slimes","floor":11,"turns":3},{"damage":9,"enemies":"Gremlin Nob","floor":12,"turns":3},{"damage":5,"enemies":"Slime Boss","floor":16,"turns":7},{"damage":20,"enemies":"3 Byrds","floor":18,"turns":4},{"damage":3,"enemies":"Chosen","floor":19,"turns":3},{"damage":6,"enemies":"Centurion and Healer","floor":21,"turns":5},{"damage":34,"enemies":"Shelled Parasite and Fungi","floor":22,"turns":6},{"damage":37,"enemies":"Slavers","floor":24,"turns":4},{"damage":6,"enemies":"Snake Plant","floor":25,"turns":2}],"seed_played":"-5229319162296091987","potions_obtained":[{"floor":3,"key":"Dexterity Potion"},{"floor":3,"key":"SkillPotion"},{"floor":3,"key":"Energy Potion"},{"floor":18,"key":"Regen Potion"},{"floor":21,"key":"AttackPotion"},{"floor":22,"key":"LiquidBronze"},{"floor":24,"key":"LiquidBronze"}],"is_trial":false,"path_per_floor":["M","?","?","M","M","E","?","M","T","$","M","E","R","?","R","B",null,"M","M","?","M","M","R","E","M"],"character_chosen":"DEFECT","items_purchased":["FTL","DollysMirror"],"campfire_rested":3,"item_purchase_floors":[10,10],"current_hp_per_floor":[68,68,68,68,68,39,39,39,39,39,25,16,38,38,60,55,70,50,47,47,55,21,43,6,0],"gold":192,"neow_bonus":"THREE_ENEMY_KILL","is_prod":false,"is_daily":false,"chose_seed":false,"campfire_upgraded":0,"win_rate":0,"timestamp":1549023717,"path_taken":["M","?","?","M","?","E","?","?","T","$","M","E","R","?","R","BOSS","M","M","?","M","?","R","E","M"],"build_version":"2019-01-23","purchased_purges":0,"victory":false,"max_hp_per_floor":[75,75,75,75,75,75,75,75,75,75,75,75,75,75,75,75,75,75,75,75,75,75,75,75,75],"card_choices":[{"not_picked":["Coolheaded","Recycle"],"picked":"Compile Driver","floor":1},{"not_picked":["Steam Power","Barrage"],"picked":"Doom and Gloom","floor":4},{"not_picked":["Hello World","BootSequence"],"picked":"Ball Lightning","floor":5},{"not_picked":["Force Field","Biased Cognition"],"picked":"Conserve Battery","floor":6},{"not_picked":["Ball Lightning","Consume"],"picked":"Redo","floor":8},{"not_picked":["Go for the Eyes","Stack"],"picked":"Compile Driver","floor":11},{"not_picked":["Conserve Battery","Biased Cognition"],"picked":"Gash","floor":12},{"not_picked":["Self Repair","Hello World"],"picked":"Go for the Eyes+1","floor":18},{"not_picked":["Beam Cell","Rip and Tear"],"picked":"Genetic Algorithm+1","floor":19},{"not_picked":["Reprogram+1","Doom and Gloom"],"picked":"Leap","floor":21},{"not_picked":["Steam","Force Field+1"],"picked":"Redo+1","floor":22},{"not_picked":["Conserve Battery","Coolheaded+1"],"picked":"Glacier","floor":24}],"player_experience":712633,"relics_obtained":[{"floor":6,"key":"Peace Pipe"},{"floor":9,"key":"Letter Opener"},{"floor":12,"key":"Bag of Marbles"},{"floor":24,"key":"Dodecahedron"}],"event_choices":[{"damage_healed":0,"gold_gain":0,"player_choice":"Grow","damage_taken":0,"max_hp_gain":0,"max_hp_loss":0,"event_name":"Living Wall","floor":2,"gold_loss":0,"cards_upgraded":["Zap"]},{"damage_healed":0,"gold_gain":0,"player_choice":"Got Potions","damage_taken":0,"max_hp_gain":0,"max_hp_loss":0,"event_name":"Lab","floor":3,"gold_loss":0},{"cards_removed":["Strike_B"],"damage_healed":0,"gold_gain":0,"player_choice":"Purged","damage_taken":0,"max_hp_gain":0,"max_hp_loss":0,"event_name":"Purifier","floor":7,"gold_loss":0},{"cards_removed":["Strike_B"],"damage_healed":0,"gold_gain":0,"player_choice":"Card Removal","damage_taken":0,"max_hp_gain":0,"max_hp_loss":0,"event_name":"The Cleric","floor":14,"gold_loss":50},{"damage_healed":0,"gold_gain":0,"cards_transformed":["Strike_B"],"player_choice":"Transformed","damage_taken":0,"max_hp_gain":0,"max_hp_loss":0,"event_name":"Transmorgrifier","floor":20,"gold_loss":0,"cards_obtained":["Rainbow"]}],"is_beta":false,"boss_relics":[{"not_picked":["Tiny House","Runic Dome"],"picked":"White Beast Statue"}],"items_purged_floors":[],"is_endless":false,"potions_floor_spawned":[4,6,11,18,19,21,22,24],"killed_by":"Snake Plant","ascension_level":9}