{"gold_per_floor":[117,127,127,140,153,187,197,260,260,260,286,304,332,64,64,168,168,186,197,214,214,233,267,366,366,438,438],"floor_reached":27,"playtime":2211,"items_purged":["Strike_R"],"score":281,"play_id":"f1a050ef-ddc3-4df7-81c7-1b2afbf92520","local_time":"20180926091118","is_ascension_mode":true,"campfire_choices":[{"data":"Armaments","floor":10,"key":"SMITH"},{"data":"Feel No Pain","floor":15,"key":"SMITH"},{"data":"Wild Strike","floor":25,"key":"SMITH"}],"neow_cost":"PERCENT_DAMAGE","seed_source_timestamp":1084805102169556,"circlet_count":0,"master_deck":["Strike_R","Strike_R","Strike_R","Strike_R","Defend_R","Defend_R","Defend_R","Defend_R","Bash","Fiend Fire+1","Warcry","Thunderclap","Pommel Strike","Wild Strike+1","Armaments+1","Feel No Pain+1","Seeing Red","Pommel Strike","Reaper","Shrug It Off","True Grit","Wild Strike","Shockwave","Warcry","Power Through","Evolve","Havoc+1","Whirlwind"],"relics":["Burning Blood","Anchor","Self Forming Clay","Meat on the Bone","Juzu Bracelet","Bag of Marbles","Strange Spoon","Orrery","Ice Cream","Question Card"],"potions_floor_usage":[8,13,20,23],"damage_taken":[{"damage":0,"enemies":"Cultist","floor":1,"turns":4},{"damage":1,"enemies":"2 Louse","floor":2,"turns":3},{"damage":0,"enemies":"Jaw Worm","floor":4,"turns":1},{"damage":7,"enemies":"3 Louse","floor":5,"turns":3},{"damage":14,"enemies":"Gremlin Nob","floor":6,"turns":3},{"damage":0,"enemies":"Blue Slaver","floor":7,"turns":2},{"damage":32,"enemies":"Lagavulin Event","floor":8,"turns":5},{"damage":9,"enemies":"3 Sentries","floor":11,"turns":6},{"damage":3,"enemies":"Exordium Wildlife","floor":12,"turns":3},{"damage":17,"enemies":"Lagavulin","floor":13,"turns":8},{"damage":41,"enemies":"Hexaghost","floor":16,"turns":9},{"damage":29,"enemies":"Spheric Guardian","floor":18,"turns":6},{"damage":2,"enemies":"Chosen","floor":19,"turns":3},{"damage":51,"enemies":"Snecko","floor":20,"turns":9},{"damage":0,"enemies":"Centurion and Healer","floor":22,"turns":9},{"damage":48,"enemies":"Slavers","floor":23,"turns":9},{"damage":38,"enemies":"Gremlin Leader","floor":27,"turns":4}],"seed_played":"5535262370378216133","potions_obtained":[{"floor":4,"key":"Dexterity Potion"},{"floor":5,"key":"SteroidPotion"},{"floor":8,"key":"Block Potion"},{"floor":13,"key":"BloodPotion"},{"floor":16,"key":"SteroidPotion"},{"floor":22,"key":"GamblersBrew"}],"is_trial":false,"path_per_floor":["M","M","?","M","M","E","M","?","T","R","E","M","E","$","R","B",null,"M","M","M","?","M","E","?","R","T"],"character_chosen":"IRONCLAD","items_purchased":["Strange Spoon"],"campfire_rested":0,"item_purchase_floors":[14],"current_hp_per_floor":[62,67,67,73,72,64,70,44,44,44,53,56,57,57,57,34,80,57,61,43,43,58,36,36,36,36,0],"gold":438,"neow_bonus":"THREE_RARE_CARDS","is_prod":false,"is_daily":false,"chose_seed":false,"campfire_upgraded":3,"win_rate":0,"timestamp":1537945878,"path_taken":["M","M","?","M","M","E","M","?","T","R","E","M","E","$","R","BOSS","M","M","M","?","M","E","?","R","T","E"],"build_version":"2018-09-24","purchased_purges":1,"victory":false,"max_hp_per_floor":[80,80,80,80,80,80,80,80,80,80,80,80,80,80,80,80,80,80,80,80,80,80,80,80,80,80,80],"card_choices":[{"not_picked":["Demon Form","Impervious"],"picked":"Fiend Fire","floor":0},{"not_picked":["Clash","Perfected Strike"],"picked":"Warcry","floor":1},{"not_picked":["Hemokinesis","Rage"],"picked":"Thunderclap","floor":2},{"not_picked":["Rupture","Body Slam"],"picked":"Pommel Strike","floor":4},{"not_picked":["Bloodletting","Thunderclap"],"picked":"Wild Strike","floor":5},{"not_picked":["Heavy Blade","Twin Strike"],"picked":"Armaments","floor":6},{"not_picked":["Rampage","Brutality"],"picked":"Feel No Pain","floor":7},{"not_picked":["Havoc","Whirlwind"],"picked":"Seeing Red","floor":8},{"not_picked":["Rampage","Spot Weakness","Flex"],"picked":"SKIP","floor":11},{"not_picked":["Cleave","Sword Boomerang"],"picked":"Pommel Strike","floor":12},{"not_picked":["Seeing Red","Blood for Blood"],"picked":"Reaper","floor":13},{"not_picked":["Heavy Blade","Demon Form"],"picked":"Shrug It Off","floor":17},{"not_picked":["Thunderclap","Twin Strike"],"picked":"True Grit","floor":17},{"not_picked":["Spot Weakness","Warcry"],"picked":"Wild Strike","floor":17},{"not_picked":["Cleave","Anger"],"picked":"Shockwave","floor":18},{"not_picked":["Combust+1","Rage"],"picked":"Warcry","floor":19},{"not_picked":["Second Wind","Spot Weakness"],"picked":"Power Through","floor":20},{"not_picked":["Heavy Blade","Limit Break"],"picked":"Havoc+1","floor":22},{"not_picked":["Perfected Strike","Carnage"],"picked":"Whirlwind","floor":23}],"player_experience":108732,"relics_obtained":[{"floor":6,"key":"Anchor"},{"floor":8,"key":"Self Forming Clay"},{"floor":9,"key":"Meat on the Bone"},{"floor":11,"key":"Juzu Bracelet"},{"floor":13,"key":"Bag of Marbles"},{"floor":23,"key":"Ice Cream"},{"floor":26,"key":"Question Card"}],"event_choices":[{"event_name":"Living Wall","player_choice":"Grow","floor":3,"damage_taken":0},{"event_name":"Dead Adventurer","player_choice":"Searched \u00272\u0027 times","floor":8,"damage_taken":0},{"event_name":"The Library","player_choice":"Read","floor":21,"damage_taken":0},{"event_name":"Nest","player_choice":"Stole From Cult","floor":24,"damage_taken":0}],"is_beta":true,"boss_relics":[{"not_picked":["Runic Dome","Black Blood"],"picked":"Orrery"}],"items_purged_floors":[14],"is_endless":false,"potions_floor_spawned":[4,5,8,13,16,19,22],"killed_by":"Gremlin Leader","ascension_level":2}