{"gold_per_floor":[116,134,134,148,148,148,165,165,165,176,176,200,231,251,251,329,329,329,6,6,6,6,6,6,6,6,6,6,6,6,6,6,6,6,6,6,6,0,0,0,0,0,0,0,0,0,0,0,0,0],"floor_reached":50,"playtime":3670,"items_purged":[],"score":964,"play_id":"7fc32de0-10a4-4a6b-943b-35545e9c2029","local_time":"20190121225317","is_ascension_mode":true,"campfire_choices":[{"data":"Noxious Fumes","floor":6.0,"key":"SMITH"},{"data":"Neutralize","floor":8.0,"key":"SMITH"},{"data":"Noxious Fumes","floor":11.0,"key":"SMITH"},{"data":"PiercingWail","floor":15.0,"key":"SMITH"},{"floor":23.0,"key":"REST"},{"floor":27.0,"key":"REST"},{"floor":32.0,"key":"REST"},{"floor":42.0,"key":"REST"},{"floor":44.0,"key":"REST"},{"floor":49,"key":"REST"}],"neow_cost":"TEN_PERCENT_HP_LOSS","seed_source_timestamp":716374877463600,"circlet_count":0,"master_deck":["AscendersBane","Defend_G","Defend_G","Defend_G","Defend_G","Strike_G","Strike_G","Strike_G","Strike_G","Survivor","Neutralize+1","Noxious Fumes+1","Noxious Fumes+1","PiercingWail+1","Envenom","Cloak And Dagger","Blind","Escape Plan","Blur","Noxious Fumes","Blur+1","Cloak And Dagger","Corpse Explosion","Footwork","Panache","Thinking Ahead","The Bomb","Backflip","Dodge and Roll","PiercingWail","Well Laid Plans","Dodge and Roll+1"],"special_seed":0,"relics":["Ring of the Snake","Pen Nib","Happy Flower","Mercury Hourglass","Ectoplasm","ClockworkSouvenir","Darkstone Periapt","Cursed Key","Red Mask","Juzu Bracelet","Girya"],"potions_floor_usage":[50],"damage_taken":[{"damage":1.0,"enemies":"2 Louse","floor":1.0,"turns":3.0},{"damage":3.0,"enemies":"Cultist","floor":2.0,"turns":5.0},{"damage":0.0,"enemies":"Jaw Worm","floor":4.0,"turns":5.0},{"damage":6.0,"enemies":"Looter","floor":7.0,"turns":4.0},{"damage":4.0,"enemies":"Blue Slaver","floor":10.0,"turns":4.0},{"damage":5.0,"enemies":"Lagavulin","floor":13.0,"turns":5.0},{"damage":2.0,"enemies":"2 Fungi Beasts","floor":14.0,"turns":3.0},{"damage":36.0,"enemies":"Slime Boss","floor":16.0,"turns":9.0},{"damage":24.0,"enemies":"Chosen","floor":18.0,"turns":5.0},{"damage":12.0,"enemies":"Spheric Guardian","floor":20.0,"turns":6.0},{"damage":11.0,"enemies":"3 Cultists","floor":21.0,"turns":4.0},{"damage":0.0,"enemies":"Cultist and Chosen","floor":22.0,"turns":6.0},{"damage":4.0,"enemies":"Centurion and Healer","floor":24.0,"turns":7.0},{"damage":19.0,"enemies":"Sentry and Sphere","floor":25.0,"turns":5.0},{"damage":0.0,"enemies":"Chosen and Byrds","floor":28.0,"turns":6.0},{"damage":0.0,"enemies":"Centurion and Healer","floor":29.0,"turns":7.0},{"damage":8.0,"enemies":"Shelled Parasite and Fungi","floor":30.0,"turns":6.0},{"damage":5.0,"enemies":"Snake Plant","floor":31.0,"turns":5.0},{"damage":17.0,"enemies":"Champ","floor":33.0,"turns":15.0},{"damage":28.0,"enemies":"3 Darklings","floor":35.0,"turns":4.0},{"damage":0.0,"enemies":"Orb Walker","floor":39.0,"turns":4.0},{"damage":8.0,"enemies":"Transient","floor":40.0,"turns":6.0},{"damage":35.0,"enemies":"Reptomancer","floor":41.0,"turns":6.0},{"damage":6.0,"enemies":"2 Orb Walkers","floor":46.0,"turns":3.0},{"damage":2.0,"enemies":"3 Darklings","floor":47.0,"turns":4.0},{"damage":0,"enemies":"4 Shapes","floor":48,"turns":5},{"damage":59,"enemies":"Time Eater","floor":50,"turns":12}],"seed_played":"-233300161901843112","potions_obtained":[{"floor":1.0,"key":"Regen Potion"},{"floor":4.0,"key":"Poison Potion"},{"floor":13.0,"key":"Explosive Potion"},{"floor":24.0,"key":"FairyPotion"},{"floor":25.0,"key":"Poison Potion"},{"floor":30.0,"key":"GhostInAJar"},{"floor":35.0,"key":"SteroidPotion"},{"floor":39.0,"key":"FearPotion"},{"floor":41.0,"key":"GhostInAJar"},{"floor":48,"key":"SpeedPotion"}],"is_trial":false,"path_per_floor":["M","M","?","M","?","R","M","R","T","M","R","T","E","M","R","B",null,"M","$","M","M","M","R","M","M","T","R","M","M","M","M","R","B",null,"M","?","?","?","M","M","E","R","T","R","$","?","M","M","R","B"],"character_chosen":"THE_SILENT","items_purchased":["ClockworkSouvenir","Blind"],"campfire_rested":6,"item_purchase_floors":[19,19],"current_hp_per_floor":[58,55,60,60,60,60,54,54,54,50,50,50,59,57,57,21,54,30,30,18,7,7,26,22,3,3,22,22,22,14,9,28,11,52,24,53,43,43,43,35,5,20,20,35,35,29,27,27,42,0],"gold":0,"neow_bonus":"REMOVE_TWO","is_prod":false,"is_daily":false,"chose_seed":false,"campfire_upgraded":4,"win_rate":0,"timestamp":1548129197,"path_taken":["M","M","?","M","?","R","?","R","T","M","R","?","E","M","R","BOSS","M","$","M","M","M","R","M","M","T","R","M","M","M","M","R","BOSS","M","?","?","?","M","M","E","R","T","R","?","?","M","M","R","BOSS"],"build_version":"2019-01-17v2","purchased_purges":0,"victory":false,"max_hp_per_floor":[60,60,65,65,65,65,65,65,65,65,65,65,65,65,65,65,65,65,65,65,65,65,65,65,65,65,65,65,65,65,65,65,65,65,65,53,53,53,53,53,53,53,53,53,53,53,53,53,53,53],"card_choices":[{"not_picked":["Distraction","Prepared"],"picked":"Noxious Fumes","floor":1.0},{"not_picked":["Prepared","Sucker Punch","Burst"],"picked":"SKIP","floor":2.0},{"not_picked":["Outmaneuver","Bane","Acrobatics"],"picked":"SKIP","floor":4.0},{"not_picked":["Bouncing Flask","Outmaneuver","Cloak And Dagger"],"picked":"SKIP","floor":7.0},{"not_picked":["Deflect","Outmaneuver"],"picked":"Noxious Fumes","floor":10.0},{"not_picked":["Finisher","Underhanded Strike","Dagger Throw"],"picked":"SKIP","floor":13.0},{"not_picked":["Riddle With Holes","Prepared"],"picked":"PiercingWail","floor":14.0},{"not_picked":["Bullet Time","Burst"],"picked":"Envenom","floor":16.0},{"not_picked":["Finisher","Underhanded Strike"],"picked":"Cloak And Dagger","floor":18.0},{"not_picked":["Deadly Poison","Quick Slash"],"picked":"Escape Plan","floor":20.0},{"not_picked":["Endless Agony","Tactician"],"picked":"Blur","floor":21.0},{"not_picked":["Riddle With Holes","Bane","Deadly Poison"],"picked":"SKIP","floor":22.0},{"not_picked":["Blade Dance","Quick Slash"],"picked":"Noxious Fumes","floor":24.0},{"not_picked":["Predator","Noxious Fumes"],"picked":"Blur+1","floor":25.0},{"not_picked":["Expertise","Finisher","Eviscerate"],"picked":"SKIP","floor":28.0},{"not_picked":["Poisoned Stab","Quick Slash+1","Prepared"],"picked":"SKIP","floor":29.0},{"not_picked":["Outmaneuver","Deflect","Calculated Gamble"],"picked":"SKIP","floor":30.0},{"not_picked":["Deflect","Underhanded Strike"],"picked":"Cloak And Dagger","floor":31.0},{"not_picked":["Bullet Time","Glass Knife"],"picked":"Corpse Explosion","floor":33.0},{"not_picked":["Concentrate","Acrobatics"],"picked":"Footwork","floor":35.0},{"not_picked":["Panacea","Purity"],"picked":"Panache","floor":37.0},{"not_picked":["Madness","Dramatic Entrance"],"picked":"Thinking Ahead","floor":37.0},{"not_picked":["Dramatic Entrance","Mind Blast"],"picked":"The Bomb","floor":37.0},{"not_picked":["Quick Slash","Dagger Throw"],"picked":"Backflip","floor":39.0},{"not_picked":["Caltrops+1","Underhanded Strike","Dagger Spray+1"],"picked":"SKIP","floor":40.0},{"not_picked":["Wraith Form v2","Predator+1"],"picked":"Dodge and Roll","floor":41.0},{"not_picked":["Blade Dance","Sucker Punch"],"picked":"PiercingWail","floor":46.0},{"not_picked":["Deadly Poison","Quick Slash"],"picked":"Well Laid Plans","floor":47.0},{"not_picked":["Distraction","Well Laid Plans"],"picked":"Dodge and Roll+1","floor":48}],"player_experience":510490,"relics_obtained":[{"floor":9.0,"key":"Pen Nib"},{"floor":12.0,"key":"Happy Flower"},{"floor":13.0,"key":"Mercury Hourglass"},{"floor":26.0,"key":"Darkstone Periapt"},{"floor":41.0,"key":"Juzu Bracelet"},{"floor":46.0,"key":"Girya"}],"event_choices":[{"damage_healed":0.0,"max_hp_gain":5.0,"max_hp_loss":0.0,"gold_gain":0.0,"event_name":"Big Fish","player_choice":"Donut","floor":3.0,"gold_loss":0.0,"damage_taken":0.0},{"damage_healed":0.0,"max_hp_gain":0.0,"max_hp_loss":0.0,"gold_gain":0.0,"event_name":"Match and Keep!","player_choice":"0 cards matched","floor":5.0,"gold_loss":0.0,"damage_taken":0.0,"cards_obtained":[]},{"damage_healed":53.0,"max_hp_gain":0.0,"max_hp_loss":12.0,"gold_gain":0.0,"event_name":"The Moai Head","player_choice":"Heal","floor":36.0,"gold_loss":0.0,"damage_taken":0.0},{"damage_healed":0.0,"max_hp_gain":0.0,"max_hp_loss":0.0,"gold_gain":0.0,"event_name":"SensoryStone","player_choice":"Memory 3","floor":37.0,"gold_loss":0.0,"damage_taken":10.0},{"damage_healed":0.0,"max_hp_gain":0.0,"max_hp_loss":0.0,"gold_gain":0.0,"event_name":"Tomb of Lord Red Mask","player_choice":"Paid","floor":38.0,"gold_loss":6.0,"damage_taken":0.0,"relics_obtained":["Red Mask"]},{"damage_healed":0.0,"max_hp_gain":0.0,"max_hp_loss":0.0,"gold_gain":0.0,"event_name":"Mysterious Sphere","player_choice":"Fight","floor":46.0,"gold_loss":0.0,"damage_taken":0.0}],"is_beta":false,"boss_relics":[{"not_picked":["Tiny House","Orrery"],"picked":"Ectoplasm"},{"not_picked":["Fusion Hammer","HoveringKite"],"picked":"Cursed Key"}],"items_purged_floors":[],"is_endless":false,"potions_floor_spawned":[1,4,13,24,25,28,30,35,39,41,48],"killed_by":"Time Eater","ascension_level":20}