{"gold_per_floor":[117,117,127,144,160,191,191,216,239,118,118,118,118,83,83,183,183,197,197],"floor_reached":19,"playtime":1174,"items_purged":["Strike_B"],"score":201,"play_id":"ccc4debb-ce81-4a38-96e1-a7bae98e7fa8","local_time":"20190127154635","is_ascension_mode":true,"campfire_choices":[{"floor":7,"key":"REST"},{"floor":11,"key":"REST"},{"data":"Fusion","floor":13,"key":"SMITH"},{"data":"Dualcast","floor":15,"key":"SMITH"}],"neow_cost":"PERCENT_DAMAGE","seed_source_timestamp":14067303867559,"circlet_count":0,"master_deck":["Strike_B","Strike_B","Defend_B","Defend_B","Defend_B","Defend_B","Zap","Dualcast+1","Streamline","Cold Snap","Doom and Gloom","Fusion+1","Redo","Leap","Core Surge","Self Repair","Double Energy","Stack","Cold Snap","Beam Cell","Hologram+1"],"relics":["Cracked Core","Peace Pipe","Bottled Lightning","DataDisk","Blood Vial","Orrery"],"potions_floor_usage":[5,6,16],"damage_taken":[{"damage":4,"enemies":"Small Slimes","floor":1,"turns":4},{"damage":1,"enemies":"Cultist","floor":3,"turns":3},{"damage":3,"enemies":"2 Louse","floor":4,"turns":3},{"damage":2,"enemies":"Exordium Wildlife","floor":5,"turns":4},{"damage":24,"enemies":"Gremlin Nob","floor":6,"turns":4},{"damage":20,"enemies":"3 Sentries","floor":8,"turns":6},{"damage":34,"enemies":"Slime Boss","floor":16,"turns":8},{"damage":34,"enemies":"2 Thieves","floor":18,"turns":4},{"damage":65,"enemies":"Masked Bandits","floor":19,"turns":5}],"seed_played":"4525560983799334984","potions_obtained":[{"floor":1,"key":"Fire Potion"},{"floor":4,"key":"EssenceOfSteel"},{"floor":6,"key":"GamblersBrew"}],"is_trial":false,"path_per_floor":["M","?","M","M","M","E","R","E","T","$","R","?","R","?","R","B",null,"M","?"],"character_chosen":"DEFECT","items_purchased":["Leap"],"campfire_rested":2,"item_purchase_floors":[10],"current_hp_per_floor":[50,50,49,46,44,20,42,22,22,22,44,49,49,49,49,17,80,53,0],"gold":197,"neow_bonus":"ONE_RARE_RELIC","is_prod":false,"is_daily":false,"chose_seed":false,"campfire_upgraded":2,"win_rate":0,"timestamp":1548600395,"path_taken":["M","?","M","M","?","E","R","E","T","?","R","?","R","?","R","BOSS","M","?"],"build_version":"2019-01-23","purchased_purges":1,"victory":false,"max_hp_per_floor":[75,75,75,75,75,75,75,75,75,75,75,80,80,80,80,80,80,80,80],"card_choices":[{"not_picked":["Melter","Auto Shields"],"picked":"Streamline","floor":1},{"not_picked":["Steam","Conserve Battery"],"picked":"Cold Snap","floor":3},{"not_picked":["Turbo","Redo"],"picked":"Doom and Gloom","floor":4},{"not_picked":["Heatsinks","Coolheaded"],"picked":"Fusion","floor":5},{"not_picked":["Redo","Rebound","Turbo"],"picked":"SKIP","floor":6},{"not_picked":["Rebound","Turbo"],"picked":"Redo","floor":6},{"not_picked":["Compile Driver","Cold Snap","Streamline"],"picked":"SKIP","floor":8},{"not_picked":["Multi-Cast","Thunder Strike"],"picked":"Core Surge","floor":16},{"not_picked":["Static Discharge","Meteor Strike"],"picked":"Self Repair","floor":17},{"not_picked":["Ball Lightning","Gash"],"picked":"Double Energy","floor":17},{"not_picked":["Reprogram","Gash"],"picked":"Stack","floor":17},{"not_picked":["Streamline","Compile Driver"],"picked":"Cold Snap","floor":17},{"not_picked":["Tempest","Barrage"],"picked":"Beam Cell","floor":17},{"not_picked":["Stack","Rebound+1"],"picked":"Hologram+1","floor":18}],"player_experience":326343,"relics_obtained":[{"floor":6,"key":"Bottled Lightning"},{"floor":8,"key":"DataDisk"},{"floor":9,"key":"Blood Vial"}],"event_choices":[{"cards_removed":["Strike_B"],"damage_healed":0,"gold_gain":0,"player_choice":"Offered Basic","damage_taken":0,"max_hp_gain":0,"max_hp_loss":0,"event_name":"Bonfire Elementals","floor":2,"gold_loss":0},{"damage_healed":0,"gold_gain":0,"player_choice":"Donut","damage_taken":0,"max_hp_gain":5,"max_hp_loss":0,"event_name":"Big Fish","floor":12,"gold_loss":0},{"damage_healed":0,"gold_gain":0,"player_choice":"Left Gold","damage_taken":0,"max_hp_gain":0,"max_hp_loss":0,"event_name":"World of Goop","floor":14,"gold_loss":35},{"damage_healed":0,"gold_gain":0,"player_choice":"Fought Bandits","damage_taken":0,"max_hp_gain":0,"max_hp_loss":0,"event_name":"Masked Bandits","floor":19,"gold_loss":0}],"is_beta":false,"boss_relics":[{"not_picked":["Snecko Eye","Velvet Choker"],"picked":"Orrery"}],"items_purged_floors":[10],"is_endless":false,"potions_floor_spawned":[1,4,6],"killed_by":"Masked Bandits","ascension_level":3}