{"gold_per_floor":[110,125,125,135,148,148,166,179,203,203,221,31,31,50,50,150,150,134,34,34,51,61,61,81,100,152,49,59,59,59],"floor_reached":30,"playtime":4792,"items_purged":[],"score":228,"play_id":"025578c0-e393-473e-9ea9-a898878872fe","local_time":"20190127165943","is_ascension_mode":false,"campfire_choices":[{"data":"Armaments","floor":6,"key":"SMITH"},{"floor":10,"key":"REST"},{"data":"Rampage","floor":15,"key":"SMITH"},{"floor":23,"key":"REST"},{"floor":29,"key":"REST"}],"neow_cost":"","seed_source_timestamp":1071242245201299,"circlet_count":0,"master_deck":["Strike_R","Strike_R","Strike_R","Strike_R","Defend_R","Defend_R","Defend_R","Defend_R","Bash","Combust","Armaments+1","Clothesline","Iron Wave","Headbutt","Rampage+1","Flex","Anger","Bludgeon","True Grit","Reaper","Rage+1","Searing Blow","Shrug It Off","Dual Wield","Feel No Pain+1","Shrug It Off","Body Slam"],"relics":["Burning Blood","Anchor","Runic Pyramid","Blood Vial"],"potions_floor_usage":[4,5,5,16,16,16,16,16,24,25,28,30],"damage_taken":[{"damage":6,"enemies":"Jaw Worm","floor":1,"turns":4},{"damage":5,"enemies":"Cultist","floor":2,"turns":4},{"damage":1,"enemies":"2 Louse","floor":4,"turns":3},{"damage":23,"enemies":"Large Slime","floor":5,"turns":9},{"damage":13,"enemies":"Gremlin Gang","floor":7,"turns":5},{"damage":28,"enemies":"Exordium Wildlife","floor":8,"turns":6},{"damage":0,"enemies":"Large Slime","floor":11,"turns":4},{"damage":0,"enemies":"3 Louse","floor":14,"turns":3},{"damage":41,"enemies":"The Guardian","floor":16,"turns":10},{"damage":6,"enemies":"2 Thieves","floor":18,"turns":4},{"damage":11,"enemies":"Shell Parasite","floor":21,"turns":5},{"damage":46,"enemies":"Shelled Parasite and Fungi","floor":22,"turns":9},{"damage":37,"enemies":"Snake Plant","floor":24,"turns":5},{"damage":45,"enemies":"Cultist and Chosen","floor":25,"turns":8},{"damage":2,"enemies":"Snecko","floor":28,"turns":5},{"damage":52,"enemies":"Sentry and Sphere","floor":30,"turns":7}],"seed_played":"-5316824285195829708","potions_obtained":[{"floor":1,"key":"EssenceOfSteel"},{"floor":2,"key":"Swift Potion"},{"floor":4,"key":"Strength Potion"},{"floor":13,"key":"EntropicBrew"},{"floor":13,"key":"Regen Potion"},{"floor":13,"key":"Poison Potion"},{"floor":16,"key":"Explosive Potion"},{"floor":22,"key":"SteroidPotion"},{"floor":24,"key":"FearPotion"}],"is_trial":false,"path_per_floor":["M","M","?","M","M","R","M","M","T","R","M","$","?","M","R","B",null,"M","$","?","M","M","R","M","M","T","$","M","R","M"],"character_chosen":"IRONCLAD","items_purchased":["Anger","Bludgeon","FairyPotion","Block Potion","Shrug It Off"],"campfire_rested":3,"item_purchase_floors":[12,12,19,27,27],"current_hp_per_floor":[80,80,80,80,63,63,56,34,34,58,64,64,64,70,70,50,80,80,80,80,75,39,63,32,14,14,14,24,48,0],"gold":59,"neow_bonus":"","is_prod":false,"is_daily":false,"chose_seed":false,"campfire_upgraded":2,"win_rate":0.0,"timestamp":1548626383,"path_taken":["M","M","?","M","M","R","M","?","T","R","M","$","?","?","R","BOSS","M","$","?","M","M","R","M","M","T","?","?","R","M"],"build_version":"2019-01-23","purchased_purges":0,"victory":false,"max_hp_per_floor":[80,80,80,80,80,80,80,80,80,80,80,80,80,80,80,80,80,80,80,80,80,80,80,80,80,80,80,80,80,80],"card_choices":[{"not_picked":["Infernal Blade","Clash"],"picked":"Combust","floor":1},{"not_picked":["True Grit","Uppercut"],"picked":"Armaments","floor":2},{"not_picked":["Clash","Combust"],"picked":"Clothesline","floor":4},{"not_picked":["Clash","Twin Strike"],"picked":"Iron Wave","floor":5},{"not_picked":["Bloodletting","Pummel"],"picked":"Headbutt","floor":7},{"not_picked":["Shockwave","Warcry"],"picked":"Rampage","floor":8},{"not_picked":["Cleave","Dropkick"],"picked":"Flex","floor":11},{"not_picked":["Disarm","Dark Embrace"],"picked":"True Grit","floor":14},{"not_picked":["Barricade","Fiend Fire"],"picked":"Reaper","floor":16},{"not_picked":["Seeing Red","Fire Breathing"],"picked":"Rage","floor":18},{"not_picked":["True Grit","Flex"],"picked":"Searing Blow","floor":21},{"not_picked":["Armaments","True Grit"],"picked":"Shrug It Off","floor":22},{"not_picked":["Disarm","Pummel+1"],"picked":"Dual Wield","floor":24},{"not_picked":["Intimidate","Sever Soul+1"],"picked":"Feel No Pain+1","floor":25},{"not_picked":["Shrug It Off+1","Burning Pact"],"picked":"Body Slam","floor":28}],"player_experience":0,"relics_obtained":[{"floor":9,"key":"Anchor"},{"floor":26,"key":"Blood Vial"}],"event_choices":[{"cards_removed":["Strike_R"],"damage_healed":0,"gold_gain":0,"player_choice":"Offered Basic","damage_taken":0,"max_hp_gain":0,"max_hp_loss":0,"event_name":"Bonfire Elementals","floor":3,"gold_loss":0},{"damage_healed":0,"gold_gain":0,"player_choice":"Got Potions","damage_taken":0,"max_hp_gain":0,"max_hp_loss":0,"event_name":"Lab","floor":13,"gold_loss":0},{"damage_healed":0,"gold_gain":0,"player_choice":"Forge","damage_taken":0,"max_hp_gain":0,"max_hp_loss":0,"event_name":"Accursed Blacksmith","floor":20,"gold_loss":0,"cards_upgraded":["Rage"]}],"is_beta":false,"boss_relics":[{"not_picked":["Mark of Pain","Calling Bell"],"picked":"Runic Pyramid"}],"items_purged_floors":[],"is_endless":false,"potions_floor_spawned":[1,2,4,16,22,24],"killed_by":"Sentry and Sphere","ascension_level":0}