{"gold_per_floor":[211,211,226,246,258,258,272,299,299,299,318,353,18,37,37,140,140,150,166,166,166,97,97,122,141,195,224,149,149,165,165,165,265,265,282,300,315,1314,1314,1314,1330,1330,1355,1355,936,304,315,330,330,330,330,330,10,10],"floor_reached":54,"playtime":4639,"items_purged":["Strike_R","Strike_R","Strike_R","Normality"],"score":817,"play_id":"bc94fe11-c57e-44d4-a309-ed997a15943f","local_time":"20190201201120","is_ascension_mode":true,"campfire_choices":[{"data":"Flame Barrier","floor":6,"key":"SMITH"},{"data":"Thunderclap","floor":10,"key":"SMITH"},{"data":"Seeing Red","floor":15,"key":"SMITH"},{"data":"Whirlwind","floor":23,"key":"SMITH"},{"data":"Inflame","floor":32,"key":"SMITH"},{"data":"Heavy Blade","floor":40,"key":"SMITH"},{"data":"Demon Form","floor":42,"key":"SMITH"},{"floor":44,"key":"REST"},{"floor":49,"key":"RECALL"},{"data":"Heavy Blade","floor":52,"key":"SMITH"}],"neow_cost":"NONE","seed_source_timestamp":1514887256938000,"circlet_count":0,"master_deck":["Defend_R","Defend_R","Defend_R","Bash+1","Iron Wave","Seeing Red+1","Flame Barrier+1","Thunderclap+1","Iron Wave","Thunderclap+1","Shrug It Off+1","Inflame+1","Battle Trance+1","Anger","Demon Form+1","Heavy Blade+1","Armaments+1","Whirlwind+1","Armaments+1","Heavy Blade+1","Body Slam+1","Barricade","Spot Weakness+1","Normality","Madness+1","Madness+1","Shockwave+1","Transmutation+1","Transmutation+1"],"relics":["Burning Blood","Toxic Egg 2","Champion Belt","Bottled Flame","Boot","Snecko Eye","WingedGreaves","Anchor","Oddly Smooth Stone","MutagenicStrength","Velvet Choker","Bag of Marbles","Membership Card","Nunchaku","Bag of Preparation","Shuriken","Whetstone"],"potions_floor_usage":[8,8,12,12,24,25,27,30,37,48,50],"damage_taken":[{"damage":0,"enemies":"2 Louse","floor":1,"turns":3},{"damage":1,"enemies":"Cultist","floor":3,"turns":4},{"damage":4,"enemies":"Jaw Worm","floor":4,"turns":4},{"damage":11,"enemies":"Large Slime","floor":5,"turns":7},{"damage":4,"enemies":"2 Fungi Beasts","floor":7,"turns":3},{"damage":17,"enemies":"Lagavulin","floor":8,"turns":6},{"damage":15,"enemies":"Exordium Thugs","floor":11,"turns":6},{"damage":22,"enemies":"3 Sentries","floor":12,"turns":8},{"damage":3,"enemies":"Looter","floor":14,"turns":3},{"damage":30,"enemies":"The Guardian","floor":16,"turns":10},{"damage":5,"enemies":"Chosen","floor":18,"turns":6},{"damage":20,"enemies":"Shell Parasite","floor":19,"turns":5},{"damage":4,"enemies":"Slavers","floor":24,"turns":5},{"damage":7,"enemies":"Centurion and Healer","floor":25,"turns":5},{"damage":6,"enemies":"Gremlin Leader","floor":27,"turns":6},{"damage":0,"enemies":"Snake Plant","floor":30,"turns":4},{"damage":14,"enemies":"Automaton","floor":33,"turns":6},{"damage":0,"enemies":"3 Darklings","floor":35,"turns":4},{"damage":0,"enemies":"3 Shapes","floor":36,"turns":4},{"damage":32,"enemies":"Sphere and 2 Shapes","floor":37,"turns":5},{"damage":17,"enemies":"3 Darklings","floor":41,"turns":5},{"damage":0,"enemies":"Maw","floor":47,"turns":6},{"damage":4,"enemies":"Spire Growth","floor":48,"turns":5},{"damage":55,"enemies":"Time Eater","floor":50,"turns":9},{"damage":81,"enemies":"Shield and Spear","floor":54,"turns":4}],"seed_played":"-2408110385431710152","potions_obtained":[{"floor":1,"key":"Swift Potion"},{"floor":3,"key":"Regen Potion"},{"floor":4,"key":"Poison Potion"},{"floor":8,"key":"Regen Potion"},{"floor":14,"key":"Dexterity Potion"},{"floor":19,"key":"AttackPotion"},{"floor":24,"key":"PowerPotion"},{"floor":25,"key":"Energy Potion"},{"floor":30,"key":"Fire Potion"},{"floor":37,"key":"FearPotion"},{"floor":48,"key":"AttackPotion"}],"is_trial":false,"path_per_floor":["M","?","M","M","M","R","M","E","T","R","M","E","$","M","R","B",null,"M","M","?","?","$","R","E","M","T","E","?","?","M","?","R","B",null,"M","M","M","?","?","R","M","R","T","R","$","$","M","M","R","B",null,"R","$","E"],"character_chosen":"IRONCLAD","items_purchased":["Inflame","Battle Trance+1","Boot","Whirlwind","Bag of Marbles","Transmutation+1","Membership Card","Nunchaku","Transmutation+1","Bag of Preparation","SteroidPotion","Weak Potion","Shuriken","EssenceOfSteel","Whetstone"],"campfire_rested":1,"item_purchase_floors":[13,13,13,22,45,45,46,46,46,46,46,46,53,53,53],"current_hp_per_floor":[80,80,80,80,75,75,77,66,66,66,57,80,80,80,80,56,80,80,66,66,66,66,66,68,67,67,67,67,67,73,73,73,65,80,80,80,54,54,44,44,33,33,33,57,57,57,63,65,65,16,80,80,80,0],"gold":10,"neow_bonus":"HUNDRED_GOLD","is_prod":false,"is_daily":false,"chose_seed":false,"campfire_upgraded":8,"win_rate":0,"timestamp":1549069880,"path_taken":["M","?","M","M","M","R","?","E","T","R","M","E","$","?","R","BOSS","M","M","?","?","$","R","E","M","T","E","?","?","?","?","R","BOSS","M","M","M","?","?","R","M","R","T","R","$","$","M","M","R","BOSS","R","$","E"],"build_version":"2019-01-23","purchased_purges":4,"victory":false,"max_hp_per_floor":[80,80,80,80,80,80,80,80,80,80,80,80,80,80,80,80,80,80,80,80,80,80,80,80,80,80,80,80,80,80,80,80,80,80,80,80,80,80,80,80,80,80,80,80,80,80,80,80,80,80,80,80,80,80],"card_choices":[{"not_picked":["Combust","Heavy Blade"],"picked":"Iron Wave","floor":1},{"not_picked":["Pummel","Corruption"],"picked":"Seeing Red","floor":3},{"not_picked":["Wild Strike","Sword Boomerang"],"picked":"Flame Barrier","floor":4},{"not_picked":["Havoc","Fire Breathing"],"picked":"Thunderclap","floor":5},{"not_picked":["Combust","Seeing Red"],"picked":"Iron Wave","floor":7},{"not_picked":["Seeing Red","Flame Barrier","Clash"],"picked":"SKIP","floor":8},{"not_picked":["Searing Blow","Heavy Blade"],"picked":"Thunderclap","floor":11},{"not_picked":["Body Slam","Impervious+1"],"picked":"Shrug It Off+1","floor":12},{"not_picked":["Warcry+1","Iron Wave"],"picked":"Anger","floor":14},{"not_picked":["Offering+1","Dark Embrace"],"picked":"Demon Form","floor":16},{"not_picked":["Searing Blow+1","Headbutt"],"picked":"Heavy Blade","floor":18},{"not_picked":["Sever Soul","Havoc+1"],"picked":"Armaments+1","floor":19},{"not_picked":["Anger+1","Headbutt+1"],"picked":"Armaments+1","floor":24},{"not_picked":["Armaments+1","Thunderclap"],"picked":"Heavy Blade","floor":25},{"not_picked":["Rupture","Fire Breathing"],"picked":"Body Slam+1","floor":27},{"not_picked":["Armaments+1","True Grit+1","Ghostly Armor+1"],"picked":"SKIP","floor":30},{"not_picked":["Dark Embrace","Reaper"],"picked":"Barricade","floor":33},{"not_picked":["Iron Wave+1","Heavy Blade","Flex+1"],"picked":"SKIP","floor":35},{"not_picked":["Flex+1","Thunderclap","Armaments+1"],"picked":"SKIP","floor":36},{"not_picked":["Pommel Strike","Iron Wave"],"picked":"Spot Weakness+1","floor":37},{"not_picked":["Shrug It Off+1","Anger"],"picked":"Shockwave+1","floor":41},{"not_picked":["Hemokinesis","Iron Wave+1","Juggernaut"],"picked":"SKIP","floor":47},{"not_picked":["Perfected Strike+1","Iron Wave","Body Slam+1"],"picked":"SKIP","floor":48}],"player_experience":191484,"relics_obtained":[{"floor":8,"key":"Toxic Egg 2"},{"floor":9,"key":"Champion Belt"},{"floor":12,"key":"Bottled Flame"},{"floor":24,"key":"WingedGreaves"},{"floor":26,"key":"Anchor"},{"floor":27,"key":"Oddly Smooth Stone"}],"event_choices":[{"cards_removed":["Strike_R"],"damage_healed":0,"gold_gain":0,"player_choice":"Offered Basic","damage_taken":0,"max_hp_gain":0,"max_hp_loss":0,"event_name":"Bonfire Elementals","floor":2,"gold_loss":0},{"damage_healed":0,"gold_gain":0,"player_choice":"Ignored","damage_taken":0,"max_hp_gain":0,"max_hp_loss":0,"event_name":"Vampires","floor":20,"gold_loss":0},{"damage_healed":0,"gold_gain":0,"player_choice":"Ignored","damage_taken":0,"max_hp_gain":0,"max_hp_loss":0,"event_name":"Ghosts","floor":21,"gold_loss":0},{"cards_removed":["Strike_R"],"damage_healed":0,"gold_gain":0,"player_choice":"Gave Gold","damage_taken":0,"max_hp_gain":0,"max_hp_loss":0,"event_name":"Beggar","floor":28,"gold_loss":75},{"cards_removed":["Defend_R"],"damage_healed":0,"gold_gain":0,"player_choice":"Card Removal","damage_taken":0,"max_hp_gain":0,"max_hp_loss":0,"event_name":"Wheel of Change","floor":29,"gold_loss":0},{"damage_healed":0,"gold_gain":0,"player_choice":"Inject Mutagens","damage_taken":0,"relics_obtained":["MutagenicStrength"],"max_hp_gain":0,"max_hp_loss":0,"event_name":"Drug Dealer","floor":31,"gold_loss":0},{"damage_healed":0,"gold_gain":999,"player_choice":"Gold","damage_taken":0,"max_hp_gain":0,"max_hp_loss":0,"event_name":"MindBloom","floor":38,"gold_loss":0,"cards_obtained":["Normality","Normality"]},{"damage_healed":0,"gold_gain":0,"player_choice":"Embrace Madness","damage_taken":10,"max_hp_gain":0,"max_hp_loss":0,"event_name":"Winding Halls","floor":39,"gold_loss":0,"cards_obtained":["Madness","Madness"]}],"is_beta":false,"boss_relics":[{"not_picked":["Philosopher\u0027s Stone","Black Blood"],"picked":"Snecko Eye"},{"not_picked":["Runic Dome","White Beast Statue"],"picked":"Velvet Choker"}],"items_purged_floors":[13,45,46,53],"is_endless":false,"potions_floor_spawned":[1,3,4,8,14,19,24,25,30,37,47,48],"killed_by":"Shield and Spear","ascension_level":3}