{"gold_per_floor":[115,134,134,134,14,49,63,63,88,100,132,156,183,258,270,282],"floor_reached":16,"playtime":869,"items_purged":["Defend_B"],"score":158,"play_id":"e4c4b170-981f-439f-9f26-23f413d602db","local_time":"20190121202109","is_ascension_mode":true,"campfire_choices":[{"floor":8,"key":"REST"},{"floor":15,"key":"REST"}],"neow_cost":"NONE","seed_source_timestamp":203665445964609,"circlet_count":0,"master_deck":["AscendersBane","Strike_B","Strike_B","Strike_B","Strike_B","Defend_B","Defend_B","Defend_B","Zap+1","Dualcast","Steam","Hologram","Turbo","Leap","Conserve Battery","Skim","Steam","Coolheaded","Reinforced Body"],"relics":["Cracked Core","Lantern","PreservedInsect","MawBank","Blue Candle"],"potions_floor_usage":[2,6,14],"damage_taken":[{"damage":9,"enemies":"2 Louse","floor":1,"turns":3},{"damage":0,"enemies":"Small Slimes","floor":2,"turns":2},{"damage":37,"enemies":"Gremlin Nob","floor":6,"turns":5},{"damage":0,"enemies":"Cultist","floor":7,"turns":4},{"damage":23,"enemies":"Gremlin Gang","floor":11,"turns":5},{"damage":0,"enemies":"2 Fungi Beasts","floor":12,"turns":4},{"damage":1,"enemies":"3 Louse","floor":13,"turns":3},{"damage":21,"enemies":"3 Sentries","floor":14,"turns":6},{"damage":51,"enemies":"The Guardian","floor":16,"turns":20}],"seed_played":"5261484327596782803","potions_obtained":[{"floor":1,"key":"EntropicBrew"},{"floor":2,"key":"FairyPotion"},{"floor":6,"key":"AttackPotion"},{"floor":13,"key":"Block Potion"}],"is_trial":false,"path_per_floor":["?","?","M","M","?"],"character_chosen":"DEFECT","items_purchased":["Turbo"],"campfire_rested":2,"item_purchase_floors":[5],"current_hp_per_floor":[59,59,52,52,52,15,15,37,37,37,14,14,13,7,29,0],"gold":282,"neow_bonus":"UPGRADE_CARD","is_prod":false,"is_daily":false,"chose_seed":false,"campfire_upgraded":0,"win_rate":0,"timestamp":1548098469,"path_taken":["M","M","?","?","$","E","?","R","T","$","M","M","?","?","R","BOSS"],"build_version":"2019-01-20","purchased_purges":1,"victory":false,"max_hp_per_floor":[75,75,75,75,75,75,75,75,75,75,75,75,75,75,75,75],"card_choices":[{"not_picked":["Redo","Self Repair"],"picked":"Steam","floor":1},{"not_picked":["Ball Lightning","Self Repair"],"picked":"Hologram","floor":2},{"not_picked":["Recycle","Storm"],"picked":"Leap","floor":6},{"not_picked":["Coolheaded","FTL"],"picked":"Conserve Battery","floor":7},{"not_picked":["Barrage","Leap"],"picked":"Skim","floor":11},{"not_picked":["Turbo","Hello World"],"picked":"Steam","floor":12},{"not_picked":["Ball Lightning","Barrage"],"picked":"Coolheaded","floor":13},{"not_picked":["Turbo","Hyperbeam"],"picked":"Reinforced Body","floor":14}],"player_experience":604560,"relics_obtained":[{"floor":6,"key":"PreservedInsect"},{"floor":9,"key":"MawBank"},{"floor":14,"key":"Blue Candle"}],"event_choices":[{"damage_healed":0,"gold_gain":0,"player_choice":"Success","damage_taken":7,"relics_obtained":["Lantern"],"max_hp_gain":0,"max_hp_loss":0,"event_name":"Scrap Ooze","floor":3,"gold_loss":0},{"damage_healed":0,"gold_gain":0,"player_choice":"Got Potions","damage_taken":0,"max_hp_gain":0,"max_hp_loss":0,"event_name":"Lab","floor":4,"gold_loss":0},{"damage_healed":0,"gold_gain":0,"player_choice":"Searched \u00271\u0027 times","damage_taken":0,"max_hp_gain":0,"max_hp_loss":0,"event_name":"Dead Adventurer","floor":14,"gold_loss":0}],"is_beta":true,"boss_relics":[],"items_purged_floors":[5],"is_endless":false,"potions_floor_spawned":[1,2,6,12,13],"killed_by":"The Guardian","ascension_level":11}