{"gold_per_floor":[114,125,22,22,32,32,62,74,86,98,110,122,134,37,37,135,135,151,162,15,15,28,28,46,46,46,46,58,58,85,104,104,104],"floor_reached":33,"playtime":1061,"items_purged":["Strike_R"],"score":341,"play_id":"5f5918a8-4a11-4315-90b2-058b701549e3","local_time":"20190124193323","is_ascension_mode":true,"campfire_choices":[{"data":"Uppercut","floor":6.0,"key":"SMITH"},{"floor":8.0,"key":"REST"},{"data":"Disarm","floor":13.0,"key":"SMITH"},{"data":"Whirlwind","floor":15,"key":"SMITH"},{"floor":23,"key":"REST"},{"data":"Metallicize","floor":25,"key":"SMITH"},{"floor":29,"key":"REST"},{"floor":32,"key":"REST"}],"neow_cost":"NONE","seed_source_timestamp":0,"circlet_count":0,"master_deck":["Strike_R","Strike_R","Defend_R","Defend_R","Defend_R","Defend_R","Bash","Cleave","Pummel","Deep Breath","Uppercut+1","Flex","Disarm+1","Intimidate","Whirlwind+1","Bludgeon+1","Metallicize+1","Bludgeon"],"special_seed":0,"relics":["Burning Blood","Boot","MawBank","Bottled Lightning","Sozu","Strawberry","Dead Branch"],"potions_floor_usage":[18,22,30],"damage_taken":[{"damage":5.0,"enemies":"Small Slimes","floor":1.0,"turns":4.0},{"damage":6.0,"enemies":"Cultist","floor":2.0,"turns":3.0},{"damage":2.0,"enemies":"2 Louse","floor":5.0,"turns":2.0},{"damage":43.0,"enemies":"Lagavulin","floor":7.0,"turns":7.0},{"damage":33,"enemies":"The Guardian","floor":16,"turns":12},{"damage":14,"enemies":"Shell Parasite","floor":18,"turns":2},{"damage":6,"enemies":"Spheric Guardian","floor":19,"turns":3},{"damage":24,"enemies":"Cultist and Chosen","floor":22,"turns":5},{"damage":19,"enemies":"Snake Plant","floor":24,"turns":2},{"damage":14,"enemies":"Centurion and Healer","floor":28,"turns":4},{"damage":26,"enemies":"Book of Stabbing","floor":30,"turns":6},{"damage":3,"enemies":"3 Cultists","floor":31,"turns":5},{"damage":111,"enemies":"Champ","floor":33,"turns":12}],"seed_played":"-5093490124335732407","potions_obtained":[{"floor":1.0,"key":"PowerPotion"},{"floor":5.0,"key":"Explosive Potion"},{"floor":7.0,"key":"SpeedPotion"}],"is_trial":false,"path_per_floor":["M","M","$","?","M","R","E","R","T","?","?","?","R","$","R","B",null,"M","M","$","?","M","R","M","R","T","?","M","R","E","M","R","B"],"character_chosen":"IRONCLAD","items_purchased":["Fruit Juice","Intimidate","Whirlwind","Metallicize"],"campfire_rested":4,"item_purchase_floors":[3,14,14,20],"current_hp_per_floor":[80,80,80,80,80,80,48,73,73,73,73,66,66,66,66,39,85,77,77,77,61,43,70,57,57,64,64,56,85,65,68,97,0],"gold":104,"neow_bonus":"RANDOM_COMMON_RELIC","is_prod":false,"is_daily":false,"chose_seed":false,"campfire_upgraded":4,"win_rate":0,"timestamp":1548376403,"path_taken":["M","M","$","?","?","R","E","R","T","?","?","?","R","?","R","BOSS","M","M","$","?","M","R","M","R","T","?","M","R","E","?","R","BOSS"],"build_version":"2019-01-23","purchased_purges":1,"victory":false,"max_hp_per_floor":[80,80,80,80,80,80,85,85,85,85,85,85,85,85,85,85,85,85,85,85,90,90,90,90,90,97,97,97,97,97,97,97,97],"card_choices":[{"not_picked":["Sever Soul","Sword Boomerang"],"picked":"Cleave","floor":1.0},{"not_picked":["Headbutt","Anger"],"picked":"Pummel","floor":2.0},{"not_picked":["Second Wind","Anger"],"picked":"Uppercut","floor":5.0},{"not_picked":["Dual Wield","Fiend Fire"],"picked":"Flex","floor":7.0},{"not_picked":["Berserk","Impervious"],"picked":"Bludgeon","floor":16},{"not_picked":["Corruption","True Grit","Clash+1"],"picked":"SKIP","floor":18},{"not_picked":["Headbutt+1","Dropkick+1","Perfected Strike+1"],"picked":"SKIP","floor":19},{"not_picked":["Cleave+1","Pommel Strike","Iron Wave"],"picked":"SKIP","floor":22},{"not_picked":["Hemokinesis","Flame Barrier"],"picked":"Bludgeon","floor":24},{"not_picked":["Sentinel","Havoc","Blood for Blood"],"picked":"SKIP","floor":28},{"not_picked":["Wild Strike+1","Barricade","Bloodletting"],"picked":"SKIP","floor":30},{"not_picked":["Sever Soul+1","Wild Strike","Whirlwind"],"picked":"SKIP","floor":31}],"player_experience":131206,"relics_obtained":[{"floor":7.0,"key":"MawBank"},{"floor":9.0,"key":"Bottled Lightning"},{"floor":26,"key":"Strawberry"},{"floor":30,"key":"Dead Branch"}],"event_choices":[{"damage_healed":0.0,"max_hp_gain":0.0,"max_hp_loss":0.0,"gold_gain":0.0,"event_name":"Match and Keep!","player_choice":"1 cards matched","floor":4.0,"gold_loss":0.0,"damage_taken":0.0,"cards_obtained":["Deep Breath"]},{"damage_healed":0.0,"max_hp_gain":0.0,"max_hp_loss":0.0,"gold_gain":0.0,"cards_transformed":["Strike_R"],"event_name":"Living Wall","player_choice":"Change","floor":10.0,"gold_loss":0.0,"damage_taken":0.0,"cards_obtained":["Disarm"]},{"damage_healed":0.0,"max_hp_gain":0.0,"max_hp_loss":0.0,"gold_gain":0.0,"event_name":"Shining Light","player_choice":"Ignored","floor":11.0,"gold_loss":0.0,"damage_taken":0.0},{"cards_removed":["Strike_R"],"damage_healed":0.0,"max_hp_gain":0.0,"max_hp_loss":0.0,"gold_gain":0.0,"event_name":"Golden Wing","player_choice":"Card Removal","floor":12.0,"gold_loss":0.0,"damage_taken":7.0},{"damage_healed":0,"gold_gain":0,"player_choice":"Shed Blood","damage_taken":21,"max_hp_gain":5,"max_hp_loss":0,"event_name":"Forgotten Altar","floor":21,"gold_loss":0},{"damage_healed":0,"gold_gain":0,"player_choice":"Forge","damage_taken":0,"max_hp_gain":0,"max_hp_loss":0,"event_name":"Accursed Blacksmith","floor":27,"gold_loss":0,"cards_upgraded":["Bludgeon"]}],"is_beta":false,"boss_relics":[{"not_picked":["Black Blood","Orrery"],"picked":"Sozu"}],"items_purged_floors":[20],"is_endless":false,"potions_floor_spawned":[1,5,7,18,22,24],"killed_by":"Champ","ascension_level":4}