{"gold_per_floor":[110,110,60,60,77,109,35,66,66,78,90,102,147,179,191,203],"floor_reached":16,"playtime":599,"items_purged":[],"score":155,"play_id":"55799945-ed3a-4692-9cf1-4c06d4889559","local_time":"20180924111658","is_ascension_mode":true,"campfire_choices":[{"data":"Armaments","floor":10,"key":"SMITH"},{"data":"Clash","floor":12,"key":"SMITH"},{"floor":15,"key":"REST"}],"neow_cost":"NONE","seed_source_timestamp":921153809170854,"circlet_count":0,"master_deck":["Strike_R","Strike_R","Strike_R+1","Strike_R","Defend_R","Defend_R+1","Defend_R","Defend_R","Bash","Armaments+1","Pommel Strike","Clash+1","Battle Trance","Sever Soul","Clash"],"relics":["Burning Blood","NeowsBlessing","Singing Bowl","Nunchaku","MawBank","Happy Flower"],"potions_floor_usage":[16],"damage_taken":[{"damage":0,"enemies":"2 Louse","floor":1,"turns":1},{"damage":0,"enemies":"Small Slimes","floor":5,"turns":1},{"damage":0,"enemies":"3 Sentries","floor":6,"turns":2},{"damage":58,"enemies":"Gremlin Nob","floor":8,"turns":6},{"damage":22,"enemies":"3 Sentries","floor":13,"turns":10},{"damage":0,"enemies":"Cultist","floor":14,"turns":2},{"damage":42,"enemies":"The Guardian","floor":16,"turns":8}],"seed_played":"-1366416885956961420","potions_obtained":[{"floor":5,"key":"EntropicBrew"},{"floor":6,"key":"Regen Potion"},{"floor":14,"key":"Swift Potion"}],"is_trial":false,"path_per_floor":["M","?","?","$","M","E","$","E","T","R","?","R","E","M","R"],"character_chosen":"IRONCLAD","items_purchased":["Battle Trance"],"campfire_rested":1,"item_purchase_floors":[7],"current_hp_per_floor":[80,64,64,64,70,76,76,24,24,24,24,24,10,16,40,0],"gold":203,"neow_bonus":"THREE_ENEMY_KILL","is_prod":false,"is_daily":false,"chose_seed":false,"campfire_upgraded":2,"win_rate":0,"timestamp":1537780618,"path_taken":["M","?","?","$","?","E","$","E","T","R","?","R","E","M","R","BOSS"],"build_version":"2018-09-20","purchased_purges":0,"victory":false,"max_hp_per_floor":[80,80,80,80,80,80,80,80,80,80,80,80,82,82,82,82],"card_choices":[{"not_picked":["Combust","Thunderclap"],"picked":"Armaments","floor":1},{"not_picked":["Combust","Armaments"],"picked":"Pommel Strike","floor":5},{"not_picked":["Rupture","Infernal Blade"],"picked":"Clash","floor":6},{"not_picked":["Whirlwind","True Grit"],"picked":"Sever Soul","floor":8},{"not_picked":["Blood for Blood","Demon Form","Infernal Blade"],"picked":"Singing Bowl","floor":13},{"not_picked":["Evolve","Searing Blow"],"picked":"Clash","floor":14}],"player_experience":104933,"relics_obtained":[{"floor":6,"key":"Singing Bowl"},{"floor":8,"key":"Nunchaku"},{"floor":9,"key":"MawBank"},{"floor":13,"key":"Happy Flower"}],"event_choices":[{"event_name":"Shining Light","player_choice":"Entered Light","floor":2,"damage_taken":0},{"event_name":"The Cleric","player_choice":"Card Removal","floor":3,"damage_taken":0},{"event_name":"The Woman in Blue","player_choice":"Bought 0 Potions","floor":11,"damage_taken":0}],"is_beta":true,"boss_relics":[],"items_purged_floors":[],"is_endless":false,"potions_floor_spawned":[5,6,14],"killed_by":"The Guardian","ascension_level":2}