{"gold_per_floor":[213,63,78,94,112,112,139,139,166,166,186,212,228,255,255,353,353,369,389,304,304,394,424,444,444,444,444,444,478,478,490,490,585,585,605,625,642,642,642,674,674,674,699,699,142,157,6,18,18,18],"floor_reached":51,"playtime":3749,"items_purged":["Strike_R"],"score":879,"play_id":"f238b7f7-18a8-4aeb-9993-b76d000f2b3f","local_time":"20190130210751","is_ascension_mode":true,"campfire_choices":[{"data":"Uppercut","floor":6,"key":"SMITH"},{"data":"Perfected Strike","floor":10,"key":"SMITH"},{"data":"Armaments","floor":15,"key":"SMITH"},{"data":"Flame Barrier","floor":25,"key":"SMITH"},{"data":"Inflame","floor":28,"key":"SMITH"},{"floor":30,"key":"REST"},{"floor":32,"key":"REST"},{"floor":41,"key":"REST"},{"data":"Demon Form","floor":44,"key":"SMITH"},{"floor":49,"key":"REST"}],"neow_cost":"NONE","seed_source_timestamp":29660269483100,"circlet_count":0,"master_deck":["Strike_R","Strike_R","Strike_R","Strike_R","Defend_R","Defend_R","Defend_R","Defend_R","Bash","Perfected Strike+1","Clash","Uppercut+1","Seeing Red","Feed","Clothesline","Armaments+1","Twin Strike","Flame Barrier+1","Juggernaut","Inflame+1","PanicButton","Limit Break","Shockwave+1","Demon Form+1","Fiend Fire","Metallicize+1","Madness","Madness","Madness","Entrench","Metallicize+1"],"relics":["Burning Blood","Centennial Puzzle","Anchor","Odd Mushroom","Strawberry","Bag of Marbles","Velvet Choker","Ancient Tea Set","Dodecahedron","Nloth\u0027s Gift","Smiling Mask","Snecko Eye","Omamori","Potion Belt","Pen Nib","Juzu Bracelet","Bag of Preparation"],"potions_floor_usage":[7,12,14,23,40,50,50,50,50,50],"damage_taken":[{"damage":5,"enemies":"Cultist","floor":1,"turns":4},{"damage":7,"enemies":"Jaw Worm","floor":3,"turns":3},{"damage":0,"enemies":"Small Slimes","floor":4,"turns":2},{"damage":14,"enemies":"Blue Slaver","floor":5,"turns":3},{"damage":2,"enemies":"Gremlin Nob","floor":7,"turns":3},{"damage":12,"enemies":"The Mushroom Lair","floor":11,"turns":4},{"damage":25,"enemies":"3 Sentries","floor":12,"turns":6},{"damage":1,"enemies":"Exordium Thugs","floor":13,"turns":3},{"damage":3,"enemies":"Lagavulin","floor":14,"turns":4},{"damage":52,"enemies":"The Guardian","floor":16,"turns":9},{"damage":6,"enemies":"2 Thieves","floor":18,"turns":4},{"damage":0,"enemies":"Chosen","floor":19,"turns":3},{"damage":26,"enemies":"Gremlin Leader","floor":23,"turns":3},{"damage":7,"enemies":"Snecko","floor":24,"turns":4},{"damage":29,"enemies":"Slavers","floor":29,"turns":5},{"damage":17,"enemies":"Centurion and Healer","floor":31,"turns":6},{"damage":20,"enemies":"Champ","floor":33,"turns":8},{"damage":21,"enemies":"3 Darklings","floor":35,"turns":3},{"damage":12,"enemies":"3 Shapes","floor":36,"turns":6},{"damage":9,"enemies":"Jaw Worm Horde","floor":37,"turns":4},{"damage":30,"enemies":"Giant Head","floor":40,"turns":7},{"damage":12,"enemies":"Writhing Mass","floor":46,"turns":4},{"damage":0,"enemies":"4 Shapes","floor":48,"turns":5},{"damage":1,"enemies":"Donu and Deca","floor":50,"turns":8}],"seed_played":"4999634125820492170","potions_obtained":[{"floor":3,"key":"SkillPotion"},{"floor":5,"key":"Poison Potion"},{"floor":7,"key":"Block Potion"},{"floor":11,"key":"Weak Potion"},{"floor":14,"key":"Dexterity Potion"},{"floor":18,"key":"Explosive Potion"},{"floor":37,"key":"SpeedPotion"},{"floor":40,"key":"Strength Potion"}],"is_trial":false,"path_per_floor":["M","$","M","M","M","R","E","$","T","R","?","E","M","E","R","B",null,"M","M","$","?","?","E","M","R","T","?","R","E","R","M","R","B",null,"M","M","M","?","?","E","R","?","T","R","$","M","$","M","R","B",null],"character_chosen":"IRONCLAD","items_purchased":["Centennial Puzzle","PanicButton","Entrench","SkillPotion","Ancient Potion","Pen Nib","Juzu Bracelet","Bag of Preparation"],"campfire_rested":4,"item_purchase_floors":[2,20,45,45,45,45,45,47],"current_hp_per_floor":[80,80,79,80,72,72,76,76,76,76,75,65,75,80,80,36,79,84,92,92,92,74,56,57,57,57,57,57,34,62,51,79,65,88,73,67,64,52,52,28,56,56,56,56,56,50,50,59,88,93],"gold":18,"neow_bonus":"HUNDRED_GOLD","is_prod":false,"is_daily":false,"chose_seed":false,"campfire_upgraded":6,"win_rate":0,"timestamp":1548853671,"path_taken":["M","$","?","M","M","R","E","$","T","R","?","E","M","E","R","BOSS","M","M","$","?","?","E","?","R","T","?","R","E","R","M","R","BOSS","M","M","M","?","?","E","R","?","T","R","$","M","?","M","R","BOSS"],"build_version":"2019-01-23","purchased_purges":1,"victory":true,"max_hp_per_floor":[80,80,80,80,80,80,80,80,80,80,83,90,93,93,93,93,93,96,96,96,96,96,96,96,96,96,96,96,96,96,96,96,96,96,96,96,96,96,96,96,96,96,96,96,96,96,96,99,99,99],"card_choices":[{"not_picked":["Havoc","Rage"],"picked":"Perfected Strike","floor":1},{"not_picked":["Burning Pact","Wild Strike"],"picked":"Clash","floor":3},{"not_picked":["Corruption","Perfected Strike"],"picked":"Uppercut","floor":4},{"not_picked":["Warcry","Armaments"],"picked":"Seeing Red","floor":5},{"not_picked":["Dual Wield","Searing Blow"],"picked":"Feed","floor":7},{"not_picked":["Power Through","Havoc"],"picked":"Clothesline","floor":11},{"not_picked":["Thunderclap","Pommel Strike"],"picked":"Armaments","floor":12},{"not_picked":["Iron Wave","Sword Boomerang"],"picked":"Twin Strike","floor":13},{"not_picked":["Sword Boomerang","Dark Embrace"],"picked":"Flame Barrier","floor":14},{"not_picked":["Impervious","Exhume"],"picked":"Juggernaut","floor":16},{"not_picked":["Rampage","Power Through","Thunderclap+1"],"picked":"SKIP","floor":18},{"not_picked":["Heavy Blade+1","Sever Soul"],"picked":"Inflame","floor":19},{"not_picked":["Rage","Barricade"],"picked":"Limit Break","floor":23},{"not_picked":["Perfected Strike","Body Slam"],"picked":"Shockwave+1","floor":24},{"not_picked":["Shockwave","Shrug It Off"],"picked":"Demon Form","floor":29},{"not_picked":["Impervious","Bloodletting","Flame Barrier"],"picked":"SKIP","floor":31},{"not_picked":["Feed","Demon Form"],"picked":"Fiend Fire","floor":33},{"not_picked":["True Grit+1","Shockwave+1","Feed"],"picked":"SKIP","floor":35},{"not_picked":["Flex","Body Slam","True Grit"],"picked":"SKIP","floor":36},{"not_picked":["Berserk","Power Through+1"],"picked":"Metallicize+1","floor":37},{"not_picked":["Magnetism","Panache"],"picked":"Madness","floor":39},{"not_picked":["Shockwave","Clash+1","Anger+1"],"picked":"SKIP","floor":40},{"not_picked":["Reckless Charge","Cleave+1"],"picked":"Metallicize+1","floor":46},{"not_picked":["Whirlwind+1","Clash","Flex+1"],"picked":"SKIP","floor":48}],"player_experience":202435,"relics_obtained":[{"floor":7,"key":"Anchor"},{"floor":9,"key":"Blood Vial"},{"floor":11,"key":"Odd Mushroom"},{"floor":12,"key":"Strawberry"},{"floor":14,"key":"Bag of Marbles"},{"floor":23,"key":"Ancient Tea Set"},{"floor":26,"key":"Dodecahedron"},{"floor":29,"key":"Smiling Mask"},{"floor":40,"key":"Omamori"},{"floor":43,"key":"Potion Belt"}],"event_choices":[{"damage_healed":0,"gold_gain":0,"player_choice":"Fought Mushrooms","damage_taken":0,"max_hp_gain":0,"max_hp_loss":0,"event_name":"Mushrooms","floor":11,"gold_loss":0},{"damage_healed":0,"gold_gain":0,"player_choice":"Ignored","damage_taken":0,"max_hp_gain":0,"max_hp_loss":0,"event_name":"Beggar","floor":21,"gold_loss":0},{"damage_healed":0,"gold_gain":90,"player_choice":"GOLD ","damage_taken":18,"max_hp_gain":0,"max_hp_loss":0,"event_name":"Knowing Skull","floor":22,"potions_obtained":[],"gold_loss":0,"cards_obtained":[]},{"damage_healed":0,"gold_gain":0,"player_choice":"Traded Relic","damage_taken":0,"relics_obtained":["Nloth\u0027s Gift"],"max_hp_gain":0,"max_hp_loss":0,"event_name":"N\u0027loth","floor":27,"relics_lost":["Blood Vial"],"gold_loss":0},{"damage_healed":0,"gold_gain":0,"player_choice":"Embrace Madness","damage_taken":12,"max_hp_gain":0,"max_hp_loss":0,"event_name":"Winding Halls","floor":38,"gold_loss":0,"cards_obtained":["Madness","Madness"]},{"damage_healed":0,"gold_gain":0,"player_choice":"Memory 1","damage_taken":0,"max_hp_gain":0,"max_hp_loss":0,"event_name":"SensoryStone","floor":39,"gold_loss":0},{"damage_healed":0,"gold_gain":0,"player_choice":"Ignored","damage_taken":0,"max_hp_gain":0,"max_hp_loss":0,"event_name":"Mysterious Sphere","floor":42,"gold_loss":0}],"is_beta":false,"boss_relics":[{"not_picked":["Runic Dome","Black Blood"],"picked":"Velvet Choker"},{"not_picked":["Philosopher\u0027s Stone","Fusion Hammer"],"picked":"Snecko Eye"}],"items_purged_floors":[45],"is_endless":false,"potions_floor_spawned":[3,5,7,11,14,18,37,40],"ascension_level":5}