{"gold_per_floor":[18,28,128,140,155,155,188,201,201,261,261,272,284,284,284,412,412,430,446,446,371,387,428,428,467,493,514,532,566,566,591,591,591],"floor_reached":33,"playtime":1895,"items_purged":[],"score":320,"play_id":"c4a681bd-1d64-4171-a593-a85b0db56149","local_time":"20190124174047","is_ascension_mode":false,"campfire_choices":[{"data":"Bash","floor":6,"key":"SMITH"},{"floor":11,"key":"REST"},{"floor":15,"key":"REST"},{"floor":30,"key":"REST"},{"floor":32,"key":"RECALL"}],"neow_cost":"NO_GOLD","seed_source_timestamp":1112632736008918,"circlet_count":0,"master_deck":["Strike_R","Strike_R","Strike_R","Strike_R","Strike_R","Defend_R","Defend_R","Bash+1","Headbutt","Headbutt","Clothesline+1","Iron Wave+1","Iron Wave","Shockwave+1","Offering+1","Offering+1","Havoc+1","Intimidate+1","Blood for Blood","Normality","Havoc+1","Blood for Blood","Body Slam+1"],"relics":["Burning Blood","Toxic Egg 2","Whetstone","Tiny Chest","Golden Idol","Cursed Key","Meat on the Bone","WingedGreaves","Spirit Poop","Pantograph","Bag of Preparation","Letter Opener"],"potions_floor_usage":[10,13,13,25,25,29,29,29],"damage_taken":[{"damage":6,"enemies":"Jaw Worm","floor":1,"turns":3},{"damage":1,"enemies":"Cultist","floor":2,"turns":3},{"damage":5,"enemies":"2 Louse","floor":4,"turns":3},{"damage":25,"enemies":"Large Slime","floor":5,"turns":6},{"damage":44,"enemies":"3 Sentries","floor":7,"turns":9},{"damage":4,"enemies":"2 Fungi Beasts","floor":8,"turns":3},{"damage":10,"enemies":"Gremlin Nob","floor":10,"turns":3},{"damage":10,"enemies":"Exordium Thugs","floor":12,"turns":4},{"damage":6,"enemies":"Lots of Slimes","floor":13,"turns":3},{"damage":48,"enemies":"Slime Boss","floor":16,"turns":12},{"damage":20,"enemies":"Shell Parasite","floor":18,"turns":3},{"damage":12,"enemies":"Chosen","floor":19,"turns":2},{"damage":18,"enemies":"Centurion and Healer","floor":22,"turns":4},{"damage":17,"enemies":"Gremlin Leader","floor":23,"turns":6},{"damage":15,"enemies":"Book of Stabbing","floor":25,"turns":4},{"damage":21,"enemies":"Shelled Parasite and Fungi","floor":27,"turns":4},{"damage":13,"enemies":"Snecko","floor":28,"turns":4},{"damage":67,"enemies":"Slavers","floor":29,"turns":6},{"damage":18,"enemies":"Centurion and Healer","floor":31,"turns":4},{"damage":77,"enemies":"Champ","floor":33,"turns":7}],"seed_played":"-4534850002096567805","potions_obtained":[{"floor":7,"key":"LiquidBronze"},{"floor":8,"key":"FearPotion"},{"floor":10,"key":"Block Potion"},{"floor":12,"key":"AttackPotion"},{"floor":19,"key":"EssenceOfSteel"},{"floor":23,"key":"SteroidPotion"},{"floor":28,"key":"Regen Potion"},{"floor":29,"key":"Fruit Juice"},{"floor":31,"key":"PowerPotion"}],"is_trial":false,"path_per_floor":["M","M","?","M","M","R","E","M","T","E","R","M","M","?","R","B",null,"M","M","?","?","M","E","?","E","T","M","M","E","R","M","R","B"],"character_chosen":"IRONCLAD","items_purchased":[],"campfire_rested":3,"item_purchase_floors":[],"current_hp_per_floor":[80,80,80,80,61,61,23,25,25,21,45,41,41,41,65,23,80,66,60,60,60,48,49,49,52,52,49,54,25,50,50,50,0],"gold":591,"neow_bonus":"REMOVE_TWO","is_prod":false,"is_daily":false,"chose_seed":false,"campfire_upgraded":1,"win_rate":0,"timestamp":1548330047,"path_taken":["M","M","?","?","M","R","E","M","T","E","R","?","M","?","R","BOSS","M","M","?","?","?","E","?","E","T","M","M","E","R","?","R","BOSS"],"build_version":"2019-01-23","purchased_purges":0,"victory":false,"max_hp_per_floor":[80,80,80,80,80,80,80,80,80,80,80,80,80,80,80,80,80,80,80,80,80,80,80,80,80,80,80,80,85,85,85,85,85],"card_choices":[{"not_picked":["Wild Strike","Disarm"],"picked":"Headbutt","floor":1},{"not_picked":["Wild Strike","Sword Boomerang"],"picked":"Headbutt","floor":2},{"not_picked":["Limit Break","Pommel Strike"],"picked":"Clothesline","floor":4},{"not_picked":["True Grit","Entrench"],"picked":"Iron Wave","floor":5},{"not_picked":["Havoc","Perfected Strike"],"picked":"Iron Wave","floor":7},{"not_picked":["Perfected Strike","Sword Boomerang","Burning Pact+1"],"picked":"SKIP","floor":8},{"not_picked":["Disarm+1","Spot Weakness+1"],"picked":"Shockwave+1","floor":10},{"not_picked":["Shrug It Off+1","Twin Strike"],"picked":"Offering+1","floor":12},{"not_picked":["Spot Weakness+1","Headbutt","Feel No Pain"],"picked":"SKIP","floor":13},{"not_picked":["Berserk","Brutality"],"picked":"Offering+1","floor":16},{"not_picked":["Sword Boomerang","Armaments+1"],"picked":"Havoc+1","floor":18},{"not_picked":["Perfected Strike","Corruption","Headbutt+1"],"picked":"SKIP","floor":19},{"not_picked":["Armaments+1","Sword Boomerang","Perfected Strike"],"picked":"SKIP","floor":22},{"not_picked":["Hemokinesis","Whirlwind"],"picked":"Intimidate+1","floor":23},{"not_picked":["Headbutt","Armaments+1"],"picked":"Blood for Blood","floor":25},{"not_picked":["Sword Boomerang","Brutality"],"picked":"Havoc+1","floor":27},{"not_picked":["True Grit+1","Entrench+1"],"picked":"Blood for Blood","floor":28},{"not_picked":["Headbutt","Iron Wave"],"picked":"Body Slam+1","floor":29},{"not_picked":["Clothesline","Burning Pact+1","Spot Weakness+1"],"picked":"SKIP","floor":31}],"player_experience":646637,"relics_obtained":[{"floor":7,"key":"Toxic Egg 2"},{"floor":9,"key":"Whetstone"},{"floor":10,"key":"Tiny Chest"},{"floor":23,"key":"WingedGreaves"},{"floor":25,"key":"Pantograph"},{"floor":26,"key":"Bag of Preparation"},{"floor":29,"key":"Letter Opener"}],"event_choices":[{"damage_healed":0,"gold_gain":100,"player_choice":"Gold","damage_taken":0,"max_hp_gain":0,"max_hp_loss":0,"event_name":"Wheel of Change","floor":3,"gold_loss":0},{"damage_healed":0,"gold_gain":0,"player_choice":"Take Wound","damage_taken":0,"relics_obtained":["Golden Idol"],"max_hp_gain":0,"max_hp_loss":0,"event_name":"Golden Idol","floor":14,"gold_loss":0,"cards_obtained":["Injury"]},{"damage_healed":0,"gold_gain":0,"player_choice":"Stole Relic","damage_taken":0,"relics_obtained":["Meat on the Bone"],"max_hp_gain":0,"max_hp_loss":0,"event_name":"Addict","floor":20,"gold_loss":0,"cards_obtained":["Shame"]},{"cards_removed":["Shame"],"damage_healed":0,"gold_gain":0,"player_choice":"Gave Gold","damage_taken":0,"max_hp_gain":0,"max_hp_loss":0,"event_name":"Beggar","floor":21,"gold_loss":75},{"cards_removed":["Injury"],"damage_healed":0,"gold_gain":0,"player_choice":"Offered Curse","damage_taken":0,"relics_obtained":["Spirit Poop"],"max_hp_gain":0,"max_hp_loss":0,"event_name":"Bonfire Elementals","floor":24,"gold_loss":0}],"is_beta":false,"boss_relics":[{"not_picked":["Coffee Dripper","Ectoplasm"],"picked":"Cursed Key"}],"items_purged_floors":[],"is_endless":false,"potions_floor_spawned":[7,8,10,12,19,23,28,29,31],"killed_by":"Champ","ascension_level":0}