{"gold_per_floor":[119,139,389,400,32,66,66,79,106,106,356,383,383,24,24,127,127,144,243,270,270,11,11,25,25,25,38,38,49,49,75,75,177,207,225,225,100,200,218,218,250,250,273,291,291,309,362,380,380,380],"floor_reached":51,"playtime":5865,"items_purged":["Regret","Normality","Defend_B"],"score":743,"play_id":"35c796ab-d4ec-4a77-afb6-794ed66c520d","local_time":"20180704184855","is_ascension_mode":true,"campfire_choices":[{"data":"Zap","floor":7.0,"key":"SMITH"},{"floor":10.0,"key":"REST"},{"data":"Loop","floor":15.0,"key":"SMITH"},{"data":"Force Field","floor":23.0,"key":"SMITH"},{"data":"Self Repair","floor":25.0,"key":"SMITH"},{"data":"Consume","floor":28.0,"key":"SMITH"},{"floor":32.0,"key":"REST"},{"data":"Auto Shields","floor":40.0,"key":"SMITH"},{"data":"Redo","floor":42,"key":"SMITH"},{"data":"Storm","floor":45,"key":"SMITH"},{"floor":49,"key":"REST"}],"neow_cost":"","seed_source_timestamp":0,"circlet_count":0,"master_deck":["Strike_B","Strike_B","Strike_B+1","Defend_B","Defend_B","Zap+1","Dualcast+1","Loop+1","Multi-Cast+1","Self Repair+1","Force Field+1","Auto Shields+1","Electrodynamics","Consume+1","Reboot","Storm+1","Self Repair+1","Echo Form","Redo+1","Redo+1","Ball Lightning+1"],"special_seed":0,"relics":["Cracked Core","Ice Cream","War Paint","Blood Vial","Vajra","Spirit Poop","Gremlin Horn","Busted Crown","Nloth\u0027s Gift","Mummified Hand","Question Card","Strawberry","Tiny House","Torii","Omamori","Dead Branch"],"potions_floor_usage":[41,41,41,41,41,50,50],"damage_taken":[{"damage":5.0,"enemies":"2 Louse","floor":1.0,"turns":2.0},{"damage":11.0,"enemies":"Cultist","floor":2.0,"turns":4.0},{"damage":2.0,"enemies":"Small Slimes","floor":4.0,"turns":4.0},{"damage":26.0,"enemies":"3 Sentries","floor":6.0,"turns":7.0},{"damage":35.0,"enemies":"Gremlin Gang","floor":8.0,"turns":6.0},{"damage":14.0,"enemies":"Lagavulin","floor":12.0,"turns":7.0},{"damage":5.0,"enemies":"The Guardian","floor":16.0,"turns":14.0},{"damage":5.0,"enemies":"Shell Parasite","floor":18.0,"turns":5.0},{"damage":20.0,"enemies":"3 Byrds","floor":24.0,"turns":3.0},{"damage":0.0,"enemies":"3 Cultists","floor":27.0,"turns":2.0},{"damage":25.0,"enemies":"Cultist and Chosen","floor":29.0,"turns":4.0},{"damage":28.0,"enemies":"Collector","floor":33.0,"turns":8.0},{"damage":27.0,"enemies":"3 Darklings","floor":35.0,"turns":4.0},{"damage":0.0,"enemies":"3 Shapes","floor":39.0,"turns":2.0},{"damage":46,"enemies":"Giant Head","floor":41,"turns":9},{"damage":9,"enemies":"Sphere and 2 Shapes","floor":44,"turns":3},{"damage":0,"enemies":"3 Darklings","floor":46,"turns":2},{"damage":17,"floor":47,"turns":3},{"damage":19,"enemies":"4 Shapes","floor":48,"turns":3},{"damage":88,"enemies":"Time Eater","floor":50,"turns":8}],"seed_played":"-7091615104271558585","potions_obtained":[{"floor":1.0,"key":"EssenceOfSteel"},{"floor":2.0,"key":"AttackPotion"},{"floor":8.0,"key":"Explosive Potion"},{"floor":16.0,"key":"EssenceOfSteel"},{"floor":18.0,"key":"PowerPotion"},{"floor":27.0,"key":"Ancient Potion"},{"floor":33.0,"key":"EntropicBrew"},{"floor":34.0,"key":"Regen Potion"},{"floor":44,"key":"Dexterity Potion"},{"floor":46,"key":"SmokeBomb"},{"floor":48,"key":"Ancient Potion"}],"is_trial":false,"path_per_floor":["M","M","?","M","$","E","R","M","T","R","?","E","?","$","R","B",null,"M","?","T","?","$","R","M","R","T","M","R","M","?","T","R","B",null,"M","?","$","?","M","R","E","R","T","M","R","M","?","M","R","B"],"character_chosen":"DEFECT","items_purchased":["Ice Cream","Gremlin Horn","Mummified Hand"],"campfire_rested":3,"item_purchase_floors":[],"current_hp_per_floor":[70,66,66,71,71,52,52,17,17,39,39,34,34,34,34,38,75,75,75,75,75,75,75,62,62,62,64,64,51,37,44,70,54,92,75,75,75,75,92,92,75,75,75,78,78,80,75,68,92,34],"gold":380,"neow_bonus":"","is_prod":false,"is_daily":false,"chose_seed":false,"campfire_upgraded":8,"win_rate":0,"timestamp":1530722935,"path_taken":["M","M","?","M","$","E","R","?","T","R","?","E","?","$","R","BOSS","M","?","?","?","$","R","M","R","T","M","R","M","?","?","R","BOSS","M","?","$","?","M","R","E","R","T","M","R","M","?","?","R","BOSS"],"build_version":"2018-06-28","purchased_purges":3,"victory":true,"max_hp_per_floor":[75,75,75,75,75,75,75,75,75,75,75,75,75,75,75,75,75,75,75,75,75,75,75,75,75,75,75,75,75,80,87,87,87,92,92,92,92,92,92,92,92,92,92,92,92,92,92,92,92,92],"card_choices":[{"not_picked":["Streamline","Double Energy"],"picked":"Self Repair","floor":1.0},{"not_picked":["Sweeping Beam","Compile Driver"],"picked":"Force Field","floor":2.0},{"not_picked":["Cold Snap","Stack"],"picked":"Auto Shields","floor":4.0},{"not_picked":["Streamline","Cold Snap","Aggregate"],"picked":"SKIP","floor":6.0},{"not_picked":["Undo","Turbo","Barrage"],"picked":"SKIP","floor":8.0},{"not_picked":["Coolheaded","Rainbow","Cold Snap"],"picked":"SKIP","floor":12.0},{"not_picked":["Creative AI","Core Surge"],"picked":"Electrodynamics","floor":16.0},{"not_picked":["Barrage"],"picked":"SKIP","floor":18.0},{"not_picked":["Hologram"],"picked":"SKIP","floor":24.0},{"not_picked":["Ball Lightning"],"picked":"Consume","floor":27.0},{"not_picked":["Beam Cell+1","Compile Driver"],"picked":"SKIP","floor":29.0},{"not_picked":["Rainbow"],"picked":"Reboot","floor":33.0},{"not_picked":["Genetic Algorithm"],"picked":"Storm","floor":35.0},{"not_picked":["Conserve Battery+1"],"picked":"Echo Form","floor":39.0},{"not_picked":["Core Surge"],"picked":"Redo","floor":41},{"not_picked":["Skim+1"],"picked":"Redo+1","floor":44},{"not_picked":["Self Repair","Hologram"],"picked":"SKIP","floor":46},{"not_picked":["FTL"],"picked":"Ball Lightning+1","floor":47},{"not_picked":["Gash","Turbo"],"picked":"SKIP","floor":48}],"player_experience":261577,"relics_obtained":[{"floor":6.0,"key":"War Paint"},{"floor":9.0,"key":"Blood Vial"},{"floor":12.0,"key":"Vajra"},{"floor":20.0,"key":"Regal Pillow"},{"floor":26.0,"key":"Question Card"},{"floor":31.0,"key":"Strawberry"},{"floor":41,"key":"Torii"},{"floor":43,"key":"Omamori"},{"floor":47,"key":"Dead Branch"}],"event_choices":[{"event_name":"Golden Shrine","player_choice":"Desecrate","floor":3.0,"damage_taken":0.0},{"event_name":"Golden Shrine","player_choice":"Desecrate","floor":11.0,"damage_taken":0.0},{"event_name":"Bonfire Elementals","player_choice":"CURSE","floor":13.0,"damage_taken":0.0},{"event_name":"Nest","player_choice":"Stole From Cult","floor":19.0,"damage_taken":0.0},{"event_name":"N\u0027loth","player_choice":"Traded a Regal Pillow","floor":21.0,"damage_taken":0.0},{"event_name":"Forgotten Altar","player_choice":"Shed Blood","floor":30.0,"damage_taken":0.0},{"event_name":"Duplicator","player_choice":"One dupe","floor":36.0,"damage_taken":0.0},{"event_name":"Golden Shrine","player_choice":"Pray","floor":38.0,"damage_taken":0.0},{"event_name":"Mysterious Sphere","player_choice":"Fight","floor":47,"damage_taken":0}],"boss_relics":[{"not_picked":["Velvet Choker","Coffee Dripper"],"picked":"Busted Crown"},{"not_picked":["Fusion Hammer","White Beast Statue"],"picked":"Tiny House"}],"items_purged_floors":[],"is_endless":false,"potions_floor_spawned":[1,2,8,16,18,27,33,44,46,48],"ascension_level":2}