{"gold_per_floor":[111,111,33,45,45,73,87,2,49,49,78,90,90,100,100,172,172,185,200,212,137,156,156,65,90,90,90,190,78,78,90,90,162,162,175,1174,639,639,320,349,349,374,374,385,7,7,39,58,58,58,58],"floor_reached":52,"playtime":2996,"items_purged":["Strike_R"],"score":2032,"play_id":"ff1824c1-d9bb-4e99-b681-11481211e20b","local_time":"20190129224002","is_ascension_mode":true,"campfire_choices":[{"floor":10.0,"key":"REST"},{"data":"Armaments","floor":13.0,"key":"SMITH"},{"data":"Whirlwind","floor":15.0,"key":"SMITH"},{"data":"Offering","floor":23.0,"key":"SMITH"},{"data":"Strike_R","floor":27.0,"key":"PURGE"},{"data":"Warcry","floor":30.0,"key":"SMITH"},{"data":"Bash","floor":32.0,"key":"SMITH"},{"data":"Limit Break","floor":41.0,"key":"SMITH"},{"data":"Regret","floor":46.0,"key":"PURGE"},{"data":"Inflame","floor":49.0,"key":"SMITH"}],"neow_cost":"PERCENT_DAMAGE","seed_source_timestamp":0,"circlet_count":0,"master_deck":["AscendersBane","Defend_R","Defend_R","Defend_R","Bash+1","Hemokinesis+1","Warcry+1","Hemokinesis","Anger","Whirlwind+1","Shrug It Off","Inflame+1","Offering+1","Armaments+1","Heavy Blade","Reaper","Flash of Steel+1","Metallicize","Limit Break+1","Thunderclap+1","Limit Break","Limit Break","Uppercut","Dark Shackles","Sword Boomerang"],"special_seed":0,"relics":["Burning Blood","Red Skull","Omamori","StoneCalendar","Busted Crown","Peace Pipe","Champion Belt","Darkstone Periapt","Cursed Key","Anchor","Centennial Puzzle","DollysMirror","Sling","Bottled Lightning","Whetstone","Torii","Strange Spoon","Vajra"],"potions_floor_usage":[],"damage_taken":[{"damage":4.0,"enemies":"Cultist","floor":1.0,"turns":3.0},{"damage":13.0,"enemies":"Small Slimes","floor":4.0,"turns":3.0},{"damage":37.0,"enemies":"3 Sentries","floor":6.0,"turns":8.0},{"damage":0.0,"enemies":"2 Louse","floor":7.0,"turns":1.0},{"damage":25.0,"enemies":"Lagavulin","floor":11.0,"turns":5.0},{"damage":4.0,"enemies":"Looter","floor":12.0,"turns":2.0},{"damage":7.0,"enemies":"Exordium Wildlife","floor":14.0,"turns":3.0},{"damage":17.0,"enemies":"The Guardian","floor":16.0,"turns":7.0},{"damage":12.0,"enemies":"Spheric Guardian","floor":18.0,"turns":3.0},{"damage":9.0,"enemies":"Chosen","floor":19.0,"turns":3.0},{"damage":32.0,"enemies":"Snecko","floor":20.0,"turns":4.0},{"damage":18.0,"enemies":"Snake Plant","floor":22.0,"turns":3.0},{"damage":29.0,"enemies":"Gremlin Leader","floor":25.0,"turns":3.0},{"damage":9.0,"enemies":"Colosseum Slavers","floor":28.0,"turns":2.0},{"damage":1.0,"enemies":"Colosseum Nobs","floor":28.0,"turns":3.0},{"damage":6.0,"enemies":"Sentry and Sphere","floor":31.0,"turns":3.0},{"damage":52.0,"enemies":"Champ","floor":33.0,"turns":9.0},{"damage":7.0,"enemies":"Orb Walker","floor":35.0,"turns":3.0},{"damage":10.0,"enemies":"Giant Head","floor":40.0,"turns":3.0},{"damage":6.0,"enemies":"Nemesis","floor":42.0,"turns":1.0},{"damage":22.0,"enemies":"3 Shapes","floor":44.0,"turns":2.0},{"damage":8.0,"enemies":"Reptomancer","floor":47.0,"turns":2.0},{"damage":6.0,"enemies":"Spire Growth","floor":48.0,"turns":2.0},{"damage":27.0,"enemies":"Awakened One","floor":50.0,"turns":4.0},{"damage":41,"enemies":"Donu and Deca","floor":51,"turns":5}],"seed_played":"4608265996845387975","potions_obtained":[{"floor":7.0,"key":"SteroidPotion"},{"floor":14.0,"key":"Strength Potion"},{"floor":16.0,"key":"Regen Potion"},{"floor":18.0,"key":"SteroidPotion"},{"floor":22.0,"key":"GamblersBrew"},{"floor":28.0,"key":"EssenceOfSteel"},{"floor":42.0,"key":"PowerPotion"},{"floor":48.0,"key":"Dexterity Potion"}],"is_trial":false,"path_per_floor":["M","?","$","M","?","E","M","$","T","R","E","M","R","M","R","B",null,"M","M","M","?","M","R","$","E","T","R","?","$","R","M","R","B",null,"M","?","$","?","$","E","R","E","T","M","$","R","E","M","R","B","B",null],"character_chosen":"IRONCLAD","items_purchased":["Hemokinesis","Inflame","Flash of Steel","Metallicize","Anchor","Centennial Puzzle","DollysMirror","Uppercut","Sling","Strange Spoon","Dark Shackles","Sword Boomerang"],"campfire_rested":1,"item_purchase_floors":[3,8,24,29,37,37,37,39,39,45,45,45],"current_hp_per_floor":[52,52,52,45,45,14,20,20,20,42,23,25,25,24,24,13,60,54,69,47,47,42,42,42,37,37,37,39,39,39,59,59,26,63,62,62,62,62,62,58,58,58,64,48,48,48,46,46,46,66,81],"gold":58,"neow_bonus":"TRANSFORM_TWO_CARDS","is_prod":false,"is_daily":false,"chose_seed":false,"campfire_upgraded":7,"win_rate":0,"timestamp":1548819602,"path_taken":["M","?","$","?","?","E","M","$","T","R","E","M","R","M","R","BOSS","M","M","M","?","M","R","$","E","T","R","?","?","R","?","R","BOSS","M","?","$","?","$","E","R","E","T","M","$","R","E","M","R","BOSS","BOSS"],"build_version":"2019-01-23","purchased_purges":1,"victory":true,"max_hp_per_floor":[75,75,75,75,75,75,75,75,75,75,75,75,75,75,75,75,75,75,75,75,75,75,75,75,75,75,75,75,75,75,75,75,75,75,75,75,75,75,75,75,75,75,81,81,81,81,81,81,81,81,81],"card_choices":[{"not_picked":["Warcry","Evolve","Body Slam"],"picked":"SKIP","floor":1.0},{"not_picked":["Wild Strike","Sword Boomerang"],"picked":"Anger","floor":4.0},{"not_picked":["Searing Blow","Perfected Strike"],"picked":"Whirlwind","floor":6.0},{"not_picked":["Perfected Strike","Heavy Blade"],"picked":"Shrug It Off","floor":7.0},{"not_picked":["Shrug It Off","Searing Blow"],"picked":"Offering","floor":11.0},{"not_picked":["Iron Wave","Shrug It Off"],"picked":"Armaments","floor":12.0},{"not_picked":["True Grit","Second Wind"],"picked":"Heavy Blade","floor":14.0},{"not_picked":["Berserk","Feed"],"picked":"Reaper","floor":16.0},{"not_picked":["Blood for Blood"],"picked":"SKIP","floor":18.0},{"not_picked":["Warcry"],"picked":"SKIP","floor":19.0},{"not_picked":["Thunderclap"],"picked":"SKIP","floor":20.0},{"not_picked":["Perfected Strike"],"picked":"SKIP","floor":22.0},{"not_picked":["Seeing Red"],"picked":"SKIP","floor":25.0},{"not_picked":["Rage"],"picked":"SKIP","floor":31.0},{"not_picked":[],"picked":"Limit Break","floor":33.0},{"not_picked":[],"picked":"Thunderclap+1","floor":35.0},{"not_picked":["Evolve"],"picked":"SKIP","floor":40.0},{"not_picked":["Clash"],"picked":"SKIP","floor":42.0},{"not_picked":["Carnage"],"picked":"SKIP","floor":44.0},{"not_picked":["Seeing Red"],"picked":"SKIP","floor":47.0},{"not_picked":["Seeing Red"],"picked":"SKIP","floor":47.0},{"not_picked":["Cleave"],"picked":"SKIP","floor":48.0}],"player_experience":540633,"relics_obtained":[{"floor":6.0,"key":"Red Skull"},{"floor":9.0,"key":"Omamori"},{"floor":11.0,"key":"StoneCalendar"},{"floor":25.0,"key":"Peace Pipe"},{"floor":28.0,"key":"Champion Belt"},{"floor":28.0,"key":"Darkstone Periapt"},{"floor":40.0,"key":"Bottled Lightning"},{"floor":42.0,"key":"Whetstone"},{"floor":43.0,"key":"Torii"},{"floor":47.0,"key":"Vajra"}],"event_choices":[{"cards_removed":["Strike_R"],"damage_healed":0.0,"max_hp_gain":0.0,"max_hp_loss":0.0,"gold_gain":0.0,"event_name":"Bonfire Elementals","player_choice":"Offered Basic","floor":2.0,"gold_loss":0.0,"damage_taken":0.0},{"damage_healed":0.0,"max_hp_gain":0.0,"max_hp_loss":0.0,"gold_gain":0.0,"event_name":"Shining Light","player_choice":"Ignored","floor":5.0,"gold_loss":0.0,"damage_taken":0.0},{"cards_removed":["Strike_R"],"damage_healed":0.0,"max_hp_gain":0.0,"max_hp_loss":0.0,"gold_gain":0.0,"event_name":"Beggar","player_choice":"Gave Gold","floor":21.0,"gold_loss":75.0,"damage_taken":0.0},{"damage_healed":0.0,"max_hp_gain":0.0,"max_hp_loss":0.0,"gold_gain":0.0,"event_name":"Colosseum","player_choice":"Fight","floor":28.0,"gold_loss":0.0,"damage_taken":0.0},{"damage_healed":0.0,"max_hp_gain":0.0,"max_hp_loss":0.0,"gold_gain":0.0,"event_name":"Colosseum","player_choice":"Fought Nobs","floor":28.0,"gold_loss":0.0,"damage_taken":0.0},{"damage_healed":0.0,"max_hp_gain":0.0,"max_hp_loss":0.0,"gold_gain":999.0,"event_name":"MindBloom","player_choice":"Gold","floor":36.0,"gold_loss":0.0,"damage_taken":0.0,"cards_obtained":["Normality","Normality"]},{"damage_healed":0.0,"max_hp_gain":0.0,"max_hp_loss":0.0,"gold_gain":0.0,"event_name":"Duplicator","player_choice":"Copied","floor":38.0,"gold_loss":0.0,"damage_taken":0.0,"cards_obtained":["Limit Break"]}],"is_beta":false,"boss_relics":[{"not_picked":["Coffee Dripper","Pandora\u0027s Box"],"picked":"Busted Crown"},{"not_picked":["Lizard Tail","Sozu"],"picked":"Cursed Key"}],"items_purged_floors":[29],"is_endless":false,"potions_floor_spawned":[7,14,16,18,22,28,42,48],"ascension_level":20}