{"gold_per_floor":[210,227,1,19,119,119,145,164,164,164,164,164,199,263,263,340,340,354,404,404,163,78,78,91,91,91,124,124,124,124,124,124,202,202,218,218,218],"floor_reached":37,"playtime":1767,"items_purged":["Defend_B","Storm"],"score":667,"play_id":"ff8dfb13-e112-4cc0-b832-9d66a1b2992a","local_time":"20190125163212","is_ascension_mode":true,"campfire_choices":[{"data":"Echo Form","floor":6,"key":"SMITH"},{"data":"Beam Cell","floor":15,"key":"SMITH"},{"data":"Buffer","floor":23,"key":"SMITH"},{"data":"White Noise","floor":30,"key":"SMITH"},{"floor":32,"key":"REST"}],"neow_cost":"NONE","seed_source_timestamp":534648810597627,"circlet_count":0,"master_deck":["AscendersBane","Zap","Dualcast","Auto Shields+1","Streamline","Echo Form+1","Leap","Beam Cell+1","Buffer+1","Seek","Redo","Echo Form","BootSequence","Undo","White Noise+1","Chill","RitualDagger","All For One","Turbo","BootSequence","Machine Learning","Skim","Madness","Madness"],"relics":["FrozenCore","Juzu Bracelet","Kunai","Dodecahedron","Pantograph","Darkstone Periapt","Gambling Chip","Pandora\u0027s Box","Sundial","Symbiotic Virus","Singing Bowl"],"potions_floor_usage":[7,31,33,37],"damage_taken":[{"damage":0,"enemies":"Cultist","floor":1,"turns":4},{"damage":0,"enemies":"Jaw Worm","floor":2,"turns":3},{"damage":1,"enemies":"Small Slimes","floor":4,"turns":3},{"damage":7,"enemies":"Lagavulin","floor":7,"turns":7},{"damage":3,"enemies":"Blue Slaver","floor":8,"turns":4},{"damage":17,"enemies":"Gremlin Nob","floor":13,"turns":5},{"damage":15,"enemies":"The Guardian","floor":16,"turns":10},{"damage":2,"enemies":"Chosen","floor":18,"turns":5},{"damage":0,"enemies":"Shell Parasite","floor":24,"turns":6},{"damage":26,"enemies":"Book of Stabbing","floor":27,"turns":7},{"damage":17,"enemies":"Colosseum Slavers","floor":31,"turns":5},{"damage":16,"enemies":"Champ","floor":33,"turns":11},{"damage":0,"enemies":"Orb Walker","floor":35,"turns":4},{"damage":63,"enemies":"2 Orb Walkers","floor":37,"turns":5}],"seed_played":"-1187177227781321544","potions_obtained":[{"floor":1,"key":"Block Potion"},{"floor":7,"key":"FearPotion"},{"floor":8,"key":"Dexterity Potion"},{"floor":16,"key":"Strength Potion"},{"floor":24,"key":"Energy Potion"},{"floor":33,"key":"SkillPotion"}],"is_trial":false,"path_per_floor":["M","M","$","M","?","R","E","M","T","?","T","?","E","?","R","B",null,"M","?","?","$","?","R","M","?","T","E","?","?","R","?","R","B",null,"M","?","?"],"character_chosen":"DEFECT","items_purchased":["Juzu Bracelet","All For One"],"campfire_rested":1,"item_purchase_floors":[3,21],"current_hp_per_floor":[68,68,68,67,67,67,60,57,57,54,54,39,22,22,22,32,64,62,62,56,56,56,56,56,56,56,32,32,32,32,15,38,47,70,70,60,0],"gold":218,"neow_bonus":"HUNDRED_GOLD","is_prod":false,"is_daily":false,"chose_seed":false,"campfire_upgraded":4,"win_rate":0,"timestamp":1548430332,"path_taken":["M","?","$","M","?","R","E","M","T","?","?","?","E","?","R","BOSS","M","?","?","$","?","R","M","?","T","E","?","?","R","?","R","BOSS","M","?","?"],"build_version":"2019-01-23","purchased_purges":2,"victory":false,"max_hp_per_floor":[75,75,75,75,75,75,75,75,75,75,75,75,75,75,75,75,75,75,75,75,75,75,75,75,75,75,77,77,77,77,77,77,77,77,77,77,77],"card_choices":[{"not_picked":["Steam","Coolheaded"],"picked":"Auto Shields","floor":1},{"not_picked":["Stack","Leap"],"picked":"Streamline","floor":2},{"not_picked":["Skim","Beam Cell"],"picked":"Echo Form","floor":4},{"not_picked":["Aggregate","Capacitor","Thunder Strike"],"picked":"SKIP","floor":7},{"not_picked":["Steam","Streamline"],"picked":"Leap","floor":8},{"not_picked":["Chaos","Heatsinks"],"picked":"Beam Cell","floor":13},{"not_picked":["Meteor Strike","Fission"],"picked":"Buffer","floor":16},{"not_picked":["Redo","Go for the Eyes"],"picked":"Chill","floor":18},{"not_picked":["Leap","Cold Snap"],"picked":"Turbo","floor":24},{"not_picked":["Rip and Tear","Undo","Chill"],"picked":"Singing Bowl","floor":27},{"not_picked":["Multi-Cast","Echo Form"],"picked":"Machine Learning","floor":33},{"not_picked":["Defragment","Tempest"],"picked":"Skim","floor":35}],"player_experience":632672,"relics_obtained":[{"floor":7,"key":"Kunai"},{"floor":9,"key":"Dodecahedron"},{"floor":11,"key":"Darkstone Periapt"},{"floor":13,"key":"Gambling Chip"},{"floor":26,"key":"Symbiotic Virus"},{"floor":27,"key":"Singing Bowl"}],"event_choices":[{"damage_healed":0,"gold_gain":100,"player_choice":"Pray","damage_taken":0,"max_hp_gain":0,"max_hp_loss":0,"event_name":"Golden Shrine","floor":5,"gold_loss":0},{"damage_healed":0,"gold_gain":0,"player_choice":"Success","damage_taken":3,"relics_obtained":["Pantograph"],"max_hp_gain":0,"max_hp_loss":0,"event_name":"Scrap Ooze","floor":10,"gold_loss":0},{"damage_healed":0,"gold_gain":0,"player_choice":"Entered Light","damage_taken":15,"max_hp_gain":0,"max_hp_loss":0,"event_name":"Shining Light","floor":12,"gold_loss":0,"cards_upgraded":["Defend_B","Auto Shields"]},{"damage_healed":0,"gold_gain":64,"player_choice":"Gained Gold","damage_taken":0,"max_hp_gain":0,"max_hp_loss":0,"event_name":"Golden Wing","floor":14,"gold_loss":0},{"damage_healed":0,"gold_gain":100,"player_choice":"Bet on Murderer","damage_taken":0,"max_hp_gain":0,"max_hp_loss":0,"event_name":"The Joust","floor":19,"gold_loss":50},{"damage_healed":0,"gold_gain":0,"player_choice":"Joined the Cult","damage_taken":6,"max_hp_gain":0,"max_hp_loss":0,"event_name":"Nest","floor":20,"gold_loss":0,"cards_obtained":["RitualDagger"]},{"damage_healed":0,"gold_gain":0,"player_choice":"Obtained Relic","damage_taken":0,"relics_obtained":["Sundial"],"max_hp_gain":0,"max_hp_loss":0,"event_name":"Addict","floor":22,"gold_loss":85},{"damage_healed":0,"gold_gain":0,"player_choice":"Ignored","damage_taken":0,"max_hp_gain":0,"max_hp_loss":0,"event_name":"Cursed Tome","floor":25,"gold_loss":0},{"damage_healed":0,"gold_gain":0,"player_choice":"Copied","damage_taken":0,"max_hp_gain":0,"max_hp_loss":0,"event_name":"Duplicator","floor":28,"gold_loss":0,"cards_obtained":["BootSequence"]},{"damage_healed":0,"gold_gain":0,"player_choice":"Ignored","damage_taken":0,"max_hp_gain":0,"max_hp_loss":0,"event_name":"Ghosts","floor":29,"gold_loss":0},{"damage_healed":0,"gold_gain":0,"player_choice":"Fight","damage_taken":0,"max_hp_gain":0,"max_hp_loss":0,"event_name":"Colosseum","floor":31,"gold_loss":0},{"damage_healed":0,"gold_gain":0,"player_choice":"Fled From Nobs","damage_taken":0,"max_hp_gain":0,"max_hp_loss":0,"event_name":"Colosseum","floor":31,"gold_loss":0},{"damage_healed":0,"gold_gain":0,"player_choice":"Embrace Madness","damage_taken":10,"max_hp_gain":0,"max_hp_loss":0,"event_name":"Winding Halls","floor":36,"gold_loss":0,"cards_obtained":["Madness","Madness"]},{"damage_healed":0,"gold_gain":0,"player_choice":"Fight","damage_taken":0,"max_hp_gain":0,"max_hp_loss":0,"event_name":"Mysterious Sphere","floor":37,"gold_loss":0}],"is_beta":true,"boss_relics":[{"not_picked":["Snecko Eye","Astrolabe"],"picked":"Pandora\u0027s Box"},{"not_picked":["Lizard Tail","Eternal Feather"],"picked":"FrozenCore"}],"items_purged_floors":[3,21],"is_endless":false,"potions_floor_spawned":[1,7,8,16,24,27,31,33],"killed_by":"2 Orb Walkers","ascension_level":13}