{"gold_per_floor":[362,373,337,350,369,369,400,400,452,471,471,268,280,280,280,384,384,399,213,213,228,228,228,241,241,241,241,270,270,270],"floor_reached":30,"playtime":1176,"items_purged":[],"score":248,"play_id":"2def38da-aec5-44f4-bf73-c3e7fd8b2928","local_time":"20190203134159","is_ascension_mode":false,"campfire_choices":[{"data":"Skewer","floor":6,"key":"SMITH"},{"floor":8,"key":"REST"},{"floor":11,"key":"REST"},{"data":"Finisher","floor":15,"key":"SMITH"},{"floor":23,"key":"REST"},{"floor":25,"key":"REST"}],"neow_cost":"CURSE","seed_source_timestamp":265324384174999,"circlet_count":0,"master_deck":["Defend_G","Defend_G","Defend_G","Defend_G","Defend_G","Strike_G","Strike_G","Strike_G","Strike_G","Strike_G","Survivor","Neutralize","Writhe","Heel Hook","Skewer+1","Footwork","All Out Attack","Finisher+1","Corpse Explosion","Dagger Throw","Deadly Poison","Malaise","Flechettes+1","Well Laid Plans","Blur","Deadly Poison+1","Dagger Spray+1"],"relics":["Ring of the Serpent","Ornamental Fan","Vajra","Strange Spoon","Regal Pillow","Molten Egg 2","Oddly Smooth Stone","Incense Burner"],"potions_floor_usage":[5,7,7,28,30],"damage_taken":[{"damage":7,"enemies":"Jaw Worm","floor":1,"turns":6},{"damage":5,"enemies":"2 Louse","floor":2,"turns":3},{"damage":0,"enemies":"Cultist","floor":4,"turns":5},{"damage":12,"enemies":"Looter","floor":5,"turns":3},{"damage":43,"enemies":"Lagavulin","floor":7,"turns":10},{"damage":12,"enemies":"Exordium Wildlife","floor":10,"turns":2},{"damage":7,"enemies":"Large Slime","floor":13,"turns":3},{"damage":38,"enemies":"The Guardian","floor":16,"turns":11},{"damage":11,"enemies":"3 Byrds","floor":18,"turns":4},{"damage":23,"enemies":"Shell Parasite","floor":21,"turns":4},{"damage":40,"enemies":"Snecko","floor":24,"turns":6},{"damage":46,"enemies":"Book of Stabbing","floor":28,"turns":7},{"damage":30,"enemies":"Gremlin Leader","floor":30,"turns":2}],"seed_played":"-6894806234885450690","potions_obtained":[{"floor":1,"key":"Regen Potion"},{"floor":2,"key":"EssenceOfSteel"},{"floor":4,"key":"Regen Potion"},{"floor":21,"key":"GhostInAJar"},{"floor":28,"key":"Regen Potion"}],"is_trial":false,"path_per_floor":["M","M","$","M","M","R","E","R","T","M","R","$","M","$","R","B",null,"M","$","?","M","?","R","M","R","T","?","E","T","E"],"character_chosen":"THE_SILENT","items_purchased":["Footwork","Strange Spoon","Well Laid Plans","Regal Pillow"],"campfire_rested":4,"item_purchase_floors":[3,12,19,19],"current_hp_per_floor":[63,58,58,58,55,55,27,48,48,36,57,57,50,50,50,12,70,59,59,59,36,29,65,25,61,61,61,15,15,0],"gold":270,"neow_bonus":"TWO_FIFTY_GOLD","is_prod":false,"is_daily":false,"chose_seed":false,"campfire_upgraded":2,"win_rate":0.0,"timestamp":1549172519,"path_taken":["M","M","$","M","M","R","E","R","T","M","R","$","M","$","R","BOSS","M","$","?","M","?","R","?","R","T","?","E","?","E"],"build_version":"2019-01-23","purchased_purges":0,"victory":false,"max_hp_per_floor":[70,70,70,70,70,70,70,70,70,70,70,70,70,70,70,70,70,70,70,70,70,70,70,70,70,70,70,70,70,70],"card_choices":[{"not_picked":["Dagger Spray","Deadly Poison"],"picked":"Heel Hook","floor":1},{"not_picked":["Dagger Throw","Poisoned Stab"],"picked":"Skewer","floor":2},{"not_picked":["Poisoned Stab","Accuracy"],"picked":"All Out Attack","floor":4},{"not_picked":["Quick Slash","Prepared"],"picked":"Finisher","floor":5},{"not_picked":["Acrobatics","Outmaneuver"],"picked":"Corpse Explosion","floor":7},{"not_picked":["Slice","Acrobatics"],"picked":"Dagger Throw","floor":10},{"not_picked":["Cloak And Dagger","Reflex"],"picked":"Deadly Poison","floor":13},{"not_picked":["Night Terror","Grand Finale"],"picked":"Malaise","floor":16},{"not_picked":["Bane","Blade Dance"],"picked":"Flechettes+1","floor":18},{"not_picked":["Slice","Blade Dance"],"picked":"Blur","floor":21},{"not_picked":["Acrobatics","Expertise"],"picked":"Deadly Poison+1","floor":24},{"not_picked":["Underhanded Strike+1","Infinite Blades"],"picked":"Dagger Spray+1","floor":28}],"player_experience":168407,"relics_obtained":[{"floor":7,"key":"Ornamental Fan"},{"floor":9,"key":"Vajra"},{"floor":26,"key":"Molten Egg 2"},{"floor":28,"key":"Oddly Smooth Stone"},{"floor":29,"key":"Incense Burner"}],"event_choices":[{"damage_healed":0,"gold_gain":0,"player_choice":"Ignored","damage_taken":0,"max_hp_gain":0,"max_hp_loss":0,"event_name":"Vampires","floor":20,"gold_loss":0},{"damage_healed":0,"gold_gain":0,"player_choice":"Damaged","damage_taken":7,"max_hp_gain":0,"max_hp_loss":0,"event_name":"Wheel of Change","floor":22,"gold_loss":0},{"damage_healed":0,"gold_gain":0,"player_choice":"Ignored","damage_taken":0,"max_hp_gain":0,"max_hp_loss":0,"event_name":"Ghosts","floor":27,"gold_loss":0}],"is_beta":false,"boss_relics":[{"not_picked":["Tiny House","Empty Cage"],"picked":"Ring of the Serpent"}],"items_purged_floors":[],"is_endless":false,"potions_floor_spawned":[1,2,4,21,28],"killed_by":"Gremlin Leader","ascension_level":0}