{"gold_per_floor":[109,109,128,142,162,162,194,194,194,194,209,221,396,410,410,410],"floor_reached":16,"playtime":1173,"items_purged":[],"score":104,"play_id":"7962515b-65d4-4c99-a86f-080555de5543","local_time":"20190110141129","is_ascension_mode":false,"campfire_choices":[{"floor":6,"key":"REST"},{"data":"Envenom","floor":8,"key":"SMITH"},{"data":"Poisoned Stab","floor":10,"key":"SMITH"},{"data":"Burst","floor":15,"key":"SMITH"}],"neow_cost":"NONE","seed_source_timestamp":9596396988816,"circlet_count":0,"master_deck":["Defend_G","Defend_G","Defend_G","Defend_G","Defend_G","Strike_G","Strike_G","Strike_G+1","Strike_G","Survivor","Neutralize+1","Envenom+1","Poisoned Stab+1","PiercingWail","Deflect","Prepared","Burst+1","Doubt"],"relics":["Ring of the Snake","Juzu Bracelet","Strawberry"],"potions_floor_usage":[7,7],"damage_taken":[{"damage":3,"enemies":"2 Louse","floor":1,"turns":4},{"damage":2,"enemies":"Small Slimes","floor":3,"turns":4},{"damage":1,"enemies":"Jaw Worm","floor":4,"turns":3},{"damage":2,"enemies":"Blue Slaver","floor":5,"turns":5},{"damage":10,"enemies":"Gremlin Nob","floor":7,"turns":4},{"damage":3,"enemies":"Lots of Slimes","floor":11,"turns":5},{"damage":0,"enemies":"Exordium Thugs","floor":12,"turns":6},{"damage":5,"enemies":"Large Slime","floor":14,"turns":9},{"damage":71,"enemies":"Slime Boss","floor":16,"turns":18}],"seed_played":"2863832216284018095","potions_obtained":[{"floor":3,"key":"Dexterity Potion"},{"floor":5,"key":"Dexterity Potion"},{"floor":7,"key":"Energy Potion"},{"floor":12,"key":"Energy Potion"}],"is_trial":false,"path_per_floor":["M","?","M","M","M","R","E","R","T","R","M","M","?","M","R","B"],"character_chosen":"THE_SILENT","items_purchased":[],"campfire_rested":1,"item_purchase_floors":[],"current_hp_per_floor":[67,53,51,50,48,69,59,59,66,66,63,63,63,58,58,0],"gold":410,"neow_bonus":"TRANSFORM_CARD","is_prod":false,"is_daily":false,"chose_seed":false,"campfire_upgraded":3,"win_rate":0.0,"timestamp":1547147489,"path_taken":["M","?","M","M","M","R","E","R","T","R","M","M","?","M","R","BOSS"],"build_version":"2019-01-03v4","purchased_purges":0,"victory":false,"max_hp_per_floor":[70,70,70,70,70,70,70,70,77,77,77,77,77,77,77,77],"card_choices":[{"not_picked":["Dodge and Roll","Dagger Spray","Dagger Throw"],"picked":"SKIP","floor":1},{"not_picked":["Quick Slash","Flechettes"],"picked":"Poisoned Stab","floor":3},{"not_picked":["Bane","Quick Slash"],"picked":"PiercingWail","floor":4},{"not_picked":["Reflex","Calculated Gamble"],"picked":"Deflect","floor":5},{"not_picked":["Dash","Predator","Poisoned Stab"],"picked":"SKIP","floor":7},{"not_picked":["Bane","Acrobatics"],"picked":"Prepared","floor":11},{"not_picked":["Flechettes","Finisher"],"picked":"Burst","floor":12},{"not_picked":["Well Laid Plans","Expertise","Blade Dance"],"picked":"SKIP","floor":14}],"player_experience":37087,"relics_obtained":[{"floor":7,"key":"Juzu Bracelet"},{"floor":9,"key":"Strawberry"}],"event_choices":[{"damage_healed":0,"gold_gain":0,"player_choice":"Entered Light","damage_taken":14,"max_hp_gain":0,"max_hp_loss":0,"event_name":"Shining Light","floor":2,"gold_loss":0,"cards_upgraded":["Strike_G","Neutralize"]},{"damage_healed":0,"gold_gain":175,"player_choice":"AGREE","damage_taken":0,"max_hp_gain":0,"max_hp_loss":0,"event_name":"Liars Game","floor":13,"gold_loss":0,"cards_obtained":["Doubt"]}],"is_beta":false,"boss_relics":[],"items_purged_floors":[],"is_endless":false,"potions_floor_spawned":[3,5,7,12],"killed_by":"Slime Boss","ascension_level":0}