{"gold_per_floor":[110,110,126,38,56,56,87,34,116,151,151,185,205,217,217,296,296,311,236,247,9,29,62,62,62,62,62,62],"floor_reached":28,"playtime":1252,"items_purged":[],"score":512,"play_id":"bb82b5e2-602f-481e-aeca-e1270ab2bf58","local_time":"20190205173942","is_ascension_mode":true,"campfire_choices":[{"data":"Dagger Spray","floor":6.0,"key":"SMITH"},{"floor":15.0,"key":"REST"},{"data":"Footwork","floor":25.0,"key":"SMITH"},{"floor":27.0,"key":"REST"}],"neow_cost":"NONE","seed_source_timestamp":1999813456000,"circlet_count":0,"master_deck":["AscendersBane","Defend_G","Defend_G","Defend_G","Defend_G","Defend_G","Strike_G","Strike_G","Strike_G","Strike_G","Survivor","Neutralize+1","Dagger Spray+1","Well Laid Plans","Footwork+1","Footwork+1","Neutralize","Corpse Explosion","PiercingWail","Bouncing Flask","Envenom","Bane","Sadistic Nature"],"special_seed":0,"relics":["Ring of the Snake","Bag of Preparation","Dodecahedron","Bag of Marbles","Potion Belt","Velvet Choker","The Courier","Strawberry"],"potions_floor_usage":[28],"damage_taken":[{"damage":0.0,"enemies":"Small Slimes","floor":1.0,"turns":4.0},{"damage":0.0,"enemies":"Cultist","floor":3.0,"turns":4.0},{"damage":3.0,"enemies":"Jaw Worm","floor":5.0,"turns":5.0},{"damage":13.0,"enemies":"3 Sentries","floor":7.0,"turns":8.0},{"damage":24.0,"enemies":"Gremlin Nob","floor":10.0,"turns":4.0},{"damage":22.0,"enemies":"3 Sentries","floor":12.0,"turns":4.0},{"damage":4.0,"enemies":"3 Louse","floor":13.0,"turns":3.0},{"damage":8.0,"enemies":"Exordium Thugs","floor":14.0,"turns":4.0},{"damage":21.0,"enemies":"The Guardian","floor":16.0,"turns":13.0},{"damage":9.0,"enemies":"Chosen","floor":18.0,"turns":5.0},{"damage":1.0,"enemies":"Spheric Guardian","floor":20.0,"turns":4.0},{"damage":13.0,"enemies":"Snake Plant","floor":22.0,"turns":4.0},{"damage":15.0,"enemies":"Slavers","floor":23.0,"turns":2.0},{"damage":69,"enemies":"Gremlin Leader","floor":28,"turns":6}],"seed_played":"-5230672625787735008","potions_obtained":[{"floor":5.0,"key":"Regen Potion"},{"floor":10.0,"key":"Weak Potion"},{"floor":12.0,"key":"Weak Potion"},{"floor":13.0,"key":"FairyPotion"},{"floor":14.0,"key":"Strength Potion"},{"floor":20.0,"key":"Ancient Potion"},{"floor":22.0,"key":"Block Potion"}],"is_trial":false,"path_per_floor":["M","?","M","$","M","R","E","$","T","E","?","E","M","M","R","B",null,"M","?","M","$","M","E","?","R","T","R","E"],"character_chosen":"THE_SILENT","items_purchased":["Well Laid Plans","Fire Potion","Sadistic Nature","Dexterity Potion"],"campfire_rested":2,"item_purchase_floors":[4,8,21,21],"current_hp_per_floor":[59,64,64,64,61,61,63,63,63,39,39,17,13,5,26,5,55,46,46,45,45,32,17,17,17,24,47,0],"gold":62,"neow_bonus":"UPGRADE_CARD","is_prod":false,"is_daily":false,"chose_seed":false,"campfire_upgraded":2,"win_rate":0,"timestamp":1549381182,"path_taken":["M","?","M","$","M","R","E","$","T","E","?","E","?","M","R","BOSS","M","?","M","$","M","E","?","R","T","R","E"],"build_version":"2019-01-23","purchased_purges":0,"victory":false,"max_hp_per_floor":[66,71,71,71,71,71,71,71,71,71,71,71,71,71,71,71,71,71,71,71,71,71,71,71,71,78,78,78],"card_choices":[{"not_picked":["Prepared","Sucker Punch","Dodge and Roll"],"picked":"SKIP","floor":1.0},{"not_picked":["Blade Dance","Cloak And Dagger"],"picked":"Dagger Spray","floor":3.0},{"not_picked":["Prepared","Backflip"],"picked":"Footwork","floor":5.0},{"not_picked":["Doppelganger","Blade Dance","Cloak And Dagger"],"picked":"SKIP","floor":7.0},{"not_picked":["Backstab","Setup"],"picked":"Footwork","floor":10.0},{"not_picked":["Acrobatics","Flying Knee","Poisoned Stab"],"picked":"SKIP","floor":12.0},{"not_picked":["Tactician","Cloak And Dagger"],"picked":"PiercingWail","floor":13.0},{"not_picked":["Sucker Punch","Dodge and Roll"],"picked":"Bouncing Flask","floor":14.0},{"not_picked":["Phantasmal Killer","After Image"],"picked":"Envenom","floor":16.0},{"not_picked":["Deadly Poison","Cloak And Dagger"],"picked":"Bane","floor":18.0},{"not_picked":["Reflex+1","Heel Hook","Tactician"],"picked":"SKIP","floor":20.0},{"not_picked":["Dagger Throw","Prepared","Slice"],"picked":"SKIP","floor":22.0},{"not_picked":["Venomology","Skewer","Sucker Punch"],"picked":"SKIP","floor":23.0}],"player_experience":621036,"relics_obtained":[{"floor":7.0,"key":"Bag of Preparation"},{"floor":9.0,"key":"Dodecahedron"},{"floor":10.0,"key":"Bag of Marbles"},{"floor":12.0,"key":"Potion Belt"},{"floor":23.0,"key":"The Courier"},{"floor":26.0,"key":"Strawberry"}],"event_choices":[{"damage_healed":0.0,"max_hp_gain":5.0,"max_hp_loss":0.0,"gold_gain":0.0,"event_name":"Big Fish","player_choice":"Donut","floor":2.0,"gold_loss":0.0,"damage_taken":0.0},{"damage_healed":0.0,"max_hp_gain":0.0,"max_hp_loss":0.0,"gold_gain":0.0,"event_name":"Match and Keep!","player_choice":"2 cards matched","floor":11.0,"gold_loss":0.0,"damage_taken":0.0,"cards_obtained":["Neutralize","Corpse Explosion"]},{"damage_healed":0.0,"max_hp_gain":0.0,"max_hp_loss":0.0,"gold_gain":0.0,"event_name":"Match and Keep!","player_choice":"2 cards matched","floor":11.0,"gold_loss":0.0,"damage_taken":0.0,"cards_obtained":["Neutralize","Corpse Explosion"]},{"cards_removed":["Strike_G"],"damage_healed":0.0,"max_hp_gain":0.0,"max_hp_loss":0.0,"gold_gain":0.0,"event_name":"Beggar","player_choice":"Gave Gold","floor":19.0,"gold_loss":75.0,"damage_taken":0.0},{"damage_healed":0.0,"max_hp_gain":0.0,"max_hp_loss":0.0,"gold_gain":0.0,"event_name":"Accursed Blacksmith","player_choice":"Forge","floor":24.0,"gold_loss":0.0,"damage_taken":0.0,"cards_upgraded":["Footwork"]}],"is_beta":false,"boss_relics":[{"not_picked":["Snecko Eye","Calling Bell"],"picked":"Velvet Choker"}],"items_purged_floors":[],"is_endless":false,"potions_floor_spawned":[5,10,12,13,14,20,22],"killed_by":"Gremlin Leader","ascension_level":20}