{"gold_per_floor":[117,117,117,140,156,156,190,190,190,190,226,241,277,352,352,481,481,495,157,177,195,215,215,256,256,335,355,393,393,443,456,456,587,587,612,189,214,227,243,243,276,339,339,339,339,339,370,383,383,383],"floor_reached":51,"playtime":2020,"items_purged":["Injury","Strike_R"],"score":1209,"play_id":"29cd098c-25f9-4f08-9580-c90ddd9002ec","local_time":"20190131002510","is_ascension_mode":true,"campfire_choices":[{"data":"Immolate","floor":6,"key":"SMITH"},{"data":"Clothesline","floor":8,"key":"SMITH"},{"data":"Bash","floor":10,"key":"SMITH"},{"floor":15,"key":"REST"},{"data":"Metallicize","floor":23,"key":"SMITH"},{"data":"Juggernaut","floor":25,"key":"SMITH"},{"data":"Metallicize","floor":29,"key":"SMITH"},{"data":"Shockwave","floor":32,"key":"SMITH"},{"data":"Spot Weakness","floor":40,"key":"SMITH"},{"floor":44,"key":"REST"},{"floor":46,"key":"REST"},{"floor":49,"key":"REST"}],"neow_cost":"TEN_PERCENT_HP_LOSS","seed_source_timestamp":36596119569533,"circlet_count":0,"master_deck":["Strike_R","Strike_R","Strike_R","Strike_R","Defend_R","Defend_R","Defend_R","Defend_R","Bash+1","Immolate+1","Clothesline+1","Iron Wave","Bloodletting","Juggernaut+1","Power Through","Shrug It Off","Metallicize+1","Heavy Blade+1","Metallicize+1","Metallicize+1","Shockwave+1","Spot Weakness+1","Disarm","Blood for Blood","Metallicize+1","Impervious","Battle Trance"],"relics":["Burning Blood","Golden Idol","Bird Faced Urn","Bottled Flame","Pear","Red Skull","Snecko Eye","PreservedInsect","Lantern","Tiny Chest","StoneCalendar","Sozu","Bottled Tornado","Gremlin Horn","Girya","Shuriken","Pocketwatch"],"potions_floor_usage":[16,16,33,42,42],"damage_taken":[{"damage":0,"enemies":"2 Louse","floor":1,"turns":1},{"damage":7,"enemies":"Jaw Worm","floor":4,"turns":4},{"damage":0,"enemies":"Small Slimes","floor":5,"turns":2},{"damage":15,"enemies":"3 Sentries","floor":7,"turns":5},{"damage":24,"enemies":"Gremlin Nob","floor":11,"turns":4},{"damage":0,"enemies":"3 Louse","floor":12,"turns":1},{"damage":25,"enemies":"3 Sentries","floor":13,"turns":8},{"damage":58,"enemies":"Slime Boss","floor":16,"turns":13},{"damage":23,"enemies":"Shell Parasite","floor":18,"turns":5},{"damage":0,"enemies":"Chosen","floor":20,"turns":4},{"damage":9,"enemies":"Shelled Parasite and Fungi","floor":21,"turns":4},{"damage":0,"enemies":"Centurion and Healer","floor":22,"turns":4},{"damage":0,"enemies":"Slavers","floor":24,"turns":3},{"damage":8,"enemies":"Snecko","floor":27,"turns":6},{"damage":8,"enemies":"Gremlin Leader","floor":28,"turns":4},{"damage":15,"enemies":"Shelled Parasite and Fungi","floor":31,"turns":2},{"damage":70,"enemies":"Champ","floor":33,"turns":13},{"damage":7,"enemies":"3 Shapes","floor":35,"turns":2},{"damage":0,"enemies":"Orb Walker","floor":37,"turns":3},{"damage":13,"enemies":"4 Shapes","floor":38,"turns":3},{"damage":7,"enemies":"Spire Growth","floor":39,"turns":5},{"damage":34,"enemies":"Nemesis","floor":41,"turns":3},{"damage":64,"enemies":"2 Orb Walkers","floor":42,"turns":7},{"damage":33,"enemies":"Giant Head","floor":47,"turns":7},{"damage":17,"enemies":"Sphere and 2 Shapes","floor":48,"turns":4},{"damage":32,"enemies":"Time Eater","floor":50,"turns":7}],"seed_played":"6529906908186117022","potions_obtained":[{"floor":4,"key":"Explosive Potion"},{"floor":5,"key":"BloodPotion"},{"floor":7,"key":"BloodPotion"},{"floor":21,"key":"BloodPotion"},{"floor":24,"key":"Swift Potion"}],"is_trial":false,"path_per_floor":["M","?","?","M","M","R","E","R","T","R","E","M","E","?","R","B",null,"M","$","M","M","M","R","E","R","T","M","E","R","?","M","R","B",null,"M","$","M","M","M","R","E","?","T","R","?","R","E","M","R","B",null],"character_chosen":"IRONCLAD","items_purchased":["PreservedInsect","Shrug It Off","Metallicize","Bottled Tornado","Spot Weakness"],"campfire_rested":4,"item_purchase_floors":[19,19,19,36,36],"current_hp_per_floor":[72,72,72,71,72,72,63,63,63,63,55,61,42,31,55,11,64,49,49,59,60,70,70,80,80,80,82,82,82,82,73,73,17,66,67,67,81,78,82,82,56,20,20,44,44,68,49,40,64,46],"gold":383,"neow_bonus":"THREE_RARE_CARDS","is_prod":false,"is_daily":false,"chose_seed":false,"campfire_upgraded":8,"win_rate":0,"timestamp":1548912310,"path_taken":["M","?","?","M","M","R","E","R","T","R","E","M","E","?","R","BOSS","M","$","M","M","M","R","E","R","T","M","E","R","?","M","R","BOSS","M","$","?","M","M","R","E","?","T","R","?","R","E","?","R","BOSS"],"build_version":"2019-01-23","purchased_purges":2,"victory":true,"max_hp_per_floor":[72,72,72,72,72,72,72,72,72,72,82,82,82,82,82,82,82,82,82,82,82,82,82,82,82,82,82,82,82,82,82,82,82,82,82,82,82,82,82,82,82,82,82,82,82,82,82,82,82,82],"card_choices":[{"not_picked":["Double Tap","Brutality"],"picked":"Immolate","floor":0},{"not_picked":["Heavy Blade","Power Through","Sentinel"],"picked":"SKIP","floor":1},{"not_picked":["Havoc","Blood for Blood"],"picked":"Clothesline","floor":4},{"not_picked":["Sword Boomerang","Body Slam","Cleave"],"picked":"SKIP","floor":5},{"not_picked":["Sword Boomerang","Headbutt","Havoc"],"picked":"SKIP","floor":7},{"not_picked":["Thunderclap","Wild Strike"],"picked":"Iron Wave","floor":11},{"not_picked":["Sentinel","Warcry"],"picked":"Bloodletting","floor":12},{"not_picked":["True Grit","Cleave","Clothesline"],"picked":"SKIP","floor":13},{"not_picked":["True Grit","Cleave","Clothesline"],"picked":"SKIP","floor":13},{"not_picked":["Berserk","Limit Break"],"picked":"Juggernaut","floor":16},{"not_picked":["Headbutt","Sword Boomerang"],"picked":"Power Through","floor":18},{"not_picked":["Headbutt","Dual Wield","Sword Boomerang+1"],"picked":"SKIP","floor":20},{"not_picked":["Cleave+1","Armaments"],"picked":"Heavy Blade+1","floor":21},{"not_picked":["Heavy Blade","Perfected Strike","Sword Boomerang"],"picked":"SKIP","floor":22},{"not_picked":["Pommel Strike","Burning Pact+1"],"picked":"Metallicize+1","floor":24},{"not_picked":["Shrug It Off","Warcry+1","Thunderclap+1"],"picked":"SKIP","floor":27},{"not_picked":["Pummel","Infernal Blade"],"picked":"Metallicize","floor":28},{"not_picked":["Shrug It Off+1","Brutality"],"picked":"Shockwave","floor":31},{"not_picked":["Clash","Iron Wave","Pommel Strike+1"],"picked":"SKIP","floor":35},{"not_picked":["True Grit","Ghostly Armor"],"picked":"Disarm","floor":37},{"not_picked":["Second Wind+1","Rampage+1"],"picked":"Blood for Blood","floor":38},{"not_picked":["Combust","Shrug It Off+1","Cleave"],"picked":"SKIP","floor":39},{"not_picked":["Perfected Strike","Pommel Strike","Sword Boomerang"],"picked":"SKIP","floor":41},{"not_picked":["Fire Breathing+1","Pommel Strike"],"picked":"Impervious","floor":47},{"not_picked":["Twin Strike+1","Pommel Strike"],"picked":"Battle Trance","floor":48}],"player_experience":182873,"relics_obtained":[{"floor":7,"key":"Bird Faced Urn"},{"floor":9,"key":"Bottled Flame"},{"floor":11,"key":"Pear"},{"floor":13,"key":"Red Skull"},{"floor":24,"key":"Lantern"},{"floor":26,"key":"Tiny Chest"},{"floor":28,"key":"StoneCalendar"},{"floor":41,"key":"Gremlin Horn"},{"floor":42,"key":"Girya"},{"floor":43,"key":"Shuriken"},{"floor":47,"key":"Pocketwatch"}],"event_choices":[{"damage_healed":0,"gold_gain":0,"player_choice":"Ignored","damage_taken":0,"max_hp_gain":0,"max_hp_loss":0,"event_name":"Shining Light","floor":2,"gold_loss":0},{"damage_healed":0,"gold_gain":0,"player_choice":"Take Wound","damage_taken":0,"relics_obtained":["Golden Idol"],"max_hp_gain":0,"max_hp_loss":0,"event_name":"Golden Idol","floor":3,"gold_loss":0,"cards_obtained":["Injury"]},{"damage_healed":0,"gold_gain":75,"player_choice":"Gather Gold","damage_taken":11,"max_hp_gain":0,"max_hp_loss":0,"event_name":"World of Goop","floor":14,"gold_loss":0},{"damage_healed":0,"gold_gain":100,"player_choice":"Bet on Murderer","damage_taken":0,"max_hp_gain":0,"max_hp_loss":0,"event_name":"The Joust","floor":30,"gold_loss":50},{"damage_healed":0,"gold_gain":0,"player_choice":"Fight","damage_taken":0,"max_hp_gain":0,"max_hp_loss":0,"event_name":"Mysterious Sphere","floor":42,"gold_loss":0},{"damage_healed":0,"gold_gain":0,"player_choice":"Copied","damage_taken":0,"max_hp_gain":0,"max_hp_loss":0,"event_name":"Duplicator","floor":45,"gold_loss":0,"cards_obtained":["Metallicize"]}],"is_beta":false,"boss_relics":[{"not_picked":["Black Blood","White Beast Statue"],"picked":"Snecko Eye"},{"not_picked":["Philosopher\u0027s Stone","Mark of Pain"],"picked":"Sozu"}],"items_purged_floors":[19,36],"is_endless":false,"potions_floor_spawned":[4,5,7,12,13,21,24,31,37,39,41,48],"ascension_level":9}