{"gold_per_floor":[118,134,146,157,157,157,82,82,109,128,25,25,60,60,60,131,131,147,147,158,175,18,18,43,43,43,43,61,61,61,61,61,135,135,154,169,186,186,205,205,223,223,223,239,258,258,40,57,57,57,57],"floor_reached":52,"playtime":2441,"items_purged":["Strike_R","Strike_R"],"score":1948,"play_id":"93f4138e-f096-49d3-b12a-3e38ac1211e5","local_time":"20190206023655","is_ascension_mode":true,"campfire_choices":[{"data":"Juggernaut","floor":6,"key":"SMITH"},{"data":"Power Through","floor":8,"key":"SMITH"},{"data":"Bash","floor":15,"key":"SMITH"},{"floor":23,"key":"REST"},{"floor":25,"key":"REST"},{"data":"Barricade","floor":27,"key":"SMITH"},{"floor":32,"key":"REST"},{"floor":40,"key":"REST"},{"floor":42,"key":"REST"},{"floor":46,"key":"REST"},{"floor":49,"key":"REST"}],"neow_cost":"NONE","seed_source_timestamp":1685181328241387,"circlet_count":0,"master_deck":["AscendersBane","Defend_R","Defend_R","Defend_R","Defend_R","Bash+1","Juggernaut+1","Power Through+1","Body Slam+1","Battle Trance","Barricade+1","Second Wind","Shockwave+1","Second Wind","Impervious","Offering","Entrench","Feel No Pain","True Grit","Ghostly Armor+1","Shrug It Off","Entrench+1","Entrench"],"relics":["Burning Blood","NeowsBlessing","Bottled Flame","PreservedInsect","Vajra","Velvet Choker","Ancient Tea Set","Happy Flower","Fusion Hammer","Ornamental Fan","Bronze Scales"],"potions_floor_usage":[10,16,18,20,24,33,37,39,48,51,51],"damage_taken":[{"damage":0,"enemies":"Cultist","floor":1,"turns":1},{"damage":0,"enemies":"2 Louse","floor":2,"turns":1},{"damage":0,"enemies":"Jaw Worm","floor":3,"turns":1},{"damage":10,"enemies":"2 Fungi Beasts","floor":4,"turns":6},{"damage":4,"enemies":"Large Slime","floor":10,"turns":5},{"damage":35,"enemies":"3 Sentries","floor":13,"turns":8},{"damage":38,"enemies":"Hexaghost","floor":16,"turns":9},{"damage":9,"enemies":"Spheric Guardian","floor":18,"turns":4},{"damage":0,"enemies":"Chosen","floor":20,"turns":5},{"damage":25,"enemies":"3 Cultists","floor":21,"turns":7},{"damage":53,"enemies":"Book of Stabbing","floor":24,"turns":7},{"damage":18,"enemies":"Shelled Parasite and Fungi","floor":28,"turns":5},{"damage":0,"enemies":"Automaton","floor":33,"turns":9},{"damage":6,"enemies":"3 Darklings","floor":35,"turns":6},{"damage":6,"enemies":"3 Shapes","floor":36,"turns":4},{"damage":52,"enemies":"3 Darklings","floor":37,"turns":9},{"damage":6,"enemies":"Sphere and 2 Shapes","floor":39,"turns":3},{"damage":31,"enemies":"Jaw Worm Horde","floor":41,"turns":5},{"damage":0,"enemies":"Maw","floor":44,"turns":6},{"damage":6,"enemies":"Writhing Mass","floor":45,"turns":4},{"damage":0,"enemies":"4 Shapes","floor":48,"turns":5},{"damage":19,"enemies":"Time Eater","floor":50,"turns":10},{"damage":6,"enemies":"Awakened One","floor":51,"turns":8}],"seed_played":"-1046048545938660862","potions_obtained":[{"floor":1,"key":"BloodPotion"},{"floor":3,"key":"Block Potion"},{"floor":4,"key":"Dexterity Potion"},{"floor":16,"key":"SpeedPotion"},{"floor":18,"key":"BloodPotion"},{"floor":28,"key":"BloodPotion"},{"floor":36,"key":"BloodPotion"},{"floor":37,"key":"SkillPotion"},{"floor":41,"key":"GamblersBrew"},{"floor":48,"key":"Energy Potion"}],"is_trial":false,"path_per_floor":["M","M","M","M","T","R","?","R","T","M","$","?","E","?","R","B",null,"M","?","M","M","$","R","E","R","T","R","M","?","?","?","R","B",null,"M","M","M","?","M","R","M","R","T","M","M","R","$","M","R","B","B",null],"character_chosen":"IRONCLAD","items_purchased":["Body Slam","SpeedPotion","Bronze Scales","Block Potion"],"campfire_rested":7,"item_purchase_floors":[11,22,47,47],"current_hp_per_floor":[74,75,75,71,71,71,71,71,71,73,73,73,44,49,49,17,64,61,61,75,56,56,80,33,57,57,57,45,45,45,45,69,80,80,80,80,42,42,42,66,41,65,65,71,71,80,80,80,80,67,67],"gold":57,"neow_bonus":"THREE_ENEMY_KILL","is_prod":false,"is_daily":false,"chose_seed":false,"campfire_upgraded":4,"win_rate":0,"timestamp":1549417015,"path_taken":["M","M","M","M","?","R","?","R","T","M","?","?","E","?","R","BOSS","M","?","M","M","$","R","E","R","T","R","M","?","?","?","R","BOSS","M","?","?","?","?","R","M","R","T","M","M","R","$","M","R","BOSS","BOSS"],"build_version":"2019-01-23","purchased_purges":2,"victory":true,"max_hp_per_floor":[75,75,75,75,75,75,75,75,75,75,75,75,75,80,80,80,80,80,80,80,80,80,80,80,80,80,80,80,80,80,80,80,80,80,80,80,80,80,80,80,80,80,80,80,80,80,80,80,80,80,80],"card_choices":[{"not_picked":["Reckless Charge","Second Wind","Wild Strike"],"picked":"SKIP","floor":1},{"not_picked":["Rupture","Clothesline","Flex"],"picked":"SKIP","floor":2},{"not_picked":["Sword Boomerang","Pommel Strike"],"picked":"Juggernaut","floor":3},{"not_picked":["Fire Breathing","Clothesline"],"picked":"Power Through","floor":4},{"not_picked":["Bloodletting","Heavy Blade","Warcry"],"picked":"SKIP","floor":10},{"not_picked":["Bloodletting","Heavy Blade","Warcry"],"picked":"SKIP","floor":10},{"not_picked":["Wild Strike","Corruption"],"picked":"Battle Trance","floor":13},{"not_picked":["Fiend Fire","Demon Form"],"picked":"Barricade","floor":16},{"not_picked":["Wild Strike","Blood for Blood"],"picked":"Second Wind","floor":18},{"not_picked":["Searing Blow","Spot Weakness","Inflame"],"picked":"SKIP","floor":20},{"not_picked":["Cleave","Sword Boomerang"],"picked":"Shockwave+1","floor":21},{"not_picked":["Dual Wield","Clothesline","Clash"],"picked":"SKIP","floor":24},{"not_picked":["Heavy Blade","Shockwave","Wild Strike"],"picked":"SKIP","floor":28},{"not_picked":["Limit Break","Feed"],"picked":"Offering","floor":33},{"not_picked":["Thunderclap","Havoc","Clothesline"],"picked":"SKIP","floor":35},{"not_picked":["Rupture","Wild Strike"],"picked":"Entrench","floor":36},{"not_picked":["Body Slam","Perfected Strike"],"picked":"Feel No Pain","floor":37},{"not_picked":["Spot Weakness","Combust"],"picked":"Ghostly Armor+1","floor":39},{"not_picked":["Sword Boomerang","Wild Strike"],"picked":"Shrug It Off","floor":41},{"not_picked":["Offering","Anger+1"],"picked":"Entrench+1","floor":44},{"not_picked":["Intimidate","Iron Wave"],"picked":"Entrench","floor":45},{"not_picked":["Thunderclap","Cleave","Warcry+1"],"picked":"SKIP","floor":48}],"player_experience":775482,"relics_obtained":[{"floor":5,"key":"Bottled Flame"},{"floor":9,"key":"PreservedInsect"},{"floor":13,"key":"Vajra"},{"floor":24,"key":"Ancient Tea Set"},{"floor":26,"key":"Happy Flower"},{"floor":43,"key":"Ornamental Fan"}],"event_choices":[{"cards_removed":["Strike_R"],"damage_healed":0,"gold_gain":0,"player_choice":"Card Removal","damage_taken":0,"max_hp_gain":0,"max_hp_loss":0,"event_name":"The Cleric","floor":7,"gold_loss":75},{"damage_healed":0,"gold_gain":0,"player_choice":"Grow","damage_taken":0,"max_hp_gain":0,"max_hp_loss":0,"event_name":"Living Wall","floor":12,"gold_loss":0,"cards_upgraded":["Body Slam"]},{"damage_healed":0,"gold_gain":0,"player_choice":"Donut","damage_taken":0,"max_hp_gain":5,"max_hp_loss":0,"event_name":"Big Fish","floor":14,"gold_loss":0},{"damage_healed":0,"gold_gain":0,"player_choice":"Ignored","damage_taken":0,"max_hp_gain":0,"max_hp_loss":0,"event_name":"The Mausoleum","floor":19,"gold_loss":0},{"damage_healed":0,"gold_gain":0,"cards_transformed":["Strike_R","Strike_R"],"player_choice":"Became Test Subject","damage_taken":0,"max_hp_gain":0,"max_hp_loss":0,"event_name":"Drug Dealer","floor":29,"gold_loss":0,"cards_obtained":["Clothesline","Second Wind"]},{"damage_healed":0,"gold_gain":0,"player_choice":"Read","damage_taken":0,"max_hp_gain":0,"max_hp_loss":0,"event_name":"The Library","floor":30,"gold_loss":0,"cards_obtained":["Impervious"]},{"damage_healed":0,"gold_gain":0,"player_choice":"0 cards matched","damage_taken":0,"max_hp_gain":0,"max_hp_loss":0,"event_name":"Match and Keep!","floor":31,"gold_loss":0,"cards_obtained":[]},{"damage_healed":0,"gold_gain":0,"cards_transformed":["Clothesline"],"player_choice":"Transformed","damage_taken":0,"max_hp_gain":0,"max_hp_loss":0,"event_name":"Transmorgrifier","floor":38,"gold_loss":0,"cards_obtained":["True Grit"]}],"is_beta":true,"boss_relics":[{"not_picked":["Lizard Tail","Tiny House"],"picked":"Velvet Choker"},{"not_picked":["Astrolabe","Pandora\u0027s Box"],"picked":"Fusion Hammer"}],"items_purged_floors":[11,22],"is_endless":false,"potions_floor_spawned":[1,3,4,16,18,28,36,37,41,48],"ascension_level":20}