{"gold_per_floor":[217,217,237,36,54,88,88,238,238,238,248,248,248],"floor_reached":13,"playtime":293,"items_purged":[],"score":166,"play_id":"893b0c0f-8ec9-462b-84f1-765fc20b2658","local_time":"20190205191254","is_ascension_mode":true,"campfire_choices":[{"data":"Deadly Poison","floor":7,"key":"SMITH"},{"floor":12,"key":"REST"}],"neow_cost":"NONE","seed_source_timestamp":8575778768599,"circlet_count":0,"master_deck":["AscendersBane","Defend_G","Defend_G","Defend_G","Defend_G","Defend_G","Strike_G","Strike_G","Strike_G","Strike_G","Strike_G","Survivor","Neutralize","Poisoned Stab","Deadly Poison+1","Well Laid Plans","Crippling Poison"],"relics":["Ring of the Snake","Bird Faced Urn","Bronze Scales","Pen Nib","Bottled Lightning"],"potions_floor_usage":[6,6],"damage_taken":[{"damage":11,"enemies":"Jaw Worm","floor":1,"turns":6},{"damage":12,"enemies":"Cultist","floor":3,"turns":5},{"damage":0,"enemies":"2 Louse","floor":5,"turns":2},{"damage":26,"enemies":"3 Sentries","floor":6,"turns":5},{"damage":4,"enemies":"2 Fungi Beasts","floor":11,"turns":3},{"damage":29,"enemies":"Gremlin Nob","floor":13,"turns":3}],"seed_played":"-5607437482011942918","potions_obtained":[{"floor":1,"key":"Strength Potion"},{"floor":5,"key":"PowerPotion"}],"is_trial":false,"path_per_floor":["M","?","M","$","M","E","R","?","T","?","M","R","E"],"character_chosen":"THE_SILENT","items_purchased":["Well Laid Plans","Bronze Scales"],"campfire_rested":1,"item_purchase_floors":[4,4],"current_hp_per_floor":[48,48,36,36,38,16,16,16,16,9,7,26,0],"gold":248,"neow_bonus":"HUNDRED_GOLD","is_prod":false,"is_daily":false,"chose_seed":false,"campfire_upgraded":1,"win_rate":0,"timestamp":1549386774,"path_taken":["M","?","?","$","M","E","R","?","T","?","M","R","E"],"build_version":"2019-01-23","purchased_purges":0,"victory":false,"max_hp_per_floor":[66,66,66,66,66,66,66,66,66,66,66,66,66],"card_choices":[{"not_picked":["Riddle With Holes","Reflex"],"picked":"Poisoned Stab","floor":1},{"not_picked":["Blade Dance","Deflect"],"picked":"Deadly Poison","floor":3},{"not_picked":["Dodge and Roll","Endless Agony"],"picked":"Crippling Poison","floor":5},{"not_picked":["Slice","Concentrate","Crippling Poison"],"picked":"SKIP","floor":6},{"not_picked":["Expertise","Backflip","Reflex"],"picked":"SKIP","floor":11}],"player_experience":627379,"relics_obtained":[{"floor":2,"key":"Bird Faced Urn"},{"floor":6,"key":"Pen Nib"},{"floor":9,"key":"Bottled Lightning"}],"event_choices":[{"damage_healed":0,"gold_gain":0,"player_choice":"Relic","damage_taken":0,"max_hp_gain":0,"max_hp_loss":0,"event_name":"Wheel of Change","floor":2,"gold_loss":0},{"damage_healed":0,"gold_gain":150,"player_choice":"AGREE","damage_taken":0,"max_hp_gain":0,"max_hp_loss":0,"event_name":"Liars Game","floor":8,"gold_loss":0,"cards_obtained":["Doubt"]},{"cards_removed":["Doubt"],"damage_healed":0,"gold_gain":0,"player_choice":"Card Removal","damage_taken":7,"max_hp_gain":0,"max_hp_loss":0,"event_name":"Golden Wing","floor":10,"gold_loss":0}],"is_beta":false,"boss_relics":[],"items_purged_floors":[],"is_endless":false,"potions_floor_spawned":[1,5],"killed_by":"Gremlin Nob","ascension_level":20}