{"gold_per_floor":[110,28,103,114,289,305,305,333,359,359,386,386,398,424,424,519,519,532,543,183,183,198,198,231,242,311,344,344,370,370,404,416,533,545,569,140,0,0,15,50,50,85,111,131,162,162,162,181,181,181],"floor_reached":51,"playtime":5285,"items_purged":["Doubt","Strike_R"],"score":992,"play_id":"7322e6ae-fb16-49a0-a6bc-41c52121fb8a","local_time":"20190127113256","is_ascension_mode":true,"campfire_choices":[{"data":"Body Slam","floor":7,"key":"SMITH"},{"data":"Corruption","floor":10,"key":"SMITH"},{"floor":15,"key":"REST"},{"data":"Armaments","floor":23,"key":"SMITH"},{"data":"Feel No Pain","floor":30,"key":"SMITH"},{"data":"Shockwave","floor":32,"key":"SMITH"},{"data":"Offering","floor":41,"key":"SMITH"},{"data":"Demon Form","floor":46,"key":"SMITH"},{"data":"Metallicize","floor":49,"key":"SMITH"}],"neow_cost":"NONE","seed_source_timestamp":3902343706100,"circlet_count":0,"master_deck":["Strike_R","Strike_R","Strike_R","Strike_R","Defend_R+1","Defend_R","Defend_R","Defend_R+1","Bash","Feel No Pain+1","Body Slam+1","Corruption+1","Havoc","Anger","Havoc","Juggernaut","Shockwave+1","Dual Wield","Reaper","Armaments+1","Entrench+1","Metallicize+1","Offering+1","Immolate","RitualDagger","Shrug It Off","Double Tap","The Bomb","Demon Form+1","Spot Weakness+1"],"relics":["Burning Blood","Centennial Puzzle","Red Skull","Self Forming Clay","War Paint","Sozu","Bottled Lightning","Nloth\u0027s Gift","Mummified Hand","Gremlin Horn","Anchor","Orichalcum","MawBank","Busted Crown","Bronze Scales","Red Mask","Omamori","Ginger","Smiling Mask","Potion Belt"],"potions_floor_usage":[8,50,50],"damage_taken":[{"damage":15,"enemies":"2 Louse","floor":1,"turns":5},{"damage":9,"enemies":"Jaw Worm","floor":4,"turns":6},{"damage":5,"enemies":"Cultist","floor":6,"turns":4},{"damage":21,"enemies":"3 Sentries","floor":8,"turns":13},{"damage":10,"enemies":"Lagavulin","floor":11,"turns":4},{"damage":9,"enemies":"Red Slaver","floor":13,"turns":2},{"damage":0,"enemies":"Gremlin Nob","floor":14,"turns":3},{"damage":63,"enemies":"The Guardian","floor":16,"turns":9},{"damage":11,"enemies":"Spheric Guardian","floor":18,"turns":3},{"damage":24,"enemies":"Shell Parasite","floor":19,"turns":6},{"damage":29,"enemies":"Centurion and Healer","floor":22,"turns":6},{"damage":7,"enemies":"Slavers","floor":24,"turns":6},{"damage":23,"enemies":"Snecko","floor":25,"turns":4},{"damage":9,"enemies":"Book of Stabbing","floor":27,"turns":4},{"damage":12,"enemies":"Gremlin Leader","floor":29,"turns":5},{"damage":12,"enemies":"Slavers","floor":31,"turns":2},{"damage":32,"enemies":"Champ","floor":33,"turns":8},{"damage":6,"enemies":"3 Darklings","floor":35,"turns":2},{"damage":12,"enemies":"3 Shapes","floor":39,"turns":2},{"damage":6,"enemies":"Giant Head","floor":40,"turns":6},{"damage":0,"enemies":"Reptomancer","floor":42,"turns":5},{"damage":6,"enemies":"3 Darklings","floor":44,"turns":1},{"damage":19,"enemies":"Giant Head","floor":45,"turns":7},{"damage":7,"enemies":"Jaw Worm Horde","floor":48,"turns":4},{"damage":44,"enemies":"Awakened One","floor":50,"turns":10}],"seed_played":"-3890136316639682378","potions_obtained":[{"floor":6,"key":"Block Potion"},{"floor":13,"key":"Regen Potion"},{"floor":14,"key":"Dexterity Potion"}],"is_trial":false,"path_per_floor":["M","$","?","M","?","M","R","E","T","R","E","T","M","E","R","B",null,"M","M","$","?","M","R","E","M","T","E","?","E","R","E","R","B",null,"M","$","?","?","M","E","R","E","T","M","E","R","?","M","R","B",null],"character_chosen":"IRONCLAD","items_purchased":["Corruption","Havoc","Metallicize","Bottled Lightning","The Bomb","Bronze Scales"],"campfire_rested":1,"item_purchase_floors":[2,2,20,20,36,36],"current_hp_per_floor":[71,71,60,57,57,58,58,43,43,43,39,39,36,42,66,9,80,80,62,62,62,47,47,56,51,51,54,48,58,58,64,64,44,80,80,80,80,76,70,74,74,76,76,76,69,69,69,76,76,71],"gold":181,"neow_bonus":"THREE_CARDS","is_prod":false,"is_daily":false,"chose_seed":false,"campfire_upgraded":8,"win_rate":0,"timestamp":1548559976,"path_taken":["M","$","?","M","?","M","R","E","T","R","E","?","?","E","R","BOSS","M","M","$","?","M","R","E","?","T","E","?","E","R","E","R","BOSS","M","$","?","?","M","E","R","E","T","M","E","R","?","M","R","BOSS"],"build_version":"2019-01-23","purchased_purges":2,"victory":true,"max_hp_per_floor":[80,80,80,80,80,80,80,80,80,80,80,80,80,80,80,80,80,80,80,80,80,80,80,80,80,80,80,80,80,80,80,80,80,80,80,80,80,76,76,76,76,76,76,76,76,76,76,76,76,76],"card_choices":[{"not_picked":["Perfected Strike","Thunderclap"],"picked":"Feel No Pain","floor":0},{"not_picked":["Wild Strike","Dropkick"],"picked":"Body Slam","floor":1},{"not_picked":["Clash","Rupture"],"picked":"Anger","floor":4},{"not_picked":["Anger","Combust"],"picked":"Havoc","floor":6},{"not_picked":["Wild Strike","Cleave"],"picked":"Juggernaut","floor":8},{"not_picked":["Fire Breathing","Clothesline"],"picked":"Shockwave","floor":11},{"not_picked":["Body Slam","Warcry","Rampage"],"picked":"SKIP","floor":13},{"not_picked":["Fire Breathing","Havoc"],"picked":"Dual Wield","floor":14},{"not_picked":["Exhume","Fiend Fire"],"picked":"Reaper","floor":16},{"not_picked":["True Grit","Clothesline"],"picked":"Armaments","floor":18},{"not_picked":["Cleave","Armaments"],"picked":"Entrench+1","floor":19},{"not_picked":["Thunderclap","Heavy Blade"],"picked":"Offering","floor":22},{"not_picked":["Havoc","Warcry+1"],"picked":"Immolate","floor":24},{"not_picked":["Heavy Blade","Sever Soul","Headbutt"],"picked":"SKIP","floor":25},{"not_picked":["Body Slam","Brutality","Offering"],"picked":"SKIP","floor":27},{"not_picked":["Pommel Strike","True Grit"],"picked":"Shrug It Off","floor":29},{"not_picked":["Clothesline","Juggernaut","Berserk"],"picked":"SKIP","floor":31},{"not_picked":["Brutality","Reaper"],"picked":"Double Tap","floor":33},{"not_picked":["Flex+1"],"picked":"SKIP","floor":35},{"not_picked":["Thunderclap+1"],"picked":"SKIP","floor":39},{"not_picked":["Warcry+1"],"picked":"SKIP","floor":40},{"not_picked":["Perfected Strike"],"picked":"SKIP","floor":42},{"not_picked":["Wild Strike+1"],"picked":"SKIP","floor":44},{"not_picked":[],"picked":"Demon Form","floor":45},{"not_picked":[],"picked":"Spot Weakness+1","floor":48}],"player_experience":166140,"relics_obtained":[{"floor":8,"key":"Boot"},{"floor":9,"key":"Centennial Puzzle"},{"floor":11,"key":"Red Skull"},{"floor":12,"key":"Self Forming Clay"},{"floor":14,"key":"War Paint"},{"floor":24,"key":"Mummified Hand"},{"floor":26,"key":"Gremlin Horn"},{"floor":27,"key":"Anchor"},{"floor":29,"key":"Orichalcum"},{"floor":31,"key":"MawBank"},{"floor":40,"key":"Omamori"},{"floor":42,"key":"Ginger"},{"floor":43,"key":"Smiling Mask"},{"floor":45,"key":"Potion Belt"}],"event_choices":[{"damage_healed":0,"gold_gain":75,"player_choice":"Gather Gold","damage_taken":11,"max_hp_gain":0,"max_hp_loss":0,"event_name":"World of Goop","floor":3,"gold_loss":0},{"damage_healed":0,"gold_gain":175,"player_choice":"AGREE","damage_taken":0,"max_hp_gain":0,"max_hp_loss":0,"event_name":"Liars Game","floor":5,"gold_loss":0,"cards_obtained":["Doubt"]},{"damage_healed":0,"gold_gain":0,"player_choice":"Traded Relic","damage_taken":0,"relics_obtained":["Nloth\u0027s Gift"],"max_hp_gain":0,"max_hp_loss":0,"event_name":"N\u0027loth","floor":21,"relics_lost":["Boot"],"gold_loss":0},{"damage_healed":0,"gold_gain":0,"player_choice":"Joined the Cult","damage_taken":6,"max_hp_gain":0,"max_hp_loss":0,"event_name":"Nest","floor":28,"gold_loss":0,"cards_obtained":["RitualDagger"]},{"damage_healed":0,"gold_gain":0,"player_choice":"Paid","damage_taken":0,"relics_obtained":["Red Mask"],"max_hp_gain":0,"max_hp_loss":0,"event_name":"Tomb of Lord Red Mask","floor":37,"gold_loss":140},{"damage_healed":0,"gold_gain":0,"player_choice":"Max HP","damage_taken":0,"max_hp_gain":0,"max_hp_loss":4,"event_name":"Winding Halls","floor":38,"gold_loss":0},{"damage_healed":0,"gold_gain":0,"player_choice":"Ignored","damage_taken":0,"max_hp_gain":0,"max_hp_loss":0,"event_name":"Mysterious Sphere","floor":47,"gold_loss":0}],"is_beta":false,"boss_relics":[{"not_picked":["Runic Cube","Lizard Tail"],"picked":"Sozu"},{"not_picked":["Cursed Key","Philosopher\u0027s Stone"],"picked":"Busted Crown"}],"items_purged_floors":[20,36],"is_endless":false,"potions_floor_spawned":[6,13,14,19,24,27,29,31,35,40,44],"ascension_level":2}