{"gold_per_floor":[118,118,68,82,7,7,22,41,41,85,160,175,175,209,209,339,339,359,383,298,79,79,95,124,124,124,141,151,26,26,44,44,140,140,154,174,274,287,137,168,186,186,186,226,238,0,12,39,51,63],"floor_reached":51,"playtime":4947,"items_purged":["Strike_R","Strike_R","Strike_R","Strike_R"],"score":712,"play_id":"8cf64a7e-5a66-4fb3-8b75-5099a8707ac2","local_time":"20190124191318","is_ascension_mode":false,"campfire_choices":[{"data":"Uppercut","floor":6,"key":"SMITH"},{"floor":13,"key":"REST"},{"data":"Rampage","floor":15,"key":"SMITH"},{"data":"Armaments","floor":25,"key":"SMITH"},{"data":"Warcry","floor":30,"key":"SMITH"},{"data":"Battle Trance","floor":32,"key":"SMITH"},{"data":"Feel No Pain","floor":42,"key":"SMITH"},{"data":"Feel No Pain","floor":47,"key":"SMITH"},{"data":"Double Tap","floor":49,"key":"SMITH"}],"neow_cost":"","seed_source_timestamp":15786093725332,"circlet_count":0,"master_deck":["Defend_R+1","Defend_R","Defend_R","Defend_R","Bash","Combust","Uppercut+1","Rampage+1","Reaper","Feel No Pain+1","Anger","Seeing Red","Feed","Intimidate","Warcry+1","Battle Trance+1","Armaments+1","True Grit+1","Intimidate","Warcry+1","Fiend Fire","Berserk","Body Slam","Battle Trance+1","Offering+1","Dropkick+1","Feel No Pain+1","Double Tap+1","Madness","Madness"],"relics":["Burning Blood","Bloody Idol","Dodecahedron","Meat on the Bone","Ornamental Fan","Coffee Dripper","Oddly Smooth Stone","Centennial Puzzle","Matryoshka","Sozu","Charon\u0027s Ashes","War Paint","MawBank","Shuriken","Magic Flower","Red Mask"],"potions_floor_usage":[24,50],"damage_taken":[{"damage":6,"enemies":"2 Louse","floor":1,"turns":3},{"damage":5,"enemies":"Small Slimes","floor":4,"turns":5},{"damage":3,"enemies":"Jaw Worm","floor":7,"turns":3},{"damage":9,"enemies":"Exordium Wildlife","floor":8,"turns":3},{"damage":28,"enemies":"Lagavulin","floor":10,"turns":6},{"damage":8,"enemies":"Blue Slaver","floor":12,"turns":5},{"damage":20,"enemies":"Gremlin Nob","floor":14,"turns":4},{"damage":60,"enemies":"The Guardian","floor":16,"turns":10},{"damage":7,"enemies":"Chosen","floor":18,"turns":4},{"damage":14,"enemies":"Spheric Guardian","floor":19,"turns":4},{"damage":38,"enemies":"Shelled Parasite and Fungi","floor":23,"turns":6},{"damage":25,"enemies":"Slavers","floor":24,"turns":8},{"damage":31,"enemies":"Centurion and Healer","floor":27,"turns":9},{"damage":14,"enemies":"Snake Plant","floor":28,"turns":5},{"damage":8,"enemies":"Sentry and Sphere","floor":31,"turns":7},{"damage":30,"enemies":"Champ","floor":33,"turns":12},{"damage":11,"enemies":"Orb Walker","floor":35,"turns":4},{"damage":10,"enemies":"3 Darklings","floor":36,"turns":7},{"damage":3,"enemies":"Mind Bloom Boss Battle","floor":37,"turns":5},{"damage":22,"enemies":"Jaw Worm Horde","floor":38,"turns":5},{"damage":17,"enemies":"Reptomancer","floor":40,"turns":5},{"damage":41,"enemies":"Spire Growth","floor":41,"turns":5},{"damage":41,"enemies":"Nemesis","floor":44,"turns":7},{"damage":6,"enemies":"4 Shapes","floor":48,"turns":3},{"damage":52,"enemies":"Awakened One","floor":50,"turns":8}],"seed_played":"6260799073674814177","potions_obtained":[{"floor":4,"key":"Energy Potion"},{"floor":10,"key":"Block Potion"},{"floor":14,"key":"Poison Potion"},{"floor":23,"key":"Energy Potion"},{"floor":24,"key":"Regen Potion"}],"is_trial":false,"path_per_floor":["M","?","?","M","$","R","M","M","T","E","?","M","R","E","R","B",null,"M","M","?","$","?","M","E","R","T","M","M","$","R","M","R","B",null,"M","M","?","M","$","E","M","R","T","E","?","?","R","M","R","B",null],"character_chosen":"IRONCLAD","items_purchased":["Battle Trance","Armaments"],"campfire_rested":1,"item_purchase_floors":[21,21],"current_hp_per_floor":[80,60,60,61,61,61,64,61,61,39,28,44,68,60,60,22,80,79,75,75,75,75,60,59,59,59,62,65,65,65,72,72,58,90,90,90,94,87,87,98,72,72,72,69,61,66,71,105,105,101],"gold":75,"neow_bonus":"","is_prod":false,"is_daily":false,"chose_seed":false,"campfire_upgraded":8,"win_rate":0.0,"timestamp":1548353598,"path_taken":["M","?","?","M","$","R","M","M","T","E","?","M","R","E","R","BOSS","M","M","?","$","?","M","E","R","T","M","M","$","R","M","R","BOSS","M","M","?","M","$","E","M","R","T","E","?","?","R","M","R","BOSS"],"build_version":"2019-01-23","purchased_purges":4,"victory":true,"max_hp_per_floor":[80,80,80,80,80,80,80,80,80,80,80,80,80,80,80,80,80,80,80,80,80,80,80,83,83,83,86,86,86,86,90,90,90,90,90,90,94,98,98,98,102,102,102,102,102,102,102,105,105,108],"card_choices":[{"not_picked":["Thunderclap","Cleave"],"picked":"Combust","floor":1},{"not_picked":["Thunderclap","Clash"],"picked":"Uppercut","floor":4},{"not_picked":["Infernal Blade","Clothesline"],"picked":"Rampage","floor":7},{"not_picked":["Feel No Pain","Flame Barrier"],"picked":"Reaper","floor":8},{"not_picked":["Fire Breathing","Pommel Strike"],"picked":"Feel No Pain","floor":10},{"not_picked":["Clash","Power Through"],"picked":"Anger","floor":12},{"not_picked":["Body Slam","Metallicize"],"picked":"Seeing Red","floor":14},{"not_picked":["Juggernaut","Bludgeon"],"picked":"Feed","floor":16},{"not_picked":["Body Slam","Thunderclap"],"picked":"Intimidate","floor":18},{"not_picked":["Thunderclap","Flex"],"picked":"Warcry+1","floor":19},{"not_picked":["Flex+1","Clash"],"picked":"True Grit+1","floor":23},{"not_picked":["Twin Strike","Whirlwind"],"picked":"Intimidate","floor":24},{"not_picked":["True Grit","Clothesline"],"picked":"Warcry","floor":27},{"not_picked":["Clash","Blood for Blood"],"picked":"Fiend Fire","floor":28},{"not_picked":["Armaments","Warcry","Cleave"],"picked":"SKIP","floor":31},{"not_picked":["Fiend Fire","Bludgeon"],"picked":"Berserk","floor":33},{"not_picked":["Flex+1","True Grit+1"],"picked":"Body Slam","floor":35},{"not_picked":["Clothesline","Headbutt"],"picked":"Battle Trance+1","floor":36},{"not_picked":["Perfected Strike+1","Sword Boomerang+1"],"picked":"Offering","floor":38},{"not_picked":["Anger","True Grit+1"],"picked":"Dropkick+1","floor":40},{"not_picked":["Warcry","Headbutt"],"picked":"Feel No Pain","floor":41},{"not_picked":["Body Slam+1","Combust"],"picked":"Double Tap","floor":44},{"not_picked":["Armaments+1","Corruption","Ghostly Armor"],"picked":"SKIP","floor":48}],"player_experience":0,"relics_obtained":[{"floor":9,"key":"Dodecahedron"},{"floor":10,"key":"Meat on the Bone"},{"floor":14,"key":"Ornamental Fan"},{"floor":24,"key":"Centennial Puzzle"},{"floor":26,"key":"Matryoshka"},{"floor":37,"key":"Charon\u0027s Ashes"},{"floor":40,"key":"War Paint"},{"floor":43,"key":"MawBank"},{"floor":43,"key":"Shuriken"},{"floor":44,"key":"Magic Flower"}],"event_choices":[{"damage_healed":0,"gold_gain":0,"player_choice":"Take Damage","damage_taken":20,"relics_obtained":["Golden Idol"],"max_hp_gain":0,"max_hp_loss":0,"event_name":"Golden Idol","floor":2,"gold_loss":0},{"cards_removed":["Strike_R"],"damage_healed":0,"gold_gain":0,"player_choice":"Card Removal","damage_taken":0,"max_hp_gain":0,"max_hp_loss":0,"event_name":"The Cleric","floor":3,"gold_loss":50},{"damage_healed":0,"gold_gain":75,"player_choice":"Gather Gold","damage_taken":11,"max_hp_gain":0,"max_hp_loss":0,"event_name":"World of Goop","floor":11,"gold_loss":0},{"damage_healed":0,"gold_gain":0,"player_choice":"Obtained Relic","damage_taken":0,"relics_obtained":["Oddly Smooth Stone"],"max_hp_gain":0,"max_hp_loss":0,"event_name":"Addict","floor":20,"gold_loss":85},{"damage_healed":0,"gold_gain":0,"player_choice":"Gave Idol","damage_taken":0,"relics_obtained":["Bloody Idol"],"max_hp_gain":0,"max_hp_loss":0,"event_name":"Forgotten Altar","floor":22,"relics_lost":["Golden Idol"],"gold_loss":0},{"damage_healed":0,"gold_gain":0,"player_choice":"Fight","damage_taken":0,"max_hp_gain":0,"max_hp_loss":0,"event_name":"MindBloom","floor":37,"gold_loss":0},{"damage_healed":0,"gold_gain":0,"player_choice":"Embrace Madness","damage_taken":13,"max_hp_gain":0,"max_hp_loss":0,"event_name":"Winding Halls","floor":45,"gold_loss":0,"cards_obtained":["Madness","Madness"]},{"damage_healed":0,"gold_gain":0,"player_choice":"Paid","damage_taken":0,"relics_obtained":["Red Mask"],"max_hp_gain":0,"max_hp_loss":0,"event_name":"Tomb of Lord Red Mask","floor":46,"gold_loss":250}],"is_beta":false,"boss_relics":[{"not_picked":["Fusion Hammer","Lizard Tail"],"picked":"Coffee Dripper"},{"not_picked":["Astrolabe","Cursed Key"],"picked":"Sozu"}],"items_purged_floors":[5,21,29,39],"is_endless":false,"potions_floor_spawned":[4,10,14,19,23,24,37,38,44],"ascension_level":0}