{"gold_per_floor":[113,126,126,126,142,176,101,121,121,131,159,175,192,217,217,318,318,336,346,362,362,210,238,238,272,272,472,472,485,485,501,501,598,598,612,625,644,661,206,238,249,260,283,313,355,367,399,21,21,21],"floor_reached":51,"playtime":3399,"items_purged":["Strike_R","Strike_R","Strike_R","Twin Strike"],"score":915,"play_id":"7825c8b2-12fd-4393-9ef5-e0e9d45c5656","local_time":"20190205184556","is_ascension_mode":true,"campfire_choices":[{"floor":15,"key":"REST"},{"data":"Shrug It Off","floor":24,"key":"SMITH"},{"floor":28,"key":"REST"},{"data":"Battle Trance","floor":30,"key":"SMITH"},{"floor":32,"key":"REST"},{"floor":46,"key":"REST"},{"data":"Corruption","floor":49,"key":"SMITH"}],"neow_cost":"NONE","seed_source_timestamp":0,"circlet_count":0,"master_deck":["Strike_R","Strike_R+1","Defend_R","Defend_R","Defend_R+1","Defend_R+1","Bash","Cleave","Thunderclap","Clothesline+1","Shrug It Off+1","Body Slam","Shockwave","Pommel Strike","Perfected Strike","Corruption+1","Feed","Rampage","Inflame+1","Feed","Shrug It Off","Battle Trance+1","Pommel Strike","Shrug It Off","True Grit+1","Exhume","True Grit","Havoc","Barricade"],"special_seed":0,"relics":["Burning Blood","NeowsBlessing","Kunai","Oddly Smooth Stone","Dodecahedron","Nunchaku","Dead Branch","Velvet Choker","Letter Opener","Orichalcum","Whetstone","Busted Crown","Potion Belt","Lantern","MawBank","Blood Vial","Mummified Hand"],"potions_floor_usage":[6,11,14,20,23,25,29,38,42,45,45,50,50],"damage_taken":[{"damage":0,"enemies":"2 Louse","floor":1,"turns":1},{"damage":0,"enemies":"Cultist","floor":2,"turns":1},{"damage":0,"enemies":"Small Slimes","floor":5,"turns":1},{"damage":42,"enemies":"Lagavulin","floor":6,"turns":8},{"damage":5,"enemies":"Blue Slaver","floor":8,"turns":4},{"damage":0,"enemies":"Exordium Wildlife","floor":10,"turns":3},{"damage":9,"enemies":"3 Sentries","floor":11,"turns":7},{"damage":0,"enemies":"Large Slime","floor":12,"turns":5},{"damage":3,"enemies":"2 Fungi Beasts","floor":13,"turns":3},{"damage":11,"enemies":"Lagavulin","floor":14,"turns":5},{"damage":0,"enemies":"Slime Boss","floor":16,"turns":6},{"damage":14,"enemies":"Spheric Guardian","floor":18,"turns":6},{"damage":6,"enemies":"3 Byrds","floor":19,"turns":4},{"damage":11,"enemies":"Centurion and Healer","floor":20,"turns":5},{"damage":16,"enemies":"Book of Stabbing","floor":23,"turns":5},{"damage":40,"enemies":"Gremlin Leader","floor":25,"turns":7},{"damage":11,"enemies":"Sentry and Sphere","floor":29,"turns":4},{"damage":9,"enemies":"3 Cultists","floor":31,"turns":4},{"damage":40,"enemies":"Automaton","floor":33,"turns":7},{"damage":0,"enemies":"Orb Walker","floor":35,"turns":2},{"damage":0,"enemies":"3 Shapes","floor":36,"turns":3},{"damage":24,"enemies":"Maw","floor":37,"turns":8},{"damage":0,"enemies":"Spire Growth","floor":38,"turns":4},{"damage":4,"enemies":"Giant Head","floor":40,"turns":6},{"damage":10,"enemies":"Jaw Worm Horde","floor":41,"turns":5},{"damage":1,"enemies":"Writhing Mass","floor":42,"turns":5},{"damage":12,"enemies":"Spire Growth","floor":44,"turns":5},{"damage":17,"enemies":"Nemesis","floor":45,"turns":7},{"damage":28,"enemies":"4 Shapes","floor":47,"turns":4},{"damage":9,"enemies":"Donu and Deca","floor":50,"turns":9}],"seed_played":"3159966552116082834","potions_obtained":[{"floor":2,"key":"PowerPotion"},{"floor":8,"key":"Block Potion"},{"floor":10,"key":"Swift Potion"},{"floor":13,"key":"SteroidPotion"},{"floor":18,"key":"Dexterity Potion"},{"floor":20,"key":"GamblersBrew"},{"floor":25,"key":"Regen Potion"},{"floor":31,"key":"Swift Potion"},{"floor":35,"key":"Fire Potion"},{"floor":38,"key":"FearPotion"},{"floor":41,"key":"Fire Potion"},{"floor":42,"key":"Swift Potion"},{"floor":45,"key":"Dexterity Potion"}],"is_trial":false,"path_per_floor":["M","M","?","?","M","E","$","M","T","M","E","M","M","E","R","B",null,"M","M","M","?","$","E","R","E","T","?","R","M","R","M","R","B",null,"M","M","M","M","$","E","M","M","T","M","E","R","M","$","R","B",null],"character_chosen":"IRONCLAD","items_purchased":["Shrug It Off","Potion Belt","True Grit","EssenceOfSteel","Dexterity Potion","Mummified Hand"],"campfire_rested":4,"item_purchase_floors":[22,39,39,39,39,48],"current_hp_per_floor":[80,80,73,57,63,27,27,28,28,34,31,37,40,35,59,65,80,72,72,67,67,67,60,60,26,26,26,50,63,63,60,86,55,92,92,92,74,83,83,85,87,92,92,86,75,101,82,82,82,84],"gold":21,"neow_bonus":"THREE_ENEMY_KILL","is_prod":false,"is_daily":false,"chose_seed":false,"campfire_upgraded":3,"win_rate":0,"timestamp":1549413956,"path_taken":["M","M","?","?","M","E","$","M","T","M","E","M","M","E","R","BOSS","M","M","M","?","?","E","R","E","T","?","R","M","R","M","R","BOSS","M","?","M","M","$","E","M","M","T","M","E","R","M","$","R","BOSS"],"build_version":"2019-01-23","purchased_purges":4,"victory":true,"max_hp_per_floor":[80,80,80,80,80,80,80,80,80,80,80,80,80,80,80,80,80,80,80,80,80,80,83,83,83,83,83,83,89,89,89,89,92,92,92,92,92,95,95,95,101,101,101,101,101,101,104,104,104,107],"card_choices":[{"not_picked":["Flex","Entrench"],"picked":"Cleave","floor":1},{"not_picked":["Power Through","Sever Soul"],"picked":"Thunderclap","floor":2},{"not_picked":["Ghostly Armor","Anger"],"picked":"Twin Strike","floor":5},{"not_picked":["Ghostly Armor","Fiend Fire"],"picked":"Clothesline","floor":6},{"not_picked":["Flex","Warcry"],"picked":"Shrug It Off","floor":8},{"not_picked":["Anger","Twin Strike"],"picked":"Body Slam","floor":10},{"not_picked":["Second Wind","Flex"],"picked":"Shockwave","floor":11},{"not_picked":["Corruption","Carnage"],"picked":"Pommel Strike","floor":12},{"not_picked":["Dark Embrace","Rupture"],"picked":"Perfected Strike","floor":13},{"not_picked":["Rage","Reckless Charge"],"picked":"Corruption","floor":14},{"not_picked":["Exhume","Immolate"],"picked":"Feed","floor":16},{"not_picked":["Cleave","Dropkick"],"picked":"Rampage","floor":18},{"not_picked":["Perfected Strike+1","Fire Breathing","Clothesline"],"picked":"SKIP","floor":19},{"not_picked":["Searing Blow+1","Warcry"],"picked":"Inflame+1","floor":20},{"not_picked":["Clothesline","Twin Strike"],"picked":"Battle Trance","floor":23},{"not_picked":["Sword Boomerang","Hemokinesis"],"picked":"Pommel Strike","floor":25},{"not_picked":["Perfected Strike","Wild Strike"],"picked":"Shrug It Off","floor":29},{"not_picked":["Perfected Strike+1","Shrug It Off"],"picked":"True Grit+1","floor":31},{"not_picked":["Offering","Feed"],"picked":"Exhume","floor":33},{"not_picked":["Clash+1"],"picked":"SKIP","floor":35},{"not_picked":["Wild Strike+1"],"picked":"SKIP","floor":36},{"not_picked":["Dual Wield+1"],"picked":"SKIP","floor":37},{"not_picked":["Headbutt"],"picked":"SKIP","floor":38},{"not_picked":[],"picked":"Havoc","floor":40},{"not_picked":["Twin Strike"],"picked":"SKIP","floor":41},{"not_picked":["Heavy Blade"],"picked":"SKIP","floor":42},{"not_picked":[],"picked":"Barricade","floor":44},{"not_picked":["Headbutt+1"],"picked":"SKIP","floor":45},{"not_picked":["Body Slam+1"],"picked":"SKIP","floor":47}],"player_experience":103335,"relics_obtained":[{"floor":6,"key":"Oddly Smooth Stone"},{"floor":9,"key":"Dodecahedron"},{"floor":11,"key":"Nunchaku"},{"floor":14,"key":"Dead Branch"},{"floor":23,"key":"Letter Opener"},{"floor":25,"key":"Orichalcum"},{"floor":26,"key":"Whetstone"},{"floor":40,"key":"Lantern"},{"floor":43,"key":"MawBank"},{"floor":45,"key":"Blood Vial"}],"event_choices":[{"damage_healed":0,"gold_gain":0,"player_choice":"Success","damage_taken":7,"relics_obtained":["Kunai"],"max_hp_gain":0,"max_hp_loss":0,"event_name":"Scrap Ooze","floor":3,"gold_loss":0},{"damage_healed":0,"gold_gain":0,"player_choice":"Entered Light","damage_taken":16,"max_hp_gain":0,"max_hp_loss":0,"event_name":"Shining Light","floor":4,"gold_loss":0,"cards_upgraded":["Defend_R","Defend_R"]},{"damage_healed":0,"gold_gain":0,"player_choice":"Copied","damage_taken":0,"max_hp_gain":0,"max_hp_loss":0,"event_name":"Duplicator","floor":21,"gold_loss":0,"cards_obtained":["Feed"]},{"damage_healed":0,"gold_gain":250,"player_choice":"Bet on Owner","damage_taken":0,"max_hp_gain":0,"max_hp_loss":0,"event_name":"The Joust","floor":27,"gold_loss":50}],"is_beta":false,"boss_relics":[{"not_picked":["Ectoplasm","Snecko Eye"],"picked":"Velvet Choker"},{"not_picked":["Black Blood","Runic Dome"],"picked":"Busted Crown"}],"items_purged_floors":[7,22,39,48],"is_endless":false,"potions_floor_spawned":[2,8,10,13,18,20,25,31,35,38,41,42,45],"ascension_level":1}