{"gold_per_floor":[17,17,17,36,48,77,77,106,158,222,222,241,253,108,108,208,208,221,232,147,166,166,166],"floor_reached":23,"playtime":1745,"items_purged":["Strike_R"],"score":221,"play_id":"9ef85f5f-edb6-47a2-afd7-292398465847","local_time":"20180926083408","is_ascension_mode":true,"campfire_choices":[{"data":"Flex","floor":7.0,"key":"SMITH"},{"data":"Pummel","floor":11.0,"key":"SMITH"},{"data":"Metallicize","floor":15.0,"key":"SMITH"}],"neow_cost":"NO_GOLD","seed_source_timestamp":0,"circlet_count":0,"master_deck":["Strike_R","Strike_R","Defend_R","Defend_R","Defend_R","Defend_R","Bash","Headbutt","Flex+1","Reaper","Pummel+1","Iron Wave","Iron Wave","Shrug It Off","Metallicize+1","Limit Break","Sword Boomerang","Ghostly Armor+1"],"special_seed":0,"relics":["Burning Blood","Pocketwatch","Meat on the Bone","Regal Pillow","Anchor","Blood Vial","Velvet Choker","Boot"],"potions_floor_usage":[],"damage_taken":[{"damage":7.0,"enemies":"Jaw Worm","floor":1.0,"turns":3.0},{"damage":0.0,"enemies":"Small Slimes","floor":4.0,"turns":3.0},{"damage":1.0,"enemies":"Cultist","floor":5.0,"turns":3.0},{"damage":24.0,"enemies":"Lagavulin","floor":6.0,"turns":5.0},{"damage":26.0,"enemies":"3 Sentries","floor":8.0,"turns":7.0},{"damage":21.0,"enemies":"3 Sentries","floor":10.0,"turns":9.0},{"damage":0.0,"enemies":"3 Louse","floor":12.0,"turns":2.0},{"damage":3.0,"enemies":"Exordium Thugs","floor":13.0,"turns":3.0},{"damage":32.0,"enemies":"Slime Boss","floor":16.0,"turns":15.0},{"damage":21.0,"enemies":"Spheric Guardian","floor":18.0,"turns":6.0},{"damage":11.0,"enemies":"3 Byrds","floor":19.0,"turns":4.0},{"damage":22.0,"enemies":"Snake Plant","floor":21.0,"turns":4.0},{"damage":71,"enemies":"Gremlin Leader","floor":23,"turns":8}],"seed_played":"-3644555689229208152","potions_obtained":[{"floor":1.0,"key":"Block Potion"},{"floor":4.0,"key":"Explosive Potion"},{"floor":6.0,"key":"Poison Potion"},{"floor":10.0,"key":"Energy Potion"},{"floor":19.0,"key":"SkillPotion"}],"is_trial":false,"path_per_floor":["M","?","?","M","M","E","R","E","T","?","R","M","M","$","R","B",null,"M","M","?","M","?"],"character_chosen":"IRONCLAD","items_purchased":["Metallicize"],"campfire_rested":0,"item_purchase_floors":[14],"current_hp_per_floor":[79,79,79,80,80,62,62,58,58,59,59,67,80,80,80,60,80,65,80,80,64,49,0],"gold":166,"neow_bonus":"ONE_RARE_RELIC","is_prod":false,"is_daily":false,"chose_seed":false,"campfire_upgraded":3,"win_rate":0,"timestamp":1537943648,"path_taken":["M","?","?","?","M","E","R","E","T","?","R","M","M","$","R","BOSS","M","M","?","?","?","E"],"build_version":"2018-09-24","purchased_purges":1,"victory":false,"max_hp_per_floor":[80,80,80,80,80,80,80,80,80,80,80,80,80,80,80,80,80,80,80,80,80,85,85],"card_choices":[{"not_picked":["Dropkick","Wild Strike"],"picked":"Headbutt","floor":1.0},{"not_picked":["Wild Strike","Power Through","Carnage"],"picked":"SKIP","floor":4.0},{"not_picked":["Armaments","Warcry"],"picked":"Flex","floor":5.0},{"not_picked":["Blood for Blood","Headbutt"],"picked":"Reaper","floor":6.0},{"not_picked":["Uppercut","Infernal Blade"],"picked":"Pummel","floor":8.0},{"not_picked":["Seeing Red","Rupture"],"picked":"Iron Wave","floor":10.0},{"not_picked":["Wild Strike","Second Wind"],"picked":"Iron Wave","floor":12.0},{"not_picked":["Whirlwind","Blood for Blood"],"picked":"Shrug It Off","floor":13.0},{"not_picked":["Reaper","Barricade"],"picked":"Limit Break","floor":16.0},{"not_picked":["Flex","Thunderclap+1"],"picked":"Sword Boomerang","floor":18.0},{"not_picked":["Headbutt","Heavy Blade+1","Twin Strike"],"picked":"SKIP","floor":19.0},{"not_picked":["Bloodletting","Rupture"],"picked":"Ghostly Armor+1","floor":21.0}],"player_experience":106987,"relics_obtained":[{"floor":6.0,"key":"Meat on the Bone"},{"floor":8.0,"key":"Regal Pillow"},{"floor":9.0,"key":"Anchor"},{"floor":10.0,"key":"Blood Vial"}],"event_choices":[{"event_name":"Living Wall","player_choice":"Forget","floor":2.0,"damage_taken":0.0},{"event_name":"Purifier","player_choice":"One Purge","floor":3.0,"damage_taken":0.0},{"event_name":"Dead Adventurer","player_choice":"Searched \u00271\u0027 times","floor":10.0,"damage_taken":0.0},{"event_name":"Addict","player_choice":"Obtained Relic","floor":20.0,"damage_taken":0.0},{"event_name":"Forgotten Altar","player_choice":"Shed Blood","floor":22.0,"damage_taken":0.0}],"is_beta":true,"boss_relics":[{"not_picked":["Ectoplasm","Astrolabe"],"picked":"Velvet Choker"}],"items_purged_floors":[14],"is_endless":false,"potions_floor_spawned":[1,4,6,10,19],"killed_by":"Gremlin Leader","ascension_level":2}