{"path_per_floor":["M","M","?","M","?","R","M","E","T","M","T","R","M","E","R"],"character_chosen":"IRONCLAD","items_purchased":[],"gold_per_floor":[116,130,130,145,145,145,158,185,185,201,201,201,218,253,253,253],"floor_reached":16,"campfire_rested":1,"playtime":1598,"current_hp_per_floor":[68,63,63,66,59,59,40,13,13,31,31,55,61,53,53,0],"items_purged":[],"gold":253,"score":112,"play_id":"58a106c1-b77f-484c-becd-93810aabafdc","local_time":"20180510000658","is_prod":false,"is_daily":false,"chose_seed":false,"is_ascension_mode":false,"campfire_upgraded":2,"timestamp":1525903618,"path_taken":["M","M","?","?","?","R","M","E","T","?","?","R","?","E","R","BOSS"],"build_version":"2018-05-03","seed_source_timestamp":165797534695,"purchased_purges":0,"victory":false,"master_deck":["Strike_R","Strike_R","Strike_R","Strike_R","Strike_R","Defend_R","Defend_R","Defend_R","Defend_R","Bash","Barricade+1","Spot Weakness","Shrug It Off","Flex","Spot Weakness","Pommel Strike","Armaments+1","Flex","Shrug It Off"],"max_hp_per_floor":[80,80,80,80,80,80,80,80,80,80,80,80,80,80,80,80],"relics":["Burning Blood","Shuriken","Bottled Lightning","Darkstone Periapt","Frozen Egg 2","Anchor"],"card_choices":[{"not_picked":["Offering","Fiend Fire"],"picked":"Barricade","floor":0},{"not_picked":["Second Wind","Warcry"],"picked":"Spot Weakness","floor":1},{"not_picked":["Hemokinesis","Perfected Strike"],"picked":"Shrug It Off","floor":2},{"not_picked":["Sword Boomerang","Clothesline"],"picked":"Flex","floor":4},{"not_picked":["Second Wind","Metallicize"],"picked":"Spot Weakness","floor":7},{"not_picked":["Intimidate","Wild Strike"],"picked":"Pommel Strike","floor":8},{"not_picked":["Warcry","Bludgeon"],"picked":"Armaments","floor":10},{"not_picked":["Carnage","Spot Weakness"],"picked":"Flex","floor":13},{"not_picked":["Heavy Blade","Anger"],"picked":"Shrug It Off","floor":14}],"player_experience":86398,"potions_floor_usage":[10,10,14,16],"damage_taken":[{"damage":18,"enemies":"Jaw Worm","floor":1,"turns":7},{"damage":11,"enemies":"Cultist","floor":2,"turns":4},{"damage":3,"enemies":"2 Louse","floor":4,"turns":4},{"damage":25,"enemies":"Exordium Thugs","floor":7,"turns":9},{"damage":33,"enemies":"3 Sentries","floor":8,"turns":9},{"damage":3,"enemies":"Gremlin Gang","floor":10,"turns":6},{"damage":0,"enemies":"Exordium Wildlife","floor":13,"turns":5},{"damage":14,"enemies":"Lagavulin","floor":14,"turns":11},{"damage":59,"enemies":"Hexaghost","floor":16,"turns":15}],"event_choices":[{"event_name":"Wheel of Change","player_choice":"Relic","floor":3,"damage_taken":0},{"event_name":"Golden Wing","player_choice":"Card Removal","floor":5,"damage_taken":0}],"boss_relics":[],"potions_floor_spawned":[2,7,10,14],"seed_played":"-9071174595570424559","killed_by":"Hexaghost","ascension_level":0,"is_trial":false}