{"gold_per_floor":[109,109,59,69,69,96,96,115,193,193,211,386,386,396,396,396],"floor_reached":16,"playtime":675,"items_purged":[],"score":120,"play_id":"ad889748-d045-4aa9-b39d-3d2714e0991f","local_time":"20190205095903","is_ascension_mode":true,"campfire_choices":[{"floor":7,"key":"REST"},{"floor":10,"key":"RECALL"},{"data":"Shockwave","floor":13,"key":"SMITH"},{"data":"Whirlwind","floor":15,"key":"SMITH"}],"neow_cost":"PERCENT_DAMAGE","seed_source_timestamp":335626319077494,"circlet_count":0,"master_deck":["Strike_R","Strike_R","Strike_R","Defend_R","Defend_R","Defend_R","Defend_R","Bash","Cleave","Twin Strike","Ghostly Armor","Whirlwind+1","Shockwave+1","Pommel Strike","Doubt","Pommel Strike"],"relics":["Burning Blood","Ice Cream","Strawberry","Gremlin Horn"],"potions_floor_usage":[16,16],"damage_taken":[{"damage":7,"enemies":"2 Louse","floor":1,"turns":3},{"damage":14,"enemies":"Jaw Worm","floor":4,"turns":3},{"damage":35,"enemies":"3 Sentries","floor":6,"turns":8},{"damage":1,"enemies":"Cultist","floor":8,"turns":4},{"damage":4,"enemies":"Large Slime","floor":11,"turns":5},{"damage":6,"enemies":"2 Fungi Beasts","floor":14,"turns":3},{"damage":69,"enemies":"Slime Boss","floor":16,"turns":8}],"seed_played":"-3430473183873458618","potions_obtained":[{"floor":1,"key":"GamblersBrew"},{"floor":6,"key":"SkillPotion"}],"is_trial":false,"path_per_floor":["M","?","?","M","$","E","R","M","T","R","M","?","R","M","R","B"],"character_chosen":"IRONCLAD","items_purchased":[],"campfire_rested":1,"item_purchase_floors":[],"current_hp_per_floor":[55,55,55,47,47,25,51,56,56,56,58,58,58,58,58,0],"gold":396,"neow_bonus":"ONE_RARE_RELIC","is_prod":false,"is_daily":false,"chose_seed":false,"campfire_upgraded":2,"win_rate":0,"timestamp":1549357143,"path_taken":["M","?","?","M","?","E","R","M","T","R","?","?","R","M","R","BOSS"],"build_version":"2019-01-23","purchased_purges":0,"victory":false,"max_hp_per_floor":[80,80,80,80,80,87,87,87,87,87,87,87,87,87,87,87],"card_choices":[{"not_picked":["Searing Blow","Anger"],"picked":"Cleave","floor":1},{"not_picked":["Iron Wave","Wild Strike"],"picked":"Ghostly Armor","floor":4},{"not_picked":["Searing Blow","Fiend Fire"],"picked":"Whirlwind","floor":6},{"not_picked":["Sword Boomerang","Cleave"],"picked":"Shockwave","floor":8},{"not_picked":["True Grit","Dropkick"],"picked":"Pommel Strike","floor":11},{"not_picked":["Iron Wave","Rupture"],"picked":"Pommel Strike","floor":14}],"player_experience":556845,"relics_obtained":[{"floor":6,"key":"Strawberry"},{"floor":9,"key":"Gremlin Horn"}],"event_choices":[{"damage_healed":0,"gold_gain":0,"cards_transformed":["Strike_R"],"player_choice":"Change","damage_taken":0,"max_hp_gain":0,"max_hp_loss":0,"event_name":"Living Wall","floor":2,"gold_loss":0,"cards_obtained":["Twin Strike"]},{"cards_removed":["Strike_R"],"damage_healed":0,"gold_gain":0,"player_choice":"Card Removal","damage_taken":0,"max_hp_gain":0,"max_hp_loss":0,"event_name":"The Cleric","floor":3,"gold_loss":50},{"damage_healed":0,"gold_gain":175,"player_choice":"AGREE","damage_taken":0,"max_hp_gain":0,"max_hp_loss":0,"event_name":"Liars Game","floor":12,"gold_loss":0,"cards_obtained":["Doubt"]}],"is_beta":false,"boss_relics":[],"items_purged_floors":[],"is_endless":false,"potions_floor_spawned":[1,6],"killed_by":"Slime Boss","ascension_level":4}