{"gold_per_floor":[115,131,131,131,56,56,68,68,94,64,83,83,33,48,48,144,144,155,155,155,7,21,21,49,49,49,76,76,91,101,127,127,229,229,241,341,361,187,287,318,83,100,100,125,141,141,173,27,27,27,27,27,27,62,62],"floor_reached":56,"playtime":11870,"items_purged":["Strike_G","Strike_G"],"score":1312,"play_id":"924e4505-6892-4993-8072-be66ab324edf","local_time":"20181110230800","is_ascension_mode":true,"campfire_choices":[{"floor":6.0,"key":"RECALL"},{"data":"Envenom","floor":8.0,"key":"SMITH"},{"data":"Footwork","floor":15.0,"key":"SMITH"},{"data":"Neutralize","floor":23.0,"key":"SMITH"},{"data":"Footwork","floor":25.0,"key":"SMITH"},{"data":"Well Laid Plans","floor":28.0,"key":"SMITH"},{"floor":32.0,"key":"REST"},{"floor":46.0,"key":"REST"},{"floor":49.0,"key":"REST"},{"data":"Catalyst","floor":52.0,"key":"SMITH"}],"neow_cost":"PERCENT_DAMAGE","seed_source_timestamp":0,"circlet_count":0,"master_deck":["Defend_G","Defend_G","Defend_G","Strike_G","Survivor","Neutralize+1","Footwork+1","Envenom+1","Heel Hook","Acrobatics","Escape Plan","Leg Sweep+1","Escape Plan","Dash","Burst+1","Footwork+1","Well Laid Plans+1","Crippling Poison","PiercingWail+1","Caltrops+1","Footwork+1","Heel Hook","After Image","Die Die Die","After Image","Dodge and Roll+1","Catalyst+1","Outmaneuver+1","Noxious Fumes","Outmaneuver+1","Backflip+1","Doppelganger","Adrenaline"],"special_seed":0,"relics":["Ring of the Snake","Black Star","Anchor","Strawberry","Juzu Bracelet","Bag of Marbles","Orichalcum","Shuriken","Ornamental Fan","Lantern","Ancient Tea Set","White Beast Statue","Shovel","Bag of Preparation","Centennial Puzzle","War Paint","Letter Opener","Paper Crane","Bottled Flame","PreservedInsect","Vajra","Oddly Smooth Stone","Sundial","Molten Egg 2"],"potions_floor_usage":[55,55,55],"damage_taken":[{"damage":0.0,"enemies":"Small Slimes","floor":1.0,"turns":5.0},{"damage":0.0,"enemies":"Jaw Worm","floor":2.0,"turns":6.0},{"damage":0.0,"enemies":"Cultist","floor":7.0,"turns":5.0},{"damage":0.0,"enemies":"Looter","floor":10.0,"turns":4.0},{"damage":1.0,"enemies":"3 Louse","floor":11.0,"turns":5.0},{"damage":0.0,"enemies":"Large Slime","floor":14.0,"turns":10.0},{"damage":18.0,"enemies":"The Guardian","floor":16.0,"turns":14.0},{"damage":7.0,"enemies":"3 Byrds","floor":18.0,"turns":9.0},{"damage":0.0,"enemies":"Shell Parasite","floor":22.0,"turns":10.0},{"damage":7.0,"enemies":"Slavers","floor":24.0,"turns":12.0},{"damage":22.0,"enemies":"Gremlin Leader","floor":27.0,"turns":6.0},{"damage":0.0,"enemies":"Chosen and Byrds","floor":29.0,"turns":8.0},{"damage":0.0,"enemies":"Snake Plant","floor":30.0,"turns":6.0},{"damage":16.0,"enemies":"Slavers","floor":31.0,"turns":7.0},{"damage":1.0,"enemies":"Collector","floor":33.0,"turns":13.0},{"damage":1.0,"enemies":"3 Darklings","floor":35.0,"turns":10.0},{"damage":0.0,"enemies":"Orb Walker","floor":37.0,"turns":6.0},{"damage":7.0,"enemies":"Mind Bloom Boss Battle","floor":39.0,"turns":11.0},{"damage":45.0,"enemies":"Reptomancer","floor":40.0,"turns":10.0},{"damage":2.0,"enemies":"Sphere and 2 Shapes","floor":42.0,"turns":7.0},{"damage":4.0,"enemies":"Giant Head","floor":44.0,"turns":9.0},{"damage":0.0,"enemies":"Jaw Worm Horde","floor":45.0,"turns":4.0},{"damage":14.0,"enemies":"Reptomancer","floor":47.0,"turns":7.0},{"damage":13.0,"enemies":"Awakened One","floor":50.0,"turns":19.0},{"damage":28,"enemies":"Shield and Spear","floor":54,"turns":11},{"damage":19,"enemies":"The Heart","floor":55,"turns":10}],"seed_played":"4493801326413309069","potions_obtained":[{"floor":1.0,"key":"Weak Potion"},{"floor":2.0,"key":"Poison Potion"},{"floor":14.0,"key":"GamblersBrew"},{"floor":27.0,"key":"Swift Potion"},{"floor":31.0,"key":"Strength Potion"},{"floor":33.0,"key":"GamblersBrew"},{"floor":35.0,"key":"Explosive Potion"},{"floor":37.0,"key":"Swift Potion"},{"floor":39.0,"key":"Strength Potion"},{"floor":40.0,"key":"Dexterity Potion"},{"floor":54,"key":"AttackPotion"}],"is_trial":false,"path_per_floor":["M","M","?","?","$","R","M","R","T","M","M","?","?","M","R","B",null,"M","?","T","$","M","R","E","R","T","E","R","M","M","E","R","B",null,"M","?","M","$","?","E","$","M","T","E","M","R","E","$","R","B",null,"R","$","E","B",null],"character_chosen":"THE_SILENT","items_purchased":["Well Laid Plans","Crippling Poison","Catalyst","Noxious Fumes","War Paint","Oddly Smooth Stone"],"campfire_rested":3,"item_purchase_floors":[21,21,38,41,41,48],"current_hp_per_floor":[49,49,42,47,47,47,47,47,47,47,46,46,46,46,46,28,75,68,68,75,75,75,75,68,68,68,46,46,46,46,30,54,53,82,81,81,81,81,74,29,29,27,27,23,23,47,33,33,57,44,82,82,82,54,35],"gold":62,"neow_bonus":"TRANSFORM_TWO_CARDS","is_prod":false,"is_daily":false,"chose_seed":false,"campfire_upgraded":6,"win_rate":1,"timestamp":1541887680,"path_taken":["M","M","?","?","?","R","M","R","T","M","?","?","?","M","R","BOSS","M","?","?","$","M","R","E","R","T","E","R","M","M","E","R","BOSS","M","?","M","?","?","E","$","M","T","E","M","R","E","$","R","BOSS","R","$","E","BOSS"],"build_version":"2018-11-08","purchased_purges":2,"victory":true,"max_hp_per_floor":[70,70,70,75,75,75,75,75,75,75,75,75,75,75,75,75,75,75,75,82,82,82,82,82,82,82,82,82,82,82,82,82,82,82,82,82,82,82,82,82,82,82,82,82,82,82,82,82,82,82,82,82,82,82,82],"card_choices":[{"not_picked":["Dagger Spray","Expertise"],"picked":"Heel Hook","floor":1.0},{"not_picked":["Poisoned Stab","Prepared"],"picked":"Acrobatics","floor":2.0},{"not_picked":["Dodge and Roll","Die Die Die"],"picked":"Escape Plan","floor":7.0},{"not_picked":["Bane","Sucker Punch"],"picked":"Leg Sweep","floor":10.0},{"not_picked":["Choke","Expertise"],"picked":"Escape Plan","floor":11.0},{"not_picked":["Dodge and Roll","Flying Knee"],"picked":"Dash","floor":14.0},{"not_picked":["Wraith Form v2","Unload"],"picked":"Burst","floor":16.0},{"not_picked":["Bane+1","Masterful Stab"],"picked":"Footwork","floor":18.0},{"not_picked":["Choke","Underhanded Strike"],"picked":"PiercingWail+1","floor":22.0},{"not_picked":["Dodge and Roll","Dagger Throw"],"picked":"Caltrops+1","floor":24.0},{"not_picked":["Backflip","All Out Attack+1"],"picked":"Footwork+1","floor":27.0},{"not_picked":["Bane+1","Quick Slash"],"picked":"Heel Hook","floor":29.0},{"not_picked":["Finisher","Dodge and Roll"],"picked":"After Image","floor":30.0},{"not_picked":["Outmaneuver","PiercingWail"],"picked":"Die Die Die","floor":31.0},{"not_picked":["Envenom","Corpse Explosion"],"picked":"After Image","floor":33.0},{"not_picked":["Prepared+1","Backflip+1","Caltrops"],"picked":"SKIP","floor":35.0},{"not_picked":["Bane","Flying Knee"],"picked":"Dodge and Roll+1","floor":37.0},{"not_picked":["Riddle With Holes+1","Slice"],"picked":"Outmaneuver+1","floor":40.0},{"not_picked":["Skewer+1","Dodge and Roll+1","Dagger Spray"],"picked":"SKIP","floor":42.0},{"not_picked":["Poisoned Stab","Backstab+1"],"picked":"Outmaneuver+1","floor":44.0},{"not_picked":["Dodge and Roll","All Out Attack"],"picked":"Backflip+1","floor":45.0},{"not_picked":["Slice","Backflip+1"],"picked":"Doppelganger","floor":47.0},{"not_picked":["Masterful Stab","PiercingWail+1"],"picked":"Adrenaline","floor":54}],"player_experience":25164,"relics_obtained":[{"floor":20.0,"key":"Strawberry"},{"floor":24.0,"key":"Juzu Bracelet"},{"floor":24.0,"key":"Bag of Marbles"},{"floor":26.0,"key":"Orichalcum"},{"floor":27.0,"key":"Shuriken"},{"floor":27.0,"key":"Ornamental Fan"},{"floor":31.0,"key":"Lantern"},{"floor":31.0,"key":"Ancient Tea Set"},{"floor":39.0,"key":"Shovel"},{"floor":40.0,"key":"Bag of Preparation"},{"floor":40.0,"key":"Centennial Puzzle"},{"floor":43.0,"key":"Letter Opener"},{"floor":44.0,"key":"Paper Crane"},{"floor":44.0,"key":"Bottled Flame"},{"floor":47.0,"key":"PreservedInsect"},{"floor":47.0,"key":"Vajra"},{"floor":54,"key":"Sundial"},{"floor":54,"key":"Molten Egg 2"}],"event_choices":[{"cards_removed":["Defend_G"],"damage_healed":0.0,"max_hp_gain":0.0,"max_hp_loss":0.0,"gold_gain":0.0,"event_name":"Golden Wing","player_choice":"Card Removal","floor":3.0,"gold_loss":0.0,"damage_taken":7.0},{"damage_healed":0.0,"max_hp_gain":5.0,"max_hp_loss":0.0,"gold_gain":0.0,"event_name":"Big Fish","player_choice":"Donut","floor":4.0,"gold_loss":0.0,"damage_taken":0.0},{"damage_healed":0.0,"max_hp_gain":0.0,"max_hp_loss":0.0,"gold_gain":0.0,"event_name":"Liars Game","player_choice":"Ignored","floor":12.0,"gold_loss":0.0,"damage_taken":0.0},{"cards_removed":["Defend_G"],"damage_healed":0.0,"max_hp_gain":0.0,"max_hp_loss":0.0,"gold_gain":0.0,"event_name":"The Cleric","player_choice":"Card Removal","floor":13.0,"gold_loss":50.0,"damage_taken":0.0},{"damage_healed":0.0,"max_hp_gain":0.0,"max_hp_loss":0.0,"gold_gain":0.0,"event_name":"The Mausoleum","player_choice":"Opened","floor":19.0,"gold_loss":0.0,"damage_taken":0.0,"relics_obtained":["Anchor"]},{"damage_healed":0.0,"max_hp_gain":0.0,"max_hp_loss":0.0,"gold_gain":100.0,"event_name":"Golden Shrine","player_choice":"Pray","floor":36.0,"gold_loss":0.0,"damage_taken":0.0},{"damage_healed":0.0,"max_hp_gain":0.0,"max_hp_loss":0.0,"gold_gain":0.0,"event_name":"MindBloom","player_choice":"Fight","floor":39.0,"gold_loss":0.0,"damage_taken":0.0}],"is_beta":true,"boss_relics":[{"not_picked":["Coffee Dripper","Lizard Tail"],"picked":"Black Star"},{"not_picked":["Orrery","Velvet Choker"],"picked":"White Beast Statue"}],"items_purged_floors":[5,38],"is_endless":false,"potions_floor_spawned":[1,2,14,18,27,31,33,35,37,39,40,42,45,47,54],"ascension_level":1}