{"gold_per_floor":[113,127,145,100,100,100,119,119,119,119,147,161,195,44,44,139,139,139,54,54,54,54,54,54,54,54,54,54,54,54],"floor_reached":30,"playtime":2246,"items_purged":["Strike_R"],"score":264,"play_id":"f72de0a5-f4a6-480c-9359-eeb3310bf67f","local_time":"20190130235335","is_ascension_mode":true,"campfire_choices":[{"data":"Armaments","floor":6,"key":"SMITH"},{"data":"Double Tap","floor":10,"key":"SMITH"},{"data":"Shrug It Off","floor":15,"key":"SMITH"},{"data":"Inflame","floor":23,"key":"SMITH"},{"data":"Demon Form","floor":25,"key":"SMITH"},{"data":"Flex","floor":28,"key":"SMITH"}],"neow_cost":"NONE","seed_source_timestamp":1357815149546600,"circlet_count":0,"master_deck":["Strike_R","Strike_R","Strike_R","Defend_R","Defend_R","Defend_R","Defend_R","Bash","Double Tap+1","Flex+1","Armaments+1","Shrug It Off+1","Iron Wave","Headbutt","Anger","Cleave","Demon Form+1","Inflame+1","Power Through","Battle Trance","Iron Wave+1"],"relics":["Burning Blood","Letter Opener","Pantograph","Darkstone Periapt","Ectoplasm","The Courier","Peace Pipe"],"potions_floor_usage":[12,13,16,24,30],"damage_taken":[{"damage":6,"enemies":"Cultist","floor":1,"turns":4},{"damage":10,"enemies":"Small Slimes","floor":2,"turns":4},{"damage":2,"enemies":"Jaw Worm","floor":3,"turns":5},{"damage":2,"enemies":"Looter","floor":4,"turns":5},{"damage":4,"enemies":"Red Slaver","floor":7,"turns":4},{"damage":35,"enemies":"Gremlin Nob","floor":11,"turns":5},{"damage":6,"enemies":"Gremlin Gang","floor":12,"turns":5},{"damage":8,"enemies":"Lagavulin","floor":13,"turns":5},{"damage":24,"enemies":"The Guardian","floor":16,"turns":7},{"damage":14,"enemies":"Shell Parasite","floor":18,"turns":3},{"damage":9,"enemies":"3 Byrds","floor":22,"turns":4},{"damage":4,"enemies":"Sentry and Sphere","floor":24,"turns":4},{"damage":27,"enemies":"Snake Plant","floor":27,"turns":6},{"damage":9,"enemies":"Centurion and Healer","floor":29,"turns":5},{"damage":36,"enemies":"Gremlin Leader","floor":30,"turns":5}],"seed_played":"-8581751321024072027","potions_obtained":[{"floor":1,"key":"Block Potion"},{"floor":2,"key":"BloodPotion"},{"floor":7,"key":"GamblersBrew"},{"floor":29,"key":"Strength Potion"}],"is_trial":false,"path_per_floor":["M","M","M","M","?","R","M","?","T","R","E","M","E","$","R","B",null,"M","?","?","?","M","R","M","R","T","M","R","M","E"],"character_chosen":"IRONCLAD","items_purchased":["Inflame"],"campfire_rested":0,"item_purchase_floors":[14],"current_hp_per_floor":[80,76,80,80,85,85,85,78,78,78,49,57,55,55,55,62,85,77,77,77,61,58,58,60,60,60,39,39,36,0],"gold":54,"neow_bonus":"ONE_RANDOM_RARE_CARD","is_prod":false,"is_daily":false,"chose_seed":false,"campfire_upgraded":6,"win_rate":0,"timestamp":1548910415,"path_taken":["M","M","M","M","?","R","M","?","T","R","E","M","E","$","R","BOSS","M","?","?","?","M","R","M","R","T","?","R","?","E"],"build_version":"2019-01-23","purchased_purges":1,"victory":false,"max_hp_per_floor":[80,80,80,80,85,85,85,85,85,85,85,85,85,85,85,85,85,85,85,85,85,85,85,85,85,85,85,85,85,85],"card_choices":[{"not_picked":["Infernal Blade","Evolve"],"picked":"Flex","floor":1},{"not_picked":["Thunderclap","Flex"],"picked":"Armaments","floor":2},{"not_picked":["Entrench","Anger"],"picked":"Shrug It Off","floor":3},{"not_picked":["Sword Boomerang","Thunderclap"],"picked":"Iron Wave","floor":4},{"not_picked":["Power Through","Iron Wave"],"picked":"Headbutt","floor":7},{"not_picked":["Headbutt","Perfected Strike"],"picked":"Anger","floor":11},{"not_picked":["Body Slam","Sword Boomerang"],"picked":"Cleave","floor":12},{"not_picked":["Wild Strike","Double Tap"],"picked":"Demon Form","floor":13},{"not_picked":["Flex","Dropkick"],"picked":"Power Through","floor":18},{"not_picked":["Pommel Strike","Clash"],"picked":"Battle Trance","floor":22},{"not_picked":["Anger","Second Wind+1"],"picked":"Iron Wave+1","floor":24},{"not_picked":["Headbutt","Pummel","Wild Strike"],"picked":"SKIP","floor":27},{"not_picked":["Battle Trance+1","Evolve+1","Feel No Pain"],"picked":"SKIP","floor":29}],"player_experience":131677,"relics_obtained":[{"floor":9,"key":"Letter Opener"},{"floor":11,"key":"Pantograph"},{"floor":13,"key":"Darkstone Periapt"},{"floor":26,"key":"Peace Pipe"}],"event_choices":[{"damage_healed":0,"gold_gain":0,"player_choice":"Donut","damage_taken":0,"max_hp_gain":5,"max_hp_loss":0,"event_name":"Big Fish","floor":5,"gold_loss":0},{"cards_removed":["Strike_R"],"damage_healed":0,"gold_gain":0,"player_choice":"Card Removal","damage_taken":7,"max_hp_gain":0,"max_hp_loss":0,"event_name":"Golden Wing","floor":8,"gold_loss":0},{"damage_healed":0,"gold_gain":0,"player_choice":"Obtained Relic","damage_taken":0,"relics_obtained":["The Courier"],"max_hp_gain":0,"max_hp_loss":0,"event_name":"Addict","floor":19,"gold_loss":85},{"damage_healed":0,"gold_gain":0,"player_choice":"Ignored","damage_taken":0,"max_hp_gain":0,"max_hp_loss":0,"event_name":"Vampires","floor":20,"gold_loss":0},{"damage_healed":0,"gold_gain":0,"player_choice":"POTION ","damage_taken":16,"max_hp_gain":0,"max_hp_loss":0,"event_name":"Knowing Skull","floor":21,"potions_obtained":["Explosive Potion"],"gold_loss":0,"cards_obtained":[]}],"is_beta":false,"boss_relics":[{"not_picked":["Orrery","Black Blood"],"picked":"Ectoplasm"}],"items_purged_floors":[14],"is_endless":false,"potions_floor_spawned":[1,2,7,11,29],"killed_by":"Gremlin Leader","ascension_level":2}