{"gold_per_floor":[119,269,3,3,3,3,3,37,37,37,73,73,73,92,92,188,188,211,230,280,280,305,305,32,32,56,74,74,92,3,24,24,114,114,133,133,149,45,64,64,87,87,113,128,9,34,34,52,52,52],"floor_reached":51,"playtime":2222,"items_purged":["Doubt"],"score":1287,"play_id":"7ff62c2d-d14c-4159-a2b7-25077a90df72","local_time":"20190205002040","is_ascension_mode":true,"campfire_choices":[{"data":"Neutralize","floor":6,"key":"SMITH"},{"data":"Dash","floor":10,"key":"SMITH"},{"data":"Tools of the Trade","floor":13,"key":"SMITH"},{"data":"Survivor","floor":15,"key":"SMITH"},{"floor":23,"key":"REST"},{"floor":25,"key":"REST"},{"data":"Noxious Fumes","floor":32,"key":"SMITH"},{"data":"Footwork","floor":40,"key":"SMITH"},{"floor":42,"key":"REST"},{"data":"Footwork","floor":49,"key":"SMITH"}],"neow_cost":"NONE","seed_source_timestamp":24850487927300,"circlet_count":0,"master_deck":["AscendersBane","Defend_G+1","Defend_G+1","Defend_G+1","Defend_G+1","Defend_G+1","Strike_G+1","Strike_G+1","Strike_G+1","Strike_G+1","Survivor+1","Neutralize+1","Dash+1","Malaise+1","Tools of the Trade+1","Cloak And Dagger+1","Adrenaline+1","Escape Plan+1","Malaise+1","Crippling Poison+1","Footwork+1","Crippling Poison+1","Backstab","Footwork+1","Noxious Fumes+1","Dodge and Roll+1","Burst+1","Backstab+1","Terror+1","Blade Dance+1","Parasite","Well Laid Plans","Accuracy","Backstab","Blur+1"],"relics":["Ring of the Snake","NeowsBlessing","Tiny Chest","Golden Idol","Toxic Egg 2","Ornamental Fan","Ancient Tea Set","WristBlade","Bag of Preparation","Vajra","Darkstone Periapt","Busted Crown","Lantern"],"potions_floor_usage":[16,33,33,50,50],"damage_taken":[{"damage":0,"enemies":"Small Slimes","floor":1,"turns":1},{"damage":0,"enemies":"3 Sentries","floor":8,"turns":1},{"damage":0,"enemies":"Lagavulin","floor":11,"turns":1},{"damage":0,"enemies":"Jaw Worm","floor":14,"turns":3},{"damage":46,"enemies":"Slime Boss","floor":16,"turns":13},{"damage":21,"enemies":"Spheric Guardian","floor":18,"turns":7},{"damage":11,"enemies":"Shell Parasite","floor":19,"turns":7},{"damage":0,"enemies":"Snecko","floor":22,"turns":7},{"damage":15,"enemies":"Cultist and Chosen","floor":27,"turns":8},{"damage":0,"enemies":"3 Cultists","floor":29,"turns":5},{"damage":2,"enemies":"Centurion and Healer","floor":31,"turns":7},{"damage":25,"enemies":"Champ","floor":33,"turns":14},{"damage":10,"enemies":"Orb Walker","floor":35,"turns":5},{"damage":8,"enemies":"3 Darklings","floor":37,"turns":9},{"damage":0,"enemies":"Maw","floor":39,"turns":8},{"damage":7,"enemies":"Writhing Mass","floor":41,"turns":5},{"damage":5,"enemies":"Spire Growth","floor":44,"turns":4},{"damage":2,"enemies":"3 Darklings","floor":46,"turns":5},{"damage":2,"enemies":"Transient","floor":48,"turns":6},{"damage":1,"enemies":"Time Eater","floor":50,"turns":17}],"seed_played":"6375807180204814321","potions_obtained":[{"floor":8,"key":"GhostInAJar"},{"floor":18,"key":"Fire Potion"},{"floor":41,"key":"EssenceOfSteel"},{"floor":44,"key":"Dexterity Potion"}],"is_trial":false,"path_per_floor":["M","?","$","?","$","R","$","E","T","R","E","?","R","M","R","B",null,"M","M","?","?","M","R","$","R","T","M","T","M","$","M","R","B",null,"M","?","M","$","M","R","M","R","T","M","$","M","$","M","R","B",null],"character_chosen":"THE_SILENT","items_purchased":["Tiny Chest","PowerPotion","Footwork","Bag of Preparation","Crippling Poison+1","Noxious Fumes","Terror+1","Blade Dance+1","Accuracy","Backstab"],"campfire_rested":3,"item_purchase_floors":[3,3,24,24,24,30,38,38,45,45],"current_hp_per_floor":[59,59,59,59,59,59,59,59,59,59,59,59,59,59,59,13,48,27,16,16,16,16,34,34,52,52,37,37,37,37,35,35,10,48,38,38,30,30,30,30,29,48,48,43,43,41,41,39,39,38],"gold":52,"neow_bonus":"THREE_ENEMY_KILL","is_prod":false,"is_daily":false,"chose_seed":false,"campfire_upgraded":7,"win_rate":0,"timestamp":1549318840,"path_taken":["M","?","$","?","?","R","$","E","T","R","E","?","R","?","R","BOSS","M","M","?","?","M","R","$","R","T","M","?","M","?","?","R","BOSS","M","?","M","?","M","R","M","R","T","?","$","M","$","M","R","BOSS"],"build_version":"2019-01-23","purchased_purges":1,"victory":true,"max_hp_per_floor":[66,66,66,60,60,60,60,60,60,60,60,60,60,60,60,60,60,60,60,60,60,60,60,60,60,60,60,60,60,60,60,60,60,60,60,60,60,60,60,60,66,66,66,66,66,66,66,66,66,66],"card_choices":[{"not_picked":["Backflip","Outmaneuver","Deflect"],"picked":"SKIP","floor":1},{"not_picked":["Deflect","Sucker Punch"],"picked":"Dash","floor":8},{"not_picked":["Outmaneuver+1","Distraction+1"],"picked":"Malaise+1","floor":11},{"not_picked":["Riddle With Holes","Prepared+1"],"picked":"Cloak And Dagger+1","floor":14},{"not_picked":["Tools of the Trade","Grand Finale"],"picked":"Adrenaline+1","floor":16},{"not_picked":["Dagger Throw","Flying Knee"],"picked":"Escape Plan+1","floor":18},{"not_picked":["Acrobatics+1","Dagger Throw"],"picked":"Malaise+1","floor":19},{"not_picked":["Flying Knee","Infinite Blades"],"picked":"Crippling Poison+1","floor":22},{"not_picked":["Prepared+1","Crippling Poison+1"],"picked":"Backstab","floor":27},{"not_picked":["Underhanded Strike","Slice"],"picked":"Footwork","floor":29},{"not_picked":["Dagger Spray","Heel Hook"],"picked":"Dodge and Roll+1","floor":31},{"not_picked":["Phantasmal Killer+1","Adrenaline+1"],"picked":"Burst+1","floor":33},{"not_picked":["Underhanded Strike"],"picked":"SKIP","floor":35},{"not_picked":[],"picked":"Backstab+1","floor":37},{"not_picked":["Quick Slash+1"],"picked":"SKIP","floor":39},{"not_picked":["Caltrops"],"picked":"SKIP","floor":41},{"not_picked":[],"picked":"Well Laid Plans","floor":44},{"not_picked":[],"picked":"Blur+1","floor":46},{"not_picked":["Dagger Spray+1"],"picked":"SKIP","floor":48}],"player_experience":606785,"relics_obtained":[{"floor":8,"key":"Toxic Egg 2"},{"floor":9,"key":"Ornamental Fan"},{"floor":11,"key":"Ancient Tea Set"},{"floor":26,"key":"Vajra"},{"floor":28,"key":"Darkstone Periapt"},{"floor":43,"key":"Lantern"}],"event_choices":[{"damage_healed":0,"gold_gain":150,"player_choice":"AGREE","damage_taken":0,"max_hp_gain":0,"max_hp_loss":0,"event_name":"Liars Game","floor":2,"gold_loss":0,"cards_obtained":["Doubt"]},{"damage_healed":0,"gold_gain":0,"player_choice":"Lose Max HP","damage_taken":0,"relics_obtained":["Golden Idol"],"max_hp_gain":0,"max_hp_loss":6,"event_name":"Golden Idol","floor":4,"gold_loss":0},{"damage_healed":0,"gold_gain":0,"player_choice":"1 cards matched","damage_taken":0,"max_hp_gain":0,"max_hp_loss":0,"event_name":"Match and Keep!","floor":12,"gold_loss":0,"cards_obtained":["Tools of the Trade"]},{"damage_healed":0,"gold_gain":50,"player_choice":"Stole From Cult","damage_taken":0,"max_hp_gain":0,"max_hp_loss":0,"event_name":"Nest","floor":20,"gold_loss":0},{"damage_healed":0,"gold_gain":0,"player_choice":"Simplicity","damage_taken":0,"max_hp_gain":0,"max_hp_loss":0,"event_name":"Back to Basics","floor":21,"gold_loss":0,"cards_upgraded":["Defend_G","Defend_G","Defend_G","Defend_G","Defend_G","Strike_G","Strike_G","Strike_G","Strike_G","Strike_G"]},{"cards_removed":["Strike_G"],"damage_healed":0,"gold_gain":0,"player_choice":"Removed Attack","damage_taken":0,"max_hp_gain":0,"max_hp_loss":0,"event_name":"Falling","floor":36,"gold_loss":0}],"is_beta":false,"boss_relics":[{"not_picked":["Runic Dome","HoveringKite"],"picked":"WristBlade"},{"not_picked":["Velvet Choker","Orrery"],"picked":"Busted Crown"}],"items_purged_floors":[3],"is_endless":false,"potions_floor_spawned":[8,11,18,19,29,31,41,44],"ascension_level":17}