{"gold_per_floor":[110,126,142,65,77,77,112,112,112,92,110,110,128,156,156,156],"floor_reached":16,"playtime":878,"items_purged":[],"score":118,"play_id":"27b63e59-5262-4655-a157-97d4bed980c6","local_time":"20190129161029","is_ascension_mode":true,"campfire_choices":[{"data":"Body Slam","floor":6,"key":"SMITH"},{"data":"Whirlwind","floor":8,"key":"SMITH"},{"data":"Cleave","floor":12,"key":"SMITH"},{"data":"Body Slam","floor":15,"key":"SMITH"}],"neow_cost":"NONE","seed_source_timestamp":1244998427656500,"circlet_count":0,"master_deck":["Strike_R","Strike_R","Strike_R","Strike_R","Strike_R","Defend_R","Defend_R","Defend_R","Defend_R","Bash","Body Slam+1","Body Slam+1","True Grit","Cleave+1","Metallicize","Whirlwind+1","Rampage+1","Flex","Bludgeon+1","Second Wind"],"relics":["Burning Blood","Molten Egg 2","Unceasing Top","Gambling Chip"],"potions_floor_usage":[7,11,14],"damage_taken":[{"damage":7,"enemies":"2 Louse","floor":1,"turns":2},{"damage":6,"enemies":"Cultist","floor":2,"turns":5},{"damage":5,"enemies":"Small Slimes","floor":3,"turns":4},{"damage":13,"enemies":"2 Fungi Beasts","floor":5,"turns":4},{"damage":29,"enemies":"Gremlin Nob","floor":7,"turns":5},{"damage":4,"enemies":"3 Louse","floor":11,"turns":7},{"damage":9,"enemies":"Gremlin Gang","floor":13,"turns":2},{"damage":17,"enemies":"3 Sentries","floor":14,"turns":5},{"damage":57,"enemies":"The Guardian","floor":16,"turns":10}],"seed_played":"7021223176613192096","potions_obtained":[{"floor":1,"key":"Energy Potion"},{"floor":5,"key":"Poison Potion"},{"floor":10,"key":"Regen Potion"},{"floor":13,"key":"Strength Potion"}],"is_trial":false,"path_per_floor":["M","M","M","$","M","R","E","R","T","?","M","R","M","E","R","B"],"character_chosen":"IRONCLAD","items_purchased":["Metallicize"],"campfire_rested":0,"item_purchase_floors":[4],"current_hp_per_floor":[79,79,80,80,73,73,50,50,50,50,67,67,64,53,53,0],"gold":156,"neow_bonus":"THREE_CARDS","is_prod":false,"is_daily":false,"chose_seed":false,"campfire_upgraded":4,"win_rate":0,"timestamp":1548796229,"path_taken":["M","M","M","$","M","R","E","R","T","?","M","R","M","E","R","BOSS"],"build_version":"2019-01-23","purchased_purges":0,"victory":false,"max_hp_per_floor":[80,80,80,80,80,80,80,80,80,80,80,80,80,80,80,80],"card_choices":[{"not_picked":["Rupture","Second Wind"],"picked":"Body Slam","floor":0},{"not_picked":["Burning Pact","Havoc"],"picked":"Body Slam","floor":1},{"not_picked":["Shockwave","Wild Strike"],"picked":"True Grit","floor":2},{"not_picked":["Twin Strike","Sword Boomerang"],"picked":"Cleave","floor":3},{"not_picked":["Uppercut","Iron Wave"],"picked":"Whirlwind","floor":5},{"not_picked":["Immolate","Pummel"],"picked":"Rampage","floor":7},{"not_picked":["Spot Weakness","Cleave+1"],"picked":"Flex","floor":11},{"not_picked":["Warcry","Clothesline+1"],"picked":"Bludgeon+1","floor":13},{"not_picked":["Havoc","Carnage+1"],"picked":"Second Wind","floor":14}],"player_experience":86077,"relics_obtained":[{"floor":7,"key":"Molten Egg 2"},{"floor":9,"key":"Unceasing Top"},{"floor":14,"key":"Gambling Chip"}],"event_choices":[{"damage_healed":0,"gold_gain":0,"player_choice":"Bought 1 Potion","damage_taken":0,"max_hp_gain":0,"max_hp_loss":0,"event_name":"The Woman in Blue","floor":10,"gold_loss":0}],"is_beta":false,"boss_relics":[],"items_purged_floors":[],"is_endless":false,"potions_floor_spawned":[1,5,13],"killed_by":"The Guardian","ascension_level":1}