{"path_per_floor":["M","$","?","M","?","E","R","E","T","M","$","M","R","?","R","B",null,"M","M","?","M","M","R","M","M","T","R","?","R","?","?","R","B",null,"M","M","$","M","$","R","?","R","T","M","M","$","?","M","R","B"],"character_chosen":"THE_SILENT","items_purchased":["Frozen Eye","Dodge and Roll","Strawberry","Bouncing Flask","Bane","Bronze Scales"],"gold_per_floor":[114,39,39,56,231,290,290,324,324,343,21,37,37,37,37,134,134,115,126,153,168,182,182,196,208,208,208,308,308,308,308,308,411,441,458,470,189,209,117,117,117,117,144,159,176,21,21,39,39,39],"floor_reached":51,"campfire_rested":6,"playtime":6566,"current_hp_per_floor":[68,68,61,61,61,55,55,25,25,25,25,25,46,32,53,53,70,66,52,3,3,3,24,24,20,20,41,41,62,62,62,62,49,75,70,70,77,77,77,77,77,77,77,77,55,55,55,54,82,6],"items_purged":["Defend_G","Doubt","Defend_G"],"gold":39,"score":682,"play_id":"2a81ef36-60a0-49e1-9893-0d362332bf9e","local_time":"20180513154630","is_prod":false,"is_daily":false,"chose_seed":false,"is_ascension_mode":false,"campfire_upgraded":4,"timestamp":1526219190,"path_taken":["M","$","?","M","?","E","R","E","T","M","?","M","R","?","R","BOSS","M","M","?","M","M","R","M","M","T","R","?","R","?","?","R","BOSS","M","M","$","M","?","R","?","R","T","M","M","?","?","M","R","BOSS"],"build_version":"2018-05-10","seed_source_timestamp":3053421020420,"purchased_purges":3,"victory":true,"master_deck":["Defend_G","Defend_G","Defend_G","Strike_G","Strike_G","Strike_G","Strike_G+1","Survivor","Neutralize","Footwork","Leg Sweep+1","Envenom+1","Cloak And Dagger","Dodge and Roll+1","Blur","Tools of the Trade","Backflip","Deadly Poison+1","Poisoned Stab+1","Well Laid Plans","Dash+1","Corpse Explosion","Terror+1","Bouncing Flask+1","Bane","Poisoned Stab","Bouncing Flask","Cloak And Dagger"],"max_hp_per_floor":[70,70,70,70,70,70,70,70,70,70,70,70,70,70,70,70,70,70,70,70,70,70,70,70,70,70,70,70,70,70,70,70,70,75,75,75,82,82,82,82,82,82,82,82,82,82,82,82,82,82],"relics":["Ring of the Snake","Thread and Needle","Tiny Chest","Lantern","Bottled Lightning","Frozen Eye","Sozu","Red Mask","Pen Nib","Regal Pillow","Tiny House","Strawberry","Oddly Smooth Stone","Bronze Scales"],"card_choices":[{"not_picked":["PiercingWail","Dagger Spray"],"picked":"Footwork","floor":4},{"not_picked":["Blade Dance","Flying Knee"],"picked":"Leg Sweep","floor":6},{"not_picked":["Flechettes","Backflip"],"picked":"Envenom","floor":8},{"not_picked":["Sucker Punch","Eviscerate"],"picked":"Cloak And Dagger","floor":10},{"not_picked":["Choke","Acrobatics"],"picked":"Blur","floor":12},{"not_picked":["Die Die Die","Adrenaline"],"picked":"Tools of the Trade","floor":16},{"not_picked":["Deflect","Skewer"],"picked":"Backflip","floor":19},{"not_picked":["Dagger Spray","Heel Hook"],"picked":"Deadly Poison","floor":20},{"not_picked":["Skewer","PiercingWail"],"picked":"Poisoned Stab","floor":21},{"not_picked":["Sucker Punch","Underhanded Strike"],"picked":"Well Laid Plans","floor":22},{"not_picked":["Blur","Dodge and Roll"],"picked":"Dash","floor":25},{"not_picked":["Tactician","Die Die Die"],"picked":"Corpse Explosion","floor":33},{"not_picked":["Flying Knee","Backflip"],"picked":"Terror","floor":34},{"not_picked":["Acrobatics","Dodge and Roll"],"picked":"Poisoned Stab","floor":44},{"not_picked":["Dodge and Roll","Sucker Punch"],"picked":"Bouncing Flask","floor":45},{"not_picked":["Bane","Poisoned Stab"],"picked":"Cloak And Dagger","floor":48}],"player_experience":127892,"potions_floor_usage":[6,16,18],"damage_taken":[{"damage":2,"enemies":"Small Slimes","floor":1,"turns":5},{"damage":0,"enemies":"Jaw Worm","floor":4,"turns":4},{"damage":6,"enemies":"3 Sentries","floor":6,"turns":20},{"damage":30,"enemies":"Gremlin Nob","floor":8,"turns":9},{"damage":0,"enemies":"2 Louse","floor":10,"turns":4},{"damage":0,"enemies":"Exordium Wildlife","floor":12,"turns":6},{"damage":0,"enemies":"The Guardian","floor":16,"turns":17},{"damage":4,"enemies":"2 Thieves","floor":18,"turns":4},{"damage":14,"enemies":"Chosen","floor":19,"turns":8},{"damage":49,"enemies":"Masked Bandits","floor":20,"turns":13},{"damage":0,"enemies":"Centurion and Healer","floor":21,"turns":13},{"damage":0,"enemies":"Snecko","floor":22,"turns":7},{"damage":0,"enemies":"Snake Plant","floor":24,"turns":5},{"damage":4,"enemies":"Centurion and Healer","floor":25,"turns":10},{"damage":13,"enemies":"Collector","floor":33,"turns":18},{"damage":5,"enemies":"3 Darklings","floor":35,"turns":12},{"damage":0,"enemies":"3 Shapes","floor":36,"turns":7},{"damage":0,"enemies":"3 Darklings","floor":38,"turns":7},{"damage":0,"enemies":"Maw","floor":44,"turns":8},{"damage":22,"enemies":"4 Shapes","floor":45,"turns":13},{"damage":1,"enemies":"3 Darklings","floor":48,"turns":5},{"damage":76,"enemies":"Awakened One","floor":50,"turns":23}],"event_choices":[{"event_name":"Scrap Ooze","player_choice":"success","floor":3,"damage_taken":7},{"event_name":"Liars Game","player_choice":"agreed","floor":5,"damage_taken":0},{"event_name":"Shining Light","player_choice":"Entered Light","floor":14,"damage_taken":0},{"event_name":"Masked Bandits","player_choice":"Fought over 126 gold","floor":20,"damage_taken":0},{"event_name":"Golden Shrine","player_choice":"Pray","floor":28,"damage_taken":0},{"event_name":"The Mausoleum","player_choice":"Yes","floor":30,"damage_taken":0},{"event_name":"Purifier","player_choice":"One Purge","floor":31,"damage_taken":0},{"event_name":"Mysterious Sphere","player_choice":"Ignore","floor":41,"damage_taken":0},{"event_name":"SensoryStone","player_choice":"Memory 1","floor":47,"damage_taken":0}],"boss_relics":[{"not_picked":["Cursed Key","Runic Pyramid"],"picked":"Sozu"},{"not_picked":["White Beast Statue","Runic Dome"],"picked":"Tiny House"}],"potions_floor_spawned":[4,8,10,21,22,24,25,44,48],"seed_played":"-7526011458356984630","ascension_level":0,"is_trial":false}