{"gold_per_floor":[112,58,58,77,77,77,57,78,78,29,29,29,42,85,85,176,176,190,190,69,85,175,190,214,214,214,214],"floor_reached":27,"playtime":1296,"items_purged":["Strike_R"],"score":369,"play_id":"a74eb089-1efc-4abd-94ef-cd517bdf39a1","local_time":"20190128140908","is_ascension_mode":true,"campfire_choices":[{"data":"Armaments","floor":6,"key":"SMITH"},{"data":"Body Slam","floor":12,"key":"SMITH"},{"data":"Entrench","floor":15,"key":"SMITH"},{"floor":25,"key":"REST"}],"neow_cost":"NONE","seed_source_timestamp":785751982081714,"circlet_count":0,"master_deck":["AscendersBane","Strike_R","Strike_R","Strike_R","Defend_R","Defend_R","Defend_R","Defend_R","Bash","Entrench+1","Armaments+1","Flame Barrier","Ghostly Armor","Body Slam+1","Shrug It Off","Iron Wave","Berserk","Shrug It Off","Body Slam+1"],"relics":["Burning Blood","Golden Idol","Mercury Hourglass","Lantern","White Beast Statue","Calipers"],"potions_floor_usage":[16,19],"damage_taken":[{"damage":18,"enemies":"Jaw Worm","floor":1,"turns":5},{"damage":5,"enemies":"2 Louse","floor":4,"turns":4},{"damage":1,"enemies":"Small Slimes","floor":8,"turns":6},{"damage":0,"enemies":"Exordium Thugs","floor":13,"turns":4},{"damage":5,"enemies":"3 Sentries","floor":14,"turns":7},{"damage":58,"enemies":"Hexaghost","floor":16,"turns":14},{"damage":16,"enemies":"3 Byrds","floor":18,"turns":3},{"damage":5,"enemies":"Colosseum Slavers","floor":19,"turns":6},{"damage":7,"enemies":"Shell Parasite","floor":21,"turns":7},{"damage":31,"enemies":"Snake Plant","floor":23,"turns":6},{"damage":8,"enemies":"Chosen and Byrds","floor":24,"turns":10},{"damage":32,"enemies":"Gremlin Leader","floor":27,"turns":7}],"seed_played":"-5443730601784678375","potions_obtained":[{"floor":1,"key":"FearPotion"},{"floor":7,"key":"SmokeBomb"},{"floor":13,"key":"Strength Potion"},{"floor":16,"key":"Fire Potion"},{"floor":18,"key":"PowerPotion"},{"floor":21,"key":"Strength Potion"}],"is_trial":false,"path_per_floor":["M","$","?","M","?","R","?","M","T","$","?","R","M","E","R","B",null,"M","?","$","M","?","M","M","R","T","E"],"character_chosen":"IRONCLAD","items_purchased":["Armaments","Body Slam","Shrug It Off"],"campfire_rested":1,"item_purchase_floors":[2,10,20],"current_hp_per_floor":[63,63,56,57,57,57,57,62,62,62,62,62,68,69,69,17,60,50,51,51,50,36,11,9,31,31,0],"gold":214,"neow_bonus":"TEN_PERCENT_HP_BONUS","is_prod":false,"is_daily":false,"chose_seed":false,"campfire_upgraded":3,"win_rate":0,"timestamp":1548680948,"path_taken":["M","$","?","M","?","R","?","?","T","?","?","R","M","E","R","BOSS","M","?","$","M","?","M","?","R","T","E"],"build_version":"2019-01-23","purchased_purges":1,"victory":false,"max_hp_per_floor":[82,82,82,82,74,74,74,74,74,74,74,74,74,74,74,74,74,74,74,74,74,74,74,74,74,74,74],"card_choices":[{"not_picked":["Perfected Strike","Warcry"],"picked":"Entrench","floor":1},{"not_picked":["Armaments","True Grit"],"picked":"Flame Barrier","floor":4},{"not_picked":["Clothesline","Disarm"],"picked":"Ghostly Armor","floor":8},{"not_picked":["Intimidate","Clash"],"picked":"Shrug It Off","floor":13},{"not_picked":["Shrug It Off","Perfected Strike"],"picked":"Iron Wave","floor":14},{"not_picked":["Offering","Exhume"],"picked":"Berserk","floor":16},{"not_picked":["Spot Weakness","Wild Strike","Pommel Strike"],"picked":"SKIP","floor":18},{"not_picked":["Havoc","Clothesline+1","Pommel Strike"],"picked":"SKIP","floor":21},{"not_picked":["Havoc","Heavy Blade","Perfected Strike"],"picked":"SKIP","floor":23},{"not_picked":["Thunderclap","True Grit"],"picked":"Body Slam+1","floor":24}],"player_experience":652365,"relics_obtained":[{"floor":9,"key":"Mercury Hourglass"},{"floor":14,"key":"Lantern"},{"floor":26,"key":"Calipers"}],"event_choices":[{"cards_removed":["Strike_R"],"damage_healed":0,"gold_gain":0,"player_choice":"Card Removal","damage_taken":7,"max_hp_gain":0,"max_hp_loss":0,"event_name":"Golden Wing","floor":3,"gold_loss":0},{"damage_healed":0,"gold_gain":0,"player_choice":"Lose Max HP","damage_taken":0,"relics_obtained":["Golden Idol"],"max_hp_gain":0,"max_hp_loss":8,"event_name":"Golden Idol","floor":5,"gold_loss":0},{"damage_healed":0,"gold_gain":0,"player_choice":"Bought 1 Potion","damage_taken":0,"max_hp_gain":0,"max_hp_loss":0,"event_name":"The Woman in Blue","floor":7,"gold_loss":0},{"damage_healed":0,"gold_gain":0,"player_choice":"Leave","damage_taken":0,"max_hp_gain":0,"max_hp_loss":0,"event_name":"The Cleric","floor":11,"gold_loss":0},{"damage_healed":0,"gold_gain":0,"player_choice":"Fight","damage_taken":0,"max_hp_gain":0,"max_hp_loss":0,"event_name":"Colosseum","floor":19,"gold_loss":0},{"damage_healed":0,"gold_gain":0,"player_choice":"Fled From Nobs","damage_taken":0,"max_hp_gain":0,"max_hp_loss":0,"event_name":"Colosseum","floor":19,"gold_loss":0},{"damage_healed":0,"gold_gain":90,"player_choice":"GOLD ","damage_taken":14,"max_hp_gain":0,"max_hp_loss":0,"event_name":"Knowing Skull","floor":22,"potions_obtained":[],"gold_loss":0,"cards_obtained":[]}],"is_beta":true,"boss_relics":[{"not_picked":["Lizard Tail","Snecko Eye"],"picked":"White Beast Statue"}],"items_purged_floors":[20],"is_endless":false,"potions_floor_spawned":[1,13,16,18,19,21,23,24],"killed_by":"Gremlin Leader","ascension_level":15}