{"gold_per_floor":[10,29,29,29,104,124,11,11,36,57,82,100,100,120,120,120],"floor_reached":16,"playtime":832,"items_purged":[],"score":183,"play_id":"a31f0802-292d-4b67-a96b-d51cc0982a4d","local_time":"20190205142050","is_ascension_mode":true,"campfire_choices":[{"data":"Armaments","floor":8,"key":"SMITH"},{"data":"Body Slam","floor":13,"key":"SMITH"},{"data":"True Grit","floor":15,"key":"SMITH"}],"neow_cost":"NO_GOLD","seed_source_timestamp":1478142638822554,"circlet_count":0,"master_deck":["AscendersBane","Strike_R","Strike_R","Strike_R","Strike_R","Defend_R","Defend_R","Defend_R","Defend_R","Bash","Seeing Red","Shrug It Off","Shrug It Off","Armaments+1","Iron Wave","True Grit+1","Offering","Body Slam+1","Iron Wave"],"relics":["Burning Blood","WingedGreaves","Golden Idol","Bronze Scales"],"potions_floor_usage":[],"damage_taken":[{"damage":9,"enemies":"2 Louse","floor":1,"turns":4},{"damage":4,"enemies":"Small Slimes","floor":2,"turns":3},{"damage":0,"enemies":"Jaw Worm","floor":6,"turns":4},{"damage":7,"enemies":"3 Louse","floor":10,"turns":3},{"damage":8,"enemies":"Blue Slaver","floor":11,"turns":5},{"damage":27,"enemies":"Exordium Thugs","floor":12,"turns":4},{"damage":4,"enemies":"2 Fungi Beasts","floor":14,"turns":4},{"damage":40,"enemies":"The Guardian","floor":16,"turns":10}],"seed_played":"-1194463481635666135","potions_obtained":[{"floor":1,"key":"SpeedPotion"},{"floor":2,"key":"Explosive Potion"}],"is_trial":false,"path_per_floor":["M","M","?","?","?","M","$","R","T","M","M","M","R","M","R","B"],"character_chosen":"IRONCLAD","items_purchased":["Armaments","Iron Wave"],"campfire_rested":0,"item_purchase_floors":[7,7],"current_hp_per_floor":[65,67,67,67,56,62,62,62,62,61,59,38,38,40,40,0],"gold":120,"neow_bonus":"ONE_RARE_RELIC","is_prod":false,"is_daily":false,"chose_seed":false,"campfire_upgraded":3,"win_rate":0,"timestamp":1549372850,"path_taken":["M","M","?","?","?","?","$","R","T","M","M","M","R","M","R","BOSS"],"build_version":"2019-01-23","purchased_purges":0,"victory":false,"max_hp_per_floor":[75,75,68,68,68,68,68,68,68,68,68,68,68,68,68,68],"card_choices":[{"not_picked":["Thunderclap","Metallicize"],"picked":"Seeing Red","floor":1},{"not_picked":["Dual Wield","Perfected Strike"],"picked":"Shrug It Off","floor":2},{"not_picked":["Corruption","Sever Soul","Reckless Charge"],"picked":"SKIP","floor":6},{"not_picked":["Anger","Thunderclap"],"picked":"True Grit","floor":10},{"not_picked":["Twin Strike","Evolve"],"picked":"Offering","floor":11},{"not_picked":["Intimidate","Shrug It Off"],"picked":"Body Slam","floor":12},{"not_picked":["Anger","Cleave"],"picked":"Iron Wave","floor":14}],"player_experience":710036,"relics_obtained":[{"floor":9,"key":"Bronze Scales"}],"event_choices":[{"damage_healed":0,"gold_gain":0,"player_choice":"Lose Max HP","damage_taken":0,"relics_obtained":["Golden Idol"],"max_hp_gain":0,"max_hp_loss":7,"event_name":"Golden Idol","floor":3,"gold_loss":0},{"damage_healed":0,"gold_gain":0,"cards_transformed":["Strike_R"],"player_choice":"Change","damage_taken":0,"max_hp_gain":0,"max_hp_loss":0,"event_name":"Living Wall","floor":4,"gold_loss":0,"cards_obtained":["Shrug It Off"]},{"damage_healed":0,"gold_gain":75,"player_choice":"Gather Gold","damage_taken":11,"max_hp_gain":0,"max_hp_loss":0,"event_name":"World of Goop","floor":5,"gold_loss":0}],"is_beta":true,"boss_relics":[],"items_purged_floors":[],"is_endless":false,"potions_floor_spawned":[1,2,12,14],"killed_by":"The Guardian","ascension_level":19}