{"gold_per_floor":[118,293,293,303,29,46,56,85,85,98,111,186,186,219,219,219],"floor_reached":16,"playtime":1642,"items_purged":["Strike_R"],"score":185,"play_id":"cfe7e722-af42-465a-9b26-02b74526d0a2","local_time":"20181027202521","is_ascension_mode":true,"campfire_choices":[{"floor":15,"key":"REST"}],"neow_cost":"NONE","seed_source_timestamp":1511980424683765,"circlet_count":0,"master_deck":["Strike_R","Strike_R","Strike_R","Defend_R","Defend_R","Defend_R","Defend_R","Bash","AscendersBane","Deep Breath","Battle Trance","Shrug It Off","Searing Blow"],"relics":["Burning Blood","Sling","Happy Flower","Pen Nib","Mercury Hourglass"],"potions_floor_usage":[10,14],"damage_taken":[{"damage":6,"enemies":"2 Louse","floor":1,"turns":4},{"damage":7,"enemies":"Jaw Worm","floor":4,"turns":3},{"damage":7,"enemies":"Small Slimes","floor":6,"turns":3},{"damage":21,"enemies":"Looter","floor":7,"turns":4},{"damage":30,"enemies":"3 Sentries","floor":8,"turns":12},{"damage":3,"enemies":"Blue Slaver","floor":10,"turns":7},{"damage":10,"enemies":"3 Louse","floor":11,"turns":3},{"damage":5,"enemies":"Gremlin Nob","floor":14,"turns":3},{"damage":45,"enemies":"The Guardian","floor":16,"turns":13}],"seed_played":"2016320735662686020","potions_obtained":[{"floor":4,"key":"SneckoOil"},{"floor":7,"key":"BloodPotion"},{"floor":8,"key":"Explosive Potion"},{"floor":10,"key":"SteroidPotion"}],"is_trial":false,"path_per_floor":["M","?","?","M","$","M","M","E","T","M","M","?","?","E","R"],"character_chosen":"IRONCLAD","items_purchased":["Sling"],"campfire_rested":1,"item_purchase_floors":[5],"current_hp_per_floor":[72,72,65,64,64,63,48,24,24,35,31,20,20,21,45,0],"gold":219,"neow_bonus":"RANDOM_COLORLESS","is_prod":false,"is_daily":false,"chose_seed":false,"campfire_upgraded":0,"win_rate":0,"timestamp":1540664721,"path_taken":["M","?","?","M","$","M","M","E","T","M","?","?","?","E","R","BOSS"],"build_version":"2018-10-25v2","purchased_purges":1,"victory":false,"max_hp_per_floor":[80,80,80,80,80,80,80,80,80,80,80,80,80,80,80,80],"card_choices":[{"not_picked":["Headbutt","Entrench"],"picked":"Battle Trance","floor":1},{"not_picked":["Combust","Wild Strike","Entrench"],"picked":"SKIP","floor":4},{"not_picked":["Havoc","Pummel","Disarm"],"picked":"SKIP","floor":6},{"not_picked":["Heavy Blade","Sever Soul","Twin Strike"],"picked":"SKIP","floor":7},{"not_picked":["Impervious","Havoc"],"picked":"Shrug It Off","floor":8},{"not_picked":["Wild Strike","Iron Wave"],"picked":"Searing Blow","floor":10},{"not_picked":["Spot Weakness","Power Through","Dropkick"],"picked":"SKIP","floor":11},{"not_picked":["Flame Barrier","Bloodletting","Second Wind"],"picked":"SKIP","floor":14}],"player_experience":414357,"relics_obtained":[{"floor":8,"key":"Happy Flower"},{"floor":9,"key":"Pen Nib"},{"floor":14,"key":"Mercury Hourglass"}],"event_choices":[{"damage_healed":0,"gold_gain":175,"player_choice":"AGREE","damage_taken":0,"max_hp_gain":0,"max_hp_loss":0,"event_name":"Liars Game","floor":2,"gold_loss":0,"cards_obtained":["Doubt"]},{"cards_removed":["Doubt"],"damage_healed":0,"gold_gain":0,"player_choice":"Card Removal","damage_taken":7,"max_hp_gain":0,"max_hp_loss":0,"event_name":"Golden Wing","floor":3,"gold_loss":0},{"damage_healed":0,"gold_gain":75,"player_choice":"Gather Gold","damage_taken":11,"max_hp_gain":0,"max_hp_loss":0,"event_name":"World of Goop","floor":12,"gold_loss":0},{"cards_removed":["Strike_R"],"damage_healed":0,"gold_gain":0,"player_choice":"Forget","damage_taken":0,"max_hp_gain":0,"max_hp_loss":0,"event_name":"Living Wall","floor":13,"gold_loss":0}],"is_beta":true,"boss_relics":[],"items_purged_floors":[5],"is_endless":false,"potions_floor_spawned":[4,7,8,10],"killed_by":"The Guardian","ascension_level":13}