{"path_per_floor":["M","?","M","M","M","E","M","?","T","$","R","M","T","M","R","B",null,"M","M","M","M","$","R","M","R","T","?","?","R","T","M","R","B",null,"M","$","?","?","$","R","E","M","T","?","R","M","M","M","R"],"character_chosen":"THE_SILENT","items_purchased":["Footwork","Orichalcum","Dodge and Roll","Accuracy","Secret Technique","Infinite Blades"],"gold_per_floor":[111,186,199,211,226,257,267,267,291,19,19,32,32,47,47,152,152,169,183,198,209,62,62,73,73,73,73,73,73,98,118,118,219,219,239,43,43,98,30,30,65,77,77,77,77,94,112,128,128,128],"floor_reached":50,"campfire_rested":5,"playtime":5744,"current_hp_per_floor":[70,59,59,59,59,36,34,34,34,34,34,33,33,31,52,23,72,66,66,60,32,32,32,27,49,49,49,49,49,49,51,74,22,78,67,67,57,22,22,45,9,8,8,70,70,70,70,54,74,0],"items_purged":["Strike_G"],"gold":128,"score":526,"play_id":"04eedc68-aa68-491b-8f37-e3ce1a7acecf","local_time":"20180511165402","is_prod":false,"is_daily":false,"chose_seed":false,"is_ascension_mode":false,"campfire_upgraded":4,"timestamp":1526050442,"path_taken":["M","?","M","?","M","E","M","?","T","$","R","?","?","M","R","BOSS","M","?","M","M","$","R","M","R","T","?","?","R","?","M","R","BOSS","M","?","?","?","$","R","E","?","T","?","R","?","M","M","R","BOSS"],"build_version":"2018-05-10","seed_source_timestamp":31507655459391,"purchased_purges":1,"victory":false,"master_deck":["Defend_G","Defend_G","Defend_G","Strike_G","Strike_G","Strike_G","Survivor","Neutralize","Outmaneuver","Well Laid Plans","Accuracy+1","Adrenaline","Cloak And Dagger+1","Backflip","Footwork+1","Dodge and Roll","Dash","Storm of Steel+1","Tactician+1","Underhanded Strike+1","Predator+1","Cloak And Dagger+1","Backflip","Accuracy+1","After Image+1","Writhe","Envenom+1","Escape Plan","Secret Technique","Madness","Madness","Blur+1","Infinite Blades+1","Prepared+1","Regret","Malaise+1"],"max_hp_per_floor":[70,70,70,70,70,70,70,70,70,70,70,70,70,72,72,72,72,74,74,74,76,76,76,76,76,76,76,76,76,76,78,78,78,78,78,78,78,78,78,78,80,80,80,70,70,72,74,74,74,74],"relics":["Ring of the Snake","NeowsBlessing","Calipers","Singing Bowl","Orichalcum","Frozen Egg 2","Astrolabe","Bottled Flame","Happy Flower","Snake Skull","Cursed Key","Torii","Pen Nib","Tough Bandages"],"card_choices":[{"not_picked":["Expertise","Deflect"],"picked":"Outmaneuver","floor":1},{"not_picked":["Acrobatics","Sucker Punch"],"picked":"Well Laid Plans","floor":3},{"not_picked":["Prepared","Leg Sweep"],"picked":"Accuracy","floor":4},{"not_picked":["All Out Attack","Dodge and Roll"],"picked":"Adrenaline","floor":5},{"not_picked":["Dagger Throw","Quick Slash"],"picked":"Cloak And Dagger","floor":6},{"not_picked":["Finisher","Dagger Throw"],"picked":"Backflip","floor":7},{"not_picked":["Acrobatics","Catalyst"],"picked":"Dash","floor":12},{"not_picked":["Wraith Form v2","Adrenaline"],"picked":"Storm of Steel","floor":16},{"not_picked":["PiercingWail","Flying Knee"],"picked":"Cloak And Dagger","floor":19},{"not_picked":["Prepared","Leg Sweep"],"picked":"Backflip","floor":20},{"not_picked":["Dodge and Roll","Dagger Spray"],"picked":"After Image","floor":24},{"not_picked":["Tools of the Trade","Adrenaline"],"picked":"Envenom","floor":33},{"not_picked":["Quick Slash","Bane"],"picked":"Escape Plan","floor":35},{"not_picked":["Flying Knee","Dash"],"picked":"Blur","floor":38},{"not_picked":["Slice","Sucker Punch"],"picked":"Prepared","floor":42},{"not_picked":["Outmaneuver","All Out Attack"],"picked":"Malaise","floor":48}],"player_experience":109924,"potions_floor_usage":[6,16,16,20,31,31,31,38,50],"damage_taken":[{"damage":0,"enemies":"Small Slimes","floor":1,"turns":1},{"damage":0,"enemies":"Jaw Worm","floor":3,"turns":1},{"damage":0,"enemies":"Cultist","floor":4,"turns":1},{"damage":0,"enemies":"3 Louse","floor":5,"turns":5},{"damage":23,"enemies":"3 Sentries","floor":6,"turns":11},{"damage":2,"enemies":"Blue Slaver","floor":7,"turns":5},{"damage":1,"enemies":"Exordium Wildlife","floor":12,"turns":6},{"damage":4,"enemies":"Lots of Slimes","floor":14,"turns":7},{"damage":29,"enemies":"Slime Boss","floor":16,"turns":20},{"damage":8,"enemies":"Shell Parasite","floor":18,"turns":6},{"damage":0,"enemies":"3 Byrds","floor":19,"turns":6},{"damage":21,"enemies":"Snake Plant","floor":20,"turns":7},{"damage":30,"enemies":"Slaver and Parasite","floor":21,"turns":9},{"damage":5,"enemies":"Snecko","floor":24,"turns":3},{"damage":0,"enemies":"Snake Plant","floor":31,"turns":4},{"damage":52,"enemies":"Champ","floor":33,"turns":20},{"damage":11,"enemies":"3 Darklings","floor":35,"turns":6},{"damage":35,"enemies":"Mysterious Sphere","floor":38,"turns":7},{"damage":38,"enemies":"Nemesis","floor":41,"turns":9},{"damage":1,"enemies":"3 Shapes","floor":42,"turns":4},{"damage":2,"enemies":"Maw","floor":46,"turns":6},{"damage":2,"enemies":"3 Darklings","floor":47,"turns":5},{"damage":16,"enemies":"4 Shapes","floor":48,"turns":6},{"damage":75,"enemies":"Time Eater","floor":50,"turns":12}],"event_choices":[{"event_name":"World of Goop","player_choice":"Gather Gold","floor":2,"damage_taken":0},{"event_name":"Living Wall","player_choice":"Grow","floor":8,"damage_taken":0},{"event_name":"The Mausoleum","player_choice":"Yes","floor":27,"damage_taken":0},{"event_name":"Beggar","player_choice":"Ignored","floor":28,"damage_taken":0},{"event_name":"Winding Halls","player_choice":"Embrace Madness","floor":37,"damage_taken":0},{"event_name":"Mysterious Sphere","player_choice":"Fight","floor":38,"damage_taken":0},{"event_name":"The Moai Head","player_choice":"Heal","floor":44,"damage_taken":0}],"boss_relics":[{"not_picked":["Lizard Tail","White Beast Statue"],"picked":"Astrolabe"},{"not_picked":["Calling Bell","Philosopher\u0027s Stone"],"picked":"Cursed Key"}],"potions_floor_spawned":[1,6,12,16,19,20,24,35,42],"seed_played":"5273571764179335410","killed_by":"Time Eater","ascension_level":0,"is_trial":false}