{"gold_per_floor":[113,131,131,148,165,181,4,35,35,35],"floor_reached":10,"playtime":743,"items_purged":[],"score":74,"play_id":"ea809bfe-7b6b-4f54-a7fa-e2aa3299d9b7","local_time":"20190201203223","is_ascension_mode":true,"campfire_choices":[],"neow_cost":"NONE","seed_source_timestamp":1520045946784600,"circlet_count":0,"master_deck":["Defend_G","Defend_G","Defend_G","Defend_G","Defend_G","Strike_G","Strike_G","Strike_G","Strike_G","Strike_G","Survivor","Neutralize","Blur","PiercingWail","Unload","Dagger Spray","Cloak And Dagger","Violence","Dagger Throw"],"relics":["Ring of the Snake","Vajra","Molten Egg 2"],"potions_floor_usage":[8],"damage_taken":[{"damage":0,"enemies":"2 Louse","floor":1,"turns":4},{"damage":0,"enemies":"Cultist","floor":2,"turns":5},{"damage":0,"enemies":"Small Slimes","floor":4,"turns":4},{"damage":3,"enemies":"Blue Slaver","floor":5,"turns":6},{"damage":8,"enemies":"3 Louse","floor":6,"turns":3},{"damage":39,"enemies":"Lagavulin","floor":8,"turns":10},{"damage":27,"enemies":"Gremlin Nob","floor":10,"turns":4}],"seed_played":"5446034688219349809","potions_obtained":[{"floor":2,"key":"SpeedPotion"},{"floor":4,"key":"AttackPotion"},{"floor":8,"key":"Dexterity Potion"}],"is_trial":false,"path_per_floor":["M","M","?","M","M","M","$","E","T","E"],"character_chosen":"THE_SILENT","items_purchased":["Violence"],"campfire_rested":0,"item_purchase_floors":[7],"current_hp_per_floor":[77,77,77,77,74,66,66,27,27,0],"gold":35,"neow_bonus":"TEN_PERCENT_HP_BONUS","is_prod":false,"is_daily":false,"chose_seed":false,"campfire_upgraded":0,"win_rate":0,"timestamp":1549071143,"path_taken":["M","M","?","M","M","?","$","E","T","E"],"build_version":"2019-01-23","purchased_purges":0,"victory":false,"max_hp_per_floor":[77,77,77,77,77,77,77,77,77,77],"card_choices":[{"not_picked":["Sucker Punch","Heel Hook"],"picked":"Blur","floor":1},{"not_picked":["Prepared","Sucker Punch"],"picked":"PiercingWail","floor":2},{"not_picked":["Blade Dance","Dagger Throw"],"picked":"Dagger Spray","floor":4},{"not_picked":["Crippling Poison","PiercingWail","Calculated Gamble"],"picked":"SKIP","floor":5},{"not_picked":["Blade Dance","Flying Knee"],"picked":"Cloak And Dagger","floor":6},{"not_picked":["Dagger Spray","Endless Agony"],"picked":"Dagger Throw","floor":8}],"player_experience":196455,"relics_obtained":[{"floor":8,"key":"Vajra"},{"floor":9,"key":"Molten Egg 2"}],"event_choices":[{"damage_healed":0,"gold_gain":0,"player_choice":"1 cards matched","damage_taken":0,"max_hp_gain":0,"max_hp_loss":0,"event_name":"Match and Keep!","floor":3,"gold_loss":0,"cards_obtained":["Unload"]}],"is_beta":false,"boss_relics":[],"items_purged_floors":[],"is_endless":false,"potions_floor_spawned":[2,4,8],"killed_by":"Gremlin Nob","ascension_level":1}