{"gold_per_floor":[119,138,63,75,25,53,53,81,148,180,192,174,186,214,226,341,353,376,402,263,274,287,319,334,334,334,347,347,547,558,570,570,570],"floor_reached":33,"playtime":2616,"items_purged":["Strike_R","Strike_R"],"score":331,"play_id":"89b0d1c5-f211-4486-bd01-4fa0bec0095e","local_time":"20190128232643","is_ascension_mode":false,"campfire_choices":[{"floor":7,"key":"REST"},{"data":"Shrug It Off","floor":11,"key":"SMITH"},{"data":"Limit Break","floor":13,"key":"SMITH"},{"data":"Armaments","floor":15,"key":"SMITH"},{"floor":25,"key":"REST"},{"data":"Demon Form","floor":28,"key":"SMITH"},{"data":"Heavy Blade","floor":32,"key":"SMITH"}],"neow_cost":"NONE","seed_source_timestamp":1183033387963700,"circlet_count":0,"master_deck":["Strike_R","Strike_R","Defend_R","Defend_R","Defend_R","Defend_R","Bash","Warcry","Shrug It Off+1","Shrug It Off","Heavy Blade","Dual Wield","Metallicize","Limit Break+1","Armaments+1","Demon Form+1","Heavy Blade+1","Second Wind+1","Flex","Iron Wave+1","Shrug It Off","Spot Weakness"],"relics":["Burning Blood","Kunai","MawBank","PreservedInsect","Velvet Choker","Strawberry","Matryoshka"],"potions_floor_usage":[8,10,16,16,21,23,23,24,33],"damage_taken":[{"damage":7,"enemies":"Cultist","floor":1,"turns":5},{"damage":8,"enemies":"2 Louse","floor":2,"turns":3},{"damage":0,"enemies":"Jaw Worm","floor":4,"turns":6},{"damage":65,"enemies":"Lagavulin","floor":6,"turns":12},{"damage":22,"enemies":"Gremlin Nob","floor":8,"turns":5},{"damage":3,"enemies":"Lots of Slimes","floor":10,"turns":3},{"damage":0,"enemies":"Looter","floor":12,"turns":4},{"damage":3,"enemies":"Blue Slaver","floor":14,"turns":7},{"damage":27,"enemies":"The Guardian","floor":16,"turns":16},{"damage":13,"enemies":"Shell Parasite","floor":18,"turns":6},{"damage":16,"enemies":"Spheric Guardian","floor":19,"turns":6},{"damage":6,"enemies":"Snake Plant","floor":21,"turns":6},{"damage":32,"enemies":"Chosen and Byrds","floor":22,"turns":8},{"damage":42,"enemies":"Slavers","floor":23,"turns":6},{"damage":29,"enemies":"Snecko","floor":24,"turns":7},{"damage":2,"enemies":"Sentry and Sphere","floor":27,"turns":8},{"damage":2,"enemies":"Shelled Parasite and Fungi","floor":30,"turns":5},{"damage":12,"enemies":"Centurion and Healer","floor":31,"turns":9},{"damage":42,"enemies":"Collector","floor":33,"turns":3}],"seed_played":"8264569996854475593","potions_obtained":[{"floor":4,"key":"LiquidBronze"},{"floor":6,"key":"SteroidPotion"},{"floor":8,"key":"Explosive Potion"},{"floor":14,"key":"SkillPotion"},{"floor":16,"key":"Block Potion"},{"floor":19,"key":"Regen Potion"},{"floor":22,"key":"FearPotion"},{"floor":23,"key":"Fire Potion"},{"floor":30,"key":"Weak Potion"},{"floor":31,"key":"SpeedPotion"}],"is_trial":false,"path_per_floor":["M","M","$","M","?","E","R","E","T","M","R","M","R","M","R","B",null,"M","M","$","M","M","E","M","R","T","M","R","?","M","M","R","B"],"character_chosen":"IRONCLAD","items_purchased":["Flex"],"campfire_rested":2,"item_purchase_floors":[20],"current_hp_per_floor":[87,85,85,88,88,29,55,39,39,42,42,48,48,51,51,30,88,81,71,71,71,45,31,8,36,36,40,40,40,44,38,38,0],"gold":570,"neow_bonus":"TEN_PERCENT_HP_BONUS","is_prod":false,"is_daily":false,"chose_seed":false,"campfire_upgraded":5,"win_rate":0.0,"timestamp":1548736003,"path_taken":["M","M","$","?","?","E","R","E","T","M","R","M","R","M","R","BOSS","M","M","$","M","M","E","M","R","T","M","R","?","M","?","R","BOSS"],"build_version":"2019-01-23","purchased_purges":2,"victory":false,"max_hp_per_floor":[88,88,88,88,88,88,88,88,88,88,88,88,88,88,88,88,88,88,88,88,88,88,95,95,95,95,95,95,95,95,95,95,95],"card_choices":[{"not_picked":["Seeing Red","Sword Boomerang"],"picked":"Warcry","floor":1},{"not_picked":["Spot Weakness","True Grit"],"picked":"Shrug It Off","floor":2},{"not_picked":["Perfected Strike","Uppercut"],"picked":"Shrug It Off","floor":4},{"not_picked":["Clash","Dual Wield"],"picked":"Heavy Blade","floor":6},{"not_picked":["Twin Strike","Uppercut"],"picked":"Dual Wield","floor":8},{"not_picked":["Perfected Strike","Rupture"],"picked":"Metallicize","floor":10},{"not_picked":["Clothesline","Wild Strike"],"picked":"Limit Break","floor":12},{"not_picked":["Iron Wave","Infernal Blade"],"picked":"Armaments","floor":14},{"not_picked":["Offering","Juggernaut"],"picked":"Demon Form","floor":16},{"not_picked":["Iron Wave","Wild Strike"],"picked":"Heavy Blade","floor":18},{"not_picked":["Iron Wave","Warcry"],"picked":"Second Wind+1","floor":19},{"not_picked":["Dual Wield","Dark Embrace","Feel No Pain+1"],"picked":"SKIP","floor":21},{"not_picked":["Dropkick","Pommel Strike"],"picked":"Iron Wave+1","floor":22},{"not_picked":["Thunderclap","Feel No Pain"],"picked":"Shrug It Off","floor":23},{"not_picked":["Warcry","Bloodletting+1","Corruption"],"picked":"SKIP","floor":24},{"not_picked":["Battle Trance","Headbutt"],"picked":"Spot Weakness","floor":27},{"not_picked":["Immolate","Pommel Strike","Twin Strike"],"picked":"SKIP","floor":30},{"not_picked":["Heavy Blade","Thunderclap","Combust"],"picked":"SKIP","floor":31}],"player_experience":58742,"relics_obtained":[{"floor":6,"key":"Kunai"},{"floor":8,"key":"MawBank"},{"floor":9,"key":"PreservedInsect"},{"floor":23,"key":"Strawberry"},{"floor":26,"key":"Matryoshka"}],"event_choices":[{"cards_removed":["Strike_R"],"damage_healed":0,"gold_gain":0,"player_choice":"Card Removal","damage_taken":0,"max_hp_gain":0,"max_hp_loss":0,"event_name":"The Cleric","floor":5,"gold_loss":50},{"damage_healed":0,"gold_gain":200,"player_choice":"Gold","damage_taken":0,"max_hp_gain":0,"max_hp_loss":0,"event_name":"Wheel of Change","floor":29,"gold_loss":0}],"is_beta":false,"boss_relics":[{"not_picked":["White Beast Statue","Black Star"],"picked":"Velvet Choker"}],"items_purged_floors":[3,20],"is_endless":false,"potions_floor_spawned":[4,6,8,14,16,19,22,23,30,31],"killed_by":"Collector","ascension_level":0}