{"gold_per_floor":[119,133,49,49,49,49,93,93,93,93,111,190,224,248,248,342,342,358,358,382,42,57,57,100,100,151,276,320,340,381,402,402,495,495,516,582,601,526,540,576,369,494,494,506,553,584,596,941,953,965],"floor_reached":51,"playtime":2040,"items_purged":["Strike_R","Strike_R"],"score":1635,"play_id":"ba5d7bad-35cd-4e53-a7be-346c38f64911","local_time":"20190205110235","is_ascension_mode":true,"campfire_choices":[{"data":"Bash","floor":6,"key":"SMITH"},{"data":"Whirlwind","floor":10,"key":"SMITH"},{"data":"1","floor":15,"key":"LIFT"},{"data":"True Grit","floor":23,"key":"SMITH"},{"data":"2","floor":25,"key":"LIFT"},{"data":"3","floor":32,"key":"LIFT"},{"data":"Limit Break","floor":44,"key":"SMITH"},{"data":"Limit Break","floor":47,"key":"SMITH"},{"data":"Heavy Blade","floor":49,"key":"SMITH"}],"neow_cost":"NONE","seed_source_timestamp":1465025994529282,"circlet_count":0,"master_deck":["AscendersBane","Strike_R","Strike_R","Defend_R","Defend_R","Defend_R","Defend_R","Bash+1","Battle Trance","Carnage+1","Whirlwind+1","Anger","Thunderclap","True Grit+1","Reaper","Ghostly Armor","Necronomicurse","Shrug It Off","Disarm","Sword Boomerang","Heavy Blade+1","Limit Break+1","Limit Break+1","Flash of Steel"],"relics":["Burning Blood","Bronze Scales","Ornamental Fan","Girya","Anchor","Coffee Dripper","Necronomicon","Prayer Wheel","Blood Vial","Omamori","Ginger","Matryoshka","Happy Flower","Centennial Puzzle","Busted Crown","Magic Flower","Potion Belt","Du-Vu Doll","MawBank","Letter Opener","Vajra"],"potions_floor_usage":[7,13,16,16,50,50],"damage_taken":[{"damage":6,"enemies":"2 Louse","floor":1,"turns":3},{"damage":4,"enemies":"Small Slimes","floor":2,"turns":4},{"damage":0,"enemies":"Gremlin Nob","floor":7,"turns":2},{"damage":0,"enemies":"Cultist","floor":11,"turns":2},{"damage":15,"enemies":"3 Sentries","floor":12,"turns":4},{"damage":25,"enemies":"Lagavulin","floor":13,"turns":4},{"damage":0,"enemies":"Blue Slaver","floor":14,"turns":1},{"damage":57,"enemies":"Hexaghost","floor":16,"turns":10},{"damage":4,"enemies":"3 Byrds","floor":18,"turns":2},{"damage":0,"enemies":"Chosen","floor":20,"turns":3},{"damage":0,"enemies":"Shelled Parasite and Fungi","floor":22,"turns":2},{"damage":0,"enemies":"Gremlin Leader","floor":24,"turns":4},{"damage":6,"enemies":"Colosseum Slavers","floor":27,"turns":2},{"damage":0,"enemies":"Colosseum Nobs","floor":27,"turns":2},{"damage":17,"enemies":"Book of Stabbing","floor":28,"turns":3},{"damage":13,"enemies":"Snecko","floor":29,"turns":3},{"damage":18,"enemies":"Slavers","floor":30,"turns":4},{"damage":0,"enemies":"Cultist and Chosen","floor":31,"turns":2},{"damage":18,"enemies":"Champ","floor":33,"turns":4},{"damage":0,"enemies":"Orb Walker","floor":35,"turns":1},{"damage":0,"enemies":"2 Orb Walkers","floor":36,"turns":1},{"damage":8,"enemies":"3 Darklings","floor":37,"turns":3},{"damage":18,"enemies":"Spire Growth","floor":39,"turns":3},{"damage":3,"enemies":"Giant Head","floor":40,"turns":4},{"damage":26,"enemies":"Mind Bloom Boss Battle","floor":42,"turns":4},{"damage":30,"enemies":"Nemesis","floor":45,"turns":3},{"damage":14,"enemies":"4 Shapes","floor":46,"turns":2},{"damage":6,"enemies":"Donu and Deca","floor":50,"turns":2}],"seed_played":"-7094934086771838669","potions_obtained":[{"floor":2,"key":"Energy Potion"},{"floor":7,"key":"AttackPotion"},{"floor":11,"key":"Swift Potion"},{"floor":13,"key":"BloodPotion"},{"floor":18,"key":"SneckoOil"},{"floor":30,"key":"FairyPotion"},{"floor":39,"key":"SkillPotion"},{"floor":42,"key":"PowerPotion"},{"floor":46,"key":"FairyPotion"}],"is_trial":false,"path_per_floor":["M","M","$","?","?","R","E","?","T","R","M","?","E","M","R","B",null,"M","?","M","$","M","R","E","R","T","?","E","M","E","M","R","B",null,"M","?","M","$","M","E","$","?","T","R","E","M","R","?","R","B",null],"character_chosen":"IRONCLAD","items_purchased":["Carnage","Prayer Wheel","Flash of Steel"],"campfire_rested":0,"item_purchase_floors":[3,21,41],"current_hp_per_floor":[75,77,77,77,74,74,74,74,74,74,74,65,46,52,52,8,58,65,44,50,50,56,56,72,72,72,74,63,58,48,56,56,46,67,74,74,74,74,65,74,74,57,57,57,39,74,74,74,74,74],"gold":977,"neow_bonus":"TEN_PERCENT_HP_BONUS","is_prod":false,"is_daily":false,"chose_seed":false,"campfire_upgraded":6,"win_rate":0,"timestamp":1549360955,"path_taken":["M","M","$","?","?","R","E","?","T","R","?","?","E","M","R","BOSS","M","?","M","$","M","R","E","R","T","?","E","M","E","M","R","BOSS","M","?","M","$","M","E","$","?","T","R","E","M","R","?","R","BOSS"],"build_version":"2019-01-23","purchased_purges":2,"victory":true,"max_hp_per_floor":[82,82,82,82,74,74,74,74,74,74,74,74,74,74,74,74,74,74,74,74,74,74,74,74,74,74,74,74,74,74,74,74,74,74,74,74,74,74,74,74,74,74,74,74,74,74,74,74,74,74],"card_choices":[{"not_picked":["Clash","Pummel","Blood for Blood"],"picked":"SKIP","floor":1},{"not_picked":["Body Slam","Sever Soul"],"picked":"Battle Trance","floor":2},{"not_picked":["Sever Soul","True Grit"],"picked":"Whirlwind","floor":7},{"not_picked":["Wild Strike","Perfected Strike"],"picked":"Anger","floor":11},{"not_picked":["Body Slam","Seeing Red"],"picked":"Thunderclap","floor":12},{"not_picked":["Perfected Strike","Reckless Charge"],"picked":"True Grit","floor":13},{"not_picked":["Twin Strike","Sever Soul","Flex"],"picked":"SKIP","floor":14},{"not_picked":["Dark Embrace","Demon Form"],"picked":"Reaper","floor":16},{"not_picked":["Flex","Wild Strike"],"picked":"Ghostly Armor","floor":18},{"not_picked":["Corruption+1","Clothesline"],"picked":"Shrug It Off","floor":20},{"not_picked":["Sword Boomerang","Warcry"],"picked":"Disarm","floor":22},{"not_picked":["Thunderclap","Sentinel","Dual Wield"],"picked":"SKIP","floor":22},{"not_picked":["Pommel Strike","Bloodletting","Disarm"],"picked":"SKIP","floor":24},{"not_picked":["Seeing Red","Warcry"],"picked":"Sword Boomerang","floor":27},{"not_picked":["Iron Wave","Cleave","Armaments"],"picked":"SKIP","floor":28},{"not_picked":["Pommel Strike","Iron Wave"],"picked":"Heavy Blade","floor":29},{"not_picked":["Thunderclap","Rupture+1","Body Slam+1"],"picked":"SKIP","floor":29},{"not_picked":["Shrug It Off","Body Slam"],"picked":"Limit Break","floor":30},{"not_picked":["Thunderclap","Clothesline","Cleave"],"picked":"SKIP","floor":31},{"not_picked":["Wild Strike","Perfected Strike","Rage"],"picked":"SKIP","floor":31},{"not_picked":["Brutality","Immolate"],"picked":"Limit Break","floor":33},{"not_picked":["Sword Boomerang"],"picked":"SKIP","floor":35},{"not_picked":["Twin Strike"],"picked":"SKIP","floor":35},{"not_picked":["True Grit"],"picked":"SKIP","floor":37},{"not_picked":["Dual Wield"],"picked":"SKIP","floor":37},{"not_picked":["Flex"],"picked":"SKIP","floor":39},{"not_picked":["Warcry"],"picked":"SKIP","floor":39},{"not_picked":["Uppercut+1"],"picked":"SKIP","floor":40},{"not_picked":["Twin Strike"],"picked":"SKIP","floor":45},{"not_picked":["Pommel Strike"],"picked":"SKIP","floor":46},{"not_picked":["Cleave+1"],"picked":"SKIP","floor":46},{"not_picked":["Pommel Strike"],"picked":"SKIP","floor":46},{"not_picked":["Cleave+1"],"picked":"SKIP","floor":46}],"player_experience":698262,"relics_obtained":[{"floor":7,"key":"Bronze Scales"},{"floor":9,"key":"Ornamental Fan"},{"floor":12,"key":"Girya"},{"floor":13,"key":"Anchor"},{"floor":19,"key":"Necronomicon"},{"floor":24,"key":"Blood Vial"},{"floor":26,"key":"Omamori"},{"floor":27,"key":"Ginger"},{"floor":27,"key":"Matryoshka"},{"floor":28,"key":"Happy Flower"},{"floor":30,"key":"Centennial Puzzle"},{"floor":36,"key":"Magic Flower"},{"floor":40,"key":"Potion Belt"},{"floor":42,"key":"Du-Vu Doll"},{"floor":43,"key":"MawBank"},{"floor":43,"key":"Letter Opener"},{"floor":45,"key":"Vajra"}],"event_choices":[{"damage_healed":0,"gold_gain":0,"player_choice":"Grow","damage_taken":0,"max_hp_gain":0,"max_hp_loss":0,"event_name":"Living Wall","floor":4,"gold_loss":0,"cards_upgraded":["Carnage"]},{"damage_healed":0,"gold_gain":0,"player_choice":"Lose Max HP","damage_taken":0,"relics_obtained":["Golden Idol"],"max_hp_gain":0,"max_hp_loss":8,"event_name":"Golden Idol","floor":5,"gold_loss":0},{"cards_removed":["Strike_R"],"damage_healed":0,"gold_gain":0,"player_choice":"Purged","damage_taken":0,"max_hp_gain":0,"max_hp_loss":0,"event_name":"Purifier","floor":8,"gold_loss":0},{"damage_healed":0,"gold_gain":0,"player_choice":"Searched \u00271\u0027 times","damage_taken":0,"max_hp_gain":0,"max_hp_loss":0,"event_name":"Dead Adventurer","floor":12,"gold_loss":0},{"damage_healed":0,"gold_gain":0,"player_choice":"Obtained Book","damage_taken":21,"max_hp_gain":0,"max_hp_loss":0,"event_name":"Cursed Tome","floor":19,"gold_loss":0},{"damage_healed":0,"gold_gain":0,"player_choice":"Fight","damage_taken":0,"max_hp_gain":0,"max_hp_loss":0,"event_name":"Colosseum","floor":27,"gold_loss":0},{"damage_healed":0,"gold_gain":0,"player_choice":"Fought Nobs","damage_taken":0,"max_hp_gain":0,"max_hp_loss":0,"event_name":"Colosseum","floor":27,"gold_loss":0},{"damage_healed":0,"gold_gain":0,"player_choice":"Fight","damage_taken":0,"max_hp_gain":0,"max_hp_loss":0,"event_name":"Mysterious Sphere","floor":36,"gold_loss":0},{"damage_healed":0,"gold_gain":0,"player_choice":"Fight","damage_taken":0,"max_hp_gain":0,"max_hp_loss":0,"event_name":"MindBloom","floor":42,"gold_loss":0},{"damage_healed":0,"gold_gain":333,"player_choice":"Gave Idol","damage_taken":0,"max_hp_gain":0,"max_hp_loss":0,"event_name":"The Moai Head","floor":48,"relics_lost":["Golden Idol"],"gold_loss":0}],"is_beta":true,"boss_relics":[{"not_picked":["Philosopher\u0027s Stone","Lizard Tail"],"picked":"Coffee Dripper"},{"not_picked":["Runic Pyramid","Tiny House"],"picked":"Busted Crown"}],"items_purged_floors":[38,41],"is_endless":false,"potions_floor_spawned":[2,7,11,13,18,27,30,31,33,39,42,46],"ascension_level":18}