{"gold_per_floor":[20,35,50,50,0,0,35,35,60,60,60,92,17,27,27,130,130,145,145,145,145,164,164,191,208,208,208,235,250,285,300,300,396,396,406,97,108,108,122,122,344,112,135,135,145,145,156,156,156,156],"floor_reached":51,"playtime":3131,"items_purged":["Strike_R","Defend_R"],"score":893,"play_id":"949e6d7a-9fbf-49a5-8220-e225dab8cf1b","local_time":"20190205212147","is_ascension_mode":true,"campfire_choices":[{"data":"Metallicize","floor":6,"key":"SMITH"},{"data":"Metallicize","floor":11,"key":"SMITH"},{"data":"Pommel Strike","floor":15,"key":"SMITH"},{"data":"Headbutt","floor":23,"key":"SMITH"},{"data":"Thunderclap","floor":27,"key":"SMITH"},{"floor":32,"key":"REST"},{"data":"Clash","floor":40,"key":"SMITH"},{"floor":46,"key":"RECALL"},{"floor":49,"key":"REST"}],"neow_cost":"NO_GOLD","seed_source_timestamp":105481670731548,"circlet_count":0,"master_deck":["Bash+1","Metallicize+1","Clash+1","Metallicize+1","Thunderclap+1","Headbutt+1","Pommel Strike+1","Berserk+1","Shrug It Off+1","Pummel+1","Clash+1","Battle Trance+1","Juggernaut+1","Inflame+1","Reaper+1","Rampage+1","Good Instincts+1","Flex+1"],"relics":["Burning Blood","Frozen Egg 2","Toxic Egg 2","Whetstone","Orichalcum","Sozu","Bottled Tornado","Potion Belt","Molten Egg 2","Red Mask","Bird Faced Urn","Empty Cage","OrangePellets","Omamori","Vajra","Oddly Smooth Stone"],"potions_floor_usage":[16,50],"damage_taken":[{"damage":8,"enemies":"Jaw Worm","floor":1,"turns":4},{"damage":2,"enemies":"Cultist","floor":2,"turns":4},{"damage":0,"enemies":"2 Louse","floor":3,"turns":3},{"damage":19,"enemies":"3 Sentries","floor":7,"turns":14},{"damage":9,"enemies":"Lagavulin","floor":12,"turns":6},{"damage":4,"enemies":"Blue Slaver","floor":14,"turns":3},{"damage":48,"enemies":"Hexaghost","floor":16,"turns":13},{"damage":3,"enemies":"Chosen","floor":18,"turns":4},{"damage":0,"enemies":"Spheric Guardian","floor":22,"turns":3},{"damage":32,"enemies":"Gremlin Leader","floor":24,"turns":4},{"damage":7,"enemies":"Shelled Parasite and Fungi","floor":25,"turns":3},{"damage":0,"enemies":"Masked Bandits","floor":28,"turns":3},{"damage":0,"enemies":"Cultist and Chosen","floor":29,"turns":4},{"damage":15,"enemies":"Slavers","floor":30,"turns":5},{"damage":25,"enemies":"Snake Plant","floor":31,"turns":3},{"damage":18,"enemies":"Champ","floor":33,"turns":6},{"damage":33,"enemies":"3 Darklings","floor":35,"turns":4},{"damage":0,"enemies":"Orb Walker","floor":37,"turns":2},{"damage":22,"enemies":"4 Shapes","floor":39,"turns":4},{"damage":0,"enemies":"Jaw Worm Horde","floor":45,"turns":4},{"damage":3,"enemies":"Spire Growth","floor":47,"turns":4},{"damage":38,"enemies":"Time Eater","floor":50,"turns":7}],"seed_played":"2495350275176073183","potions_obtained":[{"floor":2,"key":"SteroidPotion"},{"floor":14,"key":"SkillPotion"},{"floor":16,"key":"Ancient Potion"}],"is_trial":false,"path_per_floor":["M","M","M","?","?","R","E","T","T","$","R","E","$","M","R","B",null,"M","T","?","?","M","R","E","M","T","R","?","M","E","M","R","B",null,"M","$","M","?","M","R","?","$","T","?","M","R","M","?","R","B",null],"character_chosen":"IRONCLAD","items_purchased":["OrangePellets","Good Instincts+1","Vajra"],"campfire_rested":2,"item_purchase_floors":[36,42,42],"current_hp_per_floor":[70,74,80,85,85,85,72,72,72,72,72,69,69,71,71,29,71,74,74,74,74,80,80,54,53,53,53,59,65,56,45,70,68,81,82,82,85,85,83,83,83,83,83,83,85,85,85,85,85,75],"gold":156,"neow_bonus":"REMOVE_TWO","is_prod":false,"is_daily":false,"chose_seed":false,"campfire_upgraded":6,"win_rate":0,"timestamp":1549398107,"path_taken":["M","M","M","?","?","R","E","?","T","$","R","E","?","M","R","BOSS","M","?","?","?","M","R","E","M","T","R","?","M","E","M","R","BOSS","M","$","M","?","?","R","?","$","T","?","M","R","?","?","R","BOSS"],"build_version":"2019-01-23","purchased_purges":2,"victory":true,"max_hp_per_floor":[80,80,80,85,85,85,85,85,85,85,85,85,85,85,85,85,85,85,85,85,85,85,85,85,85,85,85,85,85,85,85,85,85,85,85,85,85,85,85,85,85,85,85,85,85,85,85,85,85,85],"card_choices":[{"not_picked":["Armaments","True Grit"],"picked":"Metallicize","floor":1},{"not_picked":["Intimidate","Clothesline"],"picked":"Clash","floor":2},{"not_picked":["Anger","Flame Barrier"],"picked":"Metallicize","floor":3},{"not_picked":["Rage","Searing Blow"],"picked":"Thunderclap","floor":7},{"not_picked":["Rupture+1","Fiend Fire"],"picked":"Headbutt","floor":12},{"not_picked":["Searing Blow","Flex+1"],"picked":"Pommel Strike","floor":14},{"not_picked":["Feed","Bludgeon"],"picked":"Berserk+1","floor":16},{"not_picked":["Seeing Red+1","Uppercut+1"],"picked":"Shrug It Off+1","floor":18},{"not_picked":["Sword Boomerang+1","Searing Blow","Clothesline+1"],"picked":"SKIP","floor":22},{"not_picked":["Searing Blow","Cleave"],"picked":"Twin Strike+1","floor":24},{"not_picked":["Carnage","Reckless Charge","Seeing Red+1"],"picked":"SKIP","floor":25},{"not_picked":["Dark Embrace+1","Anger+1"],"picked":"Battle Trance+1","floor":28},{"not_picked":["Flex+1","Clothesline+1","Body Slam+1"],"picked":"SKIP","floor":29},{"not_picked":["Searing Blow+1","Body Slam+1"],"picked":"Juggernaut+1","floor":30},{"not_picked":["Blood for Blood+1","Shockwave+1"],"picked":"Inflame+1","floor":31},{"not_picked":["Fiend Fire+1","Berserk+1"],"picked":"Reaper+1","floor":33},{"not_picked":["Body Slam+1","Perfected Strike+1","Ghostly Armor+1"],"picked":"SKIP","floor":35},{"not_picked":["Rage+1","Iron Wave+1"],"picked":"Rampage+1","floor":37},{"not_picked":["Burning Pact+1","Carnage+1","Sentinel+1"],"picked":"SKIP","floor":39},{"not_picked":["Bloodletting+1","Thunderclap+1"],"picked":"Flex+1","floor":45},{"not_picked":["Clash+1","Twin Strike+1","Flame Barrier+1"],"picked":"SKIP","floor":47}],"player_experience":367303,"relics_obtained":[{"floor":7,"key":"Frozen Egg 2"},{"floor":8,"key":"Toxic Egg 2"},{"floor":9,"key":"Whetstone"},{"floor":12,"key":"Orichalcum"},{"floor":19,"key":"Bottled Tornado"},{"floor":24,"key":"Potion Belt"},{"floor":26,"key":"Molten Egg 2"},{"floor":28,"key":"Red Mask"},{"floor":30,"key":"Bird Faced Urn"},{"floor":43,"key":"Oddly Smooth Stone"}],"event_choices":[{"damage_healed":0,"gold_gain":0,"player_choice":"Donut","damage_taken":0,"max_hp_gain":5,"max_hp_loss":0,"event_name":"Big Fish","floor":4,"gold_loss":0},{"cards_removed":["Strike_R"],"damage_healed":0,"gold_gain":0,"player_choice":"Card Removal","damage_taken":0,"max_hp_gain":0,"max_hp_loss":0,"event_name":"The Cleric","floor":5,"gold_loss":50},{"damage_healed":0,"gold_gain":0,"cards_transformed":["Strike_R","Defend_R"],"player_choice":"Became Test Subject","damage_taken":0,"max_hp_gain":0,"max_hp_loss":0,"event_name":"Drug Dealer","floor":20,"gold_loss":0,"cards_obtained":["Pummel","Clash"]},{"damage_healed":0,"gold_gain":0,"player_choice":"Ignored","damage_taken":0,"max_hp_gain":0,"max_hp_loss":0,"event_name":"Vampires","floor":21,"gold_loss":0},{"damage_healed":0,"gold_gain":0,"player_choice":"Fought Bandits","damage_taken":0,"max_hp_gain":0,"max_hp_loss":0,"event_name":"Masked Bandits","floor":28,"gold_loss":0},{"damage_healed":0,"gold_gain":0,"player_choice":"Gave Potion","damage_taken":0,"relics_obtained":["Omamori"],"max_hp_gain":0,"max_hp_loss":0,"event_name":"WeMeetAgain","floor":38,"gold_loss":0},{"damage_healed":0,"gold_gain":222,"player_choice":"Wore Mask","damage_taken":0,"max_hp_gain":0,"max_hp_loss":0,"event_name":"Tomb of Lord Red Mask","floor":41,"gold_loss":0},{"damage_healed":0,"gold_gain":0,"player_choice":"Upgraded","damage_taken":0,"max_hp_gain":0,"max_hp_loss":0,"event_name":"Upgrade Shrine","floor":44,"gold_loss":0,"cards_upgraded":["Pummel"]},{"cards_removed":["Twin Strike"],"damage_healed":0,"gold_gain":0,"player_choice":"Removed Attack","damage_taken":0,"max_hp_gain":0,"max_hp_loss":0,"event_name":"Falling","floor":48,"gold_loss":0}],"is_beta":false,"boss_relics":[{"not_picked":["Cursed Key","Ectoplasm"],"picked":"Sozu"},{"not_picked":["Eternal Feather","Mark of Pain"],"picked":"Empty Cage"}],"items_purged_floors":[13,36],"is_endless":false,"potions_floor_spawned":[2,14,16,22,24,28,29,35,45,47],"ascension_level":7}