{"gold_per_floor":[110,110,120,50,125,125,153,168,168,200,63,63,63,75,75,179,229,249,249,56,76,95,95,95,95,120,138,155,168,185,196,196,196],"floor_reached":33,"playtime":1906,"items_purged":["Defend_B","Pain"],"score":454,"play_id":"114804df-ebeb-421a-91d5-1b5ee428e131","local_time":"20190122225134","is_ascension_mode":true,"campfire_choices":[{"data":"Sunder","floor":6,"key":"SMITH"},{"data":"Zap","floor":13,"key":"SMITH"},{"data":"Heatsinks","floor":15,"key":"SMITH"},{"data":"White Noise","floor":23,"key":"SMITH"},{"data":"Turbo","floor":25,"key":"SMITH"},{"data":"Finesse","floor":32,"key":"SMITH"}],"neow_cost":"NONE","seed_source_timestamp":298059552207551,"circlet_count":0,"master_deck":["AscendersBane","Strike_B+1","Strike_B+1","Strike_B+1","Strike_B+1","Defend_B+1","Defend_B+1","Defend_B+1","Zap+1","Dualcast","Gash","Finesse+1","Sunder+1","Chill","Buffer+1","Rip and Tear+1","Conserve Battery","Leap","Heatsinks+1","Machine Learning","White Noise+1","Leap","Turbo+1","Beam Cell","Self Repair"],"relics":["Cracked Core","NeowsBlessing","Gambling Chip","Bird Faced Urn","Smiling Mask","Tiny House","WarpedTongs","DataDisk","Juzu Bracelet"],"potions_floor_usage":[33],"damage_taken":[{"damage":0,"enemies":"Jaw Worm","floor":1,"turns":1},{"damage":0,"enemies":"Cultist","floor":3,"turns":1},{"damage":0,"enemies":"3 Sentries","floor":7,"turns":1},{"damage":0,"enemies":"Small Slimes","floor":8,"turns":2},{"damage":6,"enemies":"Lagavulin","floor":10,"turns":6},{"damage":0,"enemies":"2 Fungi Beasts","floor":14,"turns":2},{"damage":27,"enemies":"The Guardian","floor":16,"turns":11},{"damage":15,"enemies":"2 Thieves","floor":18,"turns":4},{"damage":0,"enemies":"Spheric Guardian","floor":21,"turns":4},{"damage":15,"enemies":"Snake Plant","floor":22,"turns":4},{"damage":0,"enemies":"Cultist and Chosen","floor":27,"turns":7},{"damage":17,"enemies":"Shelled Parasite and Fungi","floor":28,"turns":6},{"damage":0,"enemies":"Centurion and Healer","floor":29,"turns":7},{"damage":0,"enemies":"Cultist and Chosen","floor":30,"turns":6},{"damage":23,"enemies":"Chosen and Byrds","floor":31,"turns":8},{"damage":79,"enemies":"Collector","floor":33,"turns":9}],"seed_played":"-7418930518355010452","potions_obtained":[{"floor":3,"key":"Ancient Potion"},{"floor":8,"key":"SpeedPotion"},{"floor":16,"key":"Dexterity Potion"}],"is_trial":false,"path_per_floor":["?","M","?","$","?","?","M","?"],"character_chosen":"DEFECT","items_purchased":["Chill","Leap","Heatsinks","DataDisk"],"campfire_rested":0,"item_purchase_floors":[4,11,11,20],"current_hp_per_floor":[68,68,68,68,61,61,61,61,61,57,57,57,57,59,59,36,70,61,61,61,67,56,56,56,56,56,64,55,63,73,56,56,0],"gold":196,"neow_bonus":"THREE_ENEMY_KILL","is_prod":false,"is_daily":false,"chose_seed":false,"campfire_upgraded":6,"win_rate":0,"timestamp":1548193894,"path_taken":["M","?","?","$","?","R","E","M","T","E","?","?","R","M","R","BOSS","M","?","$","?","M","R","?","R","T","M","M","M","M","M","R","BOSS"],"build_version":"2019-01-20","purchased_purges":2,"victory":false,"max_hp_per_floor":[75,75,75,75,75,75,75,75,75,75,75,75,75,75,75,75,80,80,80,80,80,80,80,80,80,80,80,80,80,80,80,80,80],"card_choices":[{"not_picked":["Streamline","Coolheaded"],"picked":"Gash","floor":1},{"not_picked":["Tempest","Redo"],"picked":"Sunder","floor":3},{"not_picked":["Amplify","Compile Driver"],"picked":"Buffer","floor":7},{"not_picked":["Barrage","Steam"],"picked":"Rip and Tear","floor":8},{"not_picked":["Lockon","All For One"],"picked":"Conserve Battery","floor":10},{"not_picked":["Doom and Gloom","Rebound","Darkness"],"picked":"SKIP","floor":14},{"not_picked":["Biased Cognition","Seek"],"picked":"Machine Learning","floor":16},{"not_picked":["Streamline","Gash"],"picked":"White Noise","floor":17},{"not_picked":["Ball Lightning","Redo"],"picked":"Leap","floor":18},{"not_picked":["Chaos","Coolheaded+1"],"picked":"Turbo","floor":21},{"not_picked":["Steam","Cold Snap","Chill"],"picked":"SKIP","floor":22},{"not_picked":["Chill","Barrage+1","Ball Lightning"],"picked":"SKIP","floor":27},{"not_picked":["Steam","Hyperbeam","Rip and Tear"],"picked":"SKIP","floor":28},{"not_picked":["Turbo","Aggregate+1","Beam Cell"],"picked":"SKIP","floor":29},{"not_picked":["Turbo","Aggregate+1","Beam Cell"],"picked":"SKIP","floor":29},{"not_picked":["Turbo","Aggregate+1"],"picked":"Beam Cell","floor":29},{"not_picked":["Lockon","Steam Power","Beam Cell"],"picked":"SKIP","floor":30},{"not_picked":["Steam","Chaos"],"picked":"Self Repair","floor":31}],"player_experience":609659,"relics_obtained":[{"floor":7,"key":"Gambling Chip"},{"floor":9,"key":"Bird Faced Urn"},{"floor":10,"key":"Smiling Mask"},{"floor":26,"key":"Juzu Bracelet"}],"event_choices":[{"damage_healed":0,"gold_gain":0,"player_choice":"1 cards matched","damage_taken":0,"max_hp_gain":0,"max_hp_loss":0,"event_name":"Match and Keep!","floor":2,"gold_loss":0,"cards_obtained":["Finesse"]},{"damage_healed":0,"gold_gain":75,"player_choice":"Touch","damage_taken":7,"max_hp_gain":0,"max_hp_loss":0,"event_name":"FaceTrader","floor":5,"gold_loss":0},{"damage_healed":0,"gold_gain":0,"player_choice":"Grow","damage_taken":0,"max_hp_gain":0,"max_hp_loss":0,"event_name":"Living Wall","floor":12,"gold_loss":0,"cards_upgraded":["Buffer"]},{"damage_healed":0,"gold_gain":0,"player_choice":"Rummage","damage_taken":0,"relics_obtained":["WarpedTongs"],"max_hp_gain":0,"max_hp_loss":0,"event_name":"Accursed Blacksmith","floor":19,"gold_loss":0,"cards_obtained":["Pain"]},{"damage_healed":0,"gold_gain":0,"player_choice":"Simplicity","damage_taken":0,"max_hp_gain":0,"max_hp_loss":0,"event_name":"Back to Basics","floor":24,"gold_loss":0,"cards_upgraded":["Strike_B","Strike_B","Strike_B","Strike_B","Defend_B","Defend_B","Defend_B"]}],"is_beta":true,"boss_relics":[{"not_picked":["Velvet Choker","Busted Crown"],"picked":"Tiny House"}],"items_purged_floors":[11,20],"is_endless":false,"potions_floor_spawned":[3,8,14,16,18,22,28,30],"killed_by":"Collector","ascension_level":12}