{"gold_per_floor":[112,12,12,87,98,131,141,152,152,152,167,192,207,207],"floor_reached":14,"playtime":471,"items_purged":[],"score":168,"play_id":"f819f06a-eaca-444e-90d0-e24efb782798","local_time":"20181024083859","is_ascension_mode":true,"campfire_choices":[{"floor":10,"key":"REST"}],"neow_cost":"NONE","seed_source_timestamp":1211550173291872,"circlet_count":0,"master_deck":["Strike_R","Strike_R","Strike_R","Strike_R","Defend_R","Defend_R","Defend_R","Defend_R","Bash","AscendersBane","Double Tap","Uppercut","Flex","Cleave","Seeing Red","Headbutt","Flex"],"relics":["Burning Blood","Dream Catcher","The Courier","Pocketwatch"],"potions_floor_usage":[],"damage_taken":[{"damage":2,"enemies":"Jaw Worm","floor":1,"turns":3},{"damage":3,"enemies":"Small Slimes","floor":5,"turns":2},{"damage":45,"enemies":"3 Sentries","floor":6,"turns":10},{"damage":0,"enemies":"Cultist","floor":7,"turns":2},{"damage":14,"enemies":"Exordium Thugs","floor":8,"turns":5},{"damage":7,"enemies":"2 Fungi Beasts","floor":11,"turns":3},{"damage":35,"enemies":"Lagavulin","floor":12,"turns":5},{"damage":0,"enemies":"Exordium Wildlife","floor":13,"turns":1},{"damage":25,"enemies":"Gremlin Nob","floor":14,"turns":3}],"seed_played":"8571846676295645123","potions_obtained":[{"floor":1,"key":"Poison Potion"},{"floor":6,"key":"Dexterity Potion"},{"floor":7,"key":"EntropicBrew"},{"floor":8,"key":"Strength Potion"}],"is_trial":false,"path_per_floor":["M","$","?","?","M","E","M","M","T","R","M","E","M"],"character_chosen":"IRONCLAD","items_purchased":["Flex","Cleave"],"campfire_rested":1,"item_purchase_floors":[2,2],"current_hp_per_floor":[76,76,69,58,61,22,28,20,20,44,43,14,20,0],"gold":207,"neow_bonus":"ONE_RANDOM_RARE_CARD","is_prod":false,"is_daily":false,"chose_seed":false,"campfire_upgraded":0,"win_rate":0,"timestamp":1540363139,"path_taken":["M","$","?","?","M","E","M","M","T","R","M","E","?","E"],"build_version":"2018-10-22","purchased_purges":0,"victory":false,"max_hp_per_floor":[80,80,80,80,80,80,80,80,80,80,80,80,80,80],"card_choices":[{"not_picked":["Ghostly Armor","Sword Boomerang"],"picked":"Uppercut","floor":1},{"not_picked":["Wild Strike","Sword Boomerang"],"picked":"Seeing Red","floor":5},{"not_picked":["Armaments","Twin Strike"],"picked":"Headbutt","floor":6},{"not_picked":["Feel No Pain","Bloodletting"],"picked":"Flex","floor":7},{"not_picked":["Cleave","Sword Boomerang","Entrench"],"picked":"SKIP","floor":8},{"not_picked":["Power Through","Anger","Headbutt"],"picked":"SKIP","floor":11},{"not_picked":["Havoc","Heavy Blade","Exhume"],"picked":"SKIP","floor":12},{"not_picked":["Warcry","Intimidate","Anger"],"picked":"SKIP","floor":13}],"player_experience":395386,"relics_obtained":[{"floor":6,"key":"Dream Catcher"},{"floor":9,"key":"The Courier"},{"floor":12,"key":"Pocketwatch"}],"event_choices":[{"cards_removed":["Strike_R"],"damage_healed":0,"gold_gain":0,"player_choice":"Card Removal","damage_taken":7,"max_hp_gain":0,"max_hp_loss":0,"event_name":"Golden Wing","floor":3,"gold_loss":0},{"damage_healed":0,"gold_gain":75,"player_choice":"Gather Gold","damage_taken":11,"max_hp_gain":0,"max_hp_loss":0,"event_name":"World of Goop","floor":4,"gold_loss":0}],"is_beta":true,"boss_relics":[],"items_purged_floors":[],"is_endless":false,"potions_floor_spawned":[1,6,7,8,11],"killed_by":"Gremlin Nob","ascension_level":13}