{"path_per_floor":["M","?","?","?","$","E","R","M","T","R","E","R","M","E","R","B",null,"M","$","?","M","M","R","?","M","T","E","R","$","T","$","R"],"character_chosen":"IRONCLAD","items_purchased":["Peace Pipe","Armaments","Inflame","Orichalcum","Ice Cream"],"gold_per_floor":[213,213,388,388,65,94,94,113,160,160,188,188,198,229,229,329,329,342,36,36,50,67,67,67,80,80,410,410,45,45,45,45,45],"floor_reached":33,"campfire_rested":2,"playtime":2410,"current_hp_per_floor":[80,85,85,85,85,41,41,47,47,72,67,67,73,73,73,56,85,85,85,85,88,71,71,71,74,74,52,52,52,52,52,79,0],"items_purged":["Strike_R","Writhe"],"gold":45,"score":279,"play_id":"8528d77b-d8c5-47c6-8414-0754cb09646e","local_time":"20180510004720","is_prod":false,"is_daily":false,"chose_seed":false,"is_ascension_mode":false,"campfire_upgraded":3,"timestamp":1525906040,"path_taken":["M","?","?","?","?","E","R","M","T","R","E","R","M","E","R","BOSS","M","$","?","M","M","R","?","M","T","E","R","?","?","?","R","BOSS"],"build_version":"2018-05-03","seed_source_timestamp":1781499705079,"purchased_purges":2,"victory":false,"master_deck":["Strike_R","Strike_R","Defend_R","Defend_R","Defend_R","Bash","True Grit+1","Armaments+1","Twin Strike","Iron Wave","Twin Strike","Cleave","Shrug It Off","Feed","Body Slam+1","Inflame+1","Flex","Thunderclap","Heavy Blade","Metallicize","Injury"],"max_hp_per_floor":[80,85,85,85,85,85,85,85,85,85,85,85,85,85,85,85,85,85,85,85,88,88,88,88,91,91,91,91,91,91,91,91,91],"relics":["Burning Blood","Peace Pipe","Bottled Lightning","Pen Nib","Bottled Flame","Toolbox","Cursed Key","Orichalcum","Smiling Mask","Old Coin","Ice Cream","Darkstone Periapt"],"card_choices":[{"not_picked":["Disarm","Combust"],"picked":"True Grit","floor":1},{"not_picked":["Metallicize","Warcry"],"picked":"Twin Strike","floor":6},{"not_picked":["Warcry","Headbutt"],"picked":"Iron Wave","floor":8},{"not_picked":["Sword Boomerang","Perfected Strike"],"picked":"Twin Strike","floor":11},{"not_picked":["Impervious","Iron Wave"],"picked":"Cleave","floor":13},{"not_picked":["Clothesline","Limit Break"],"picked":"Shrug It Off","floor":14},{"not_picked":["Impervious","Reaper"],"picked":"Feed","floor":16},{"not_picked":["Iron Wave","Second Wind"],"picked":"Body Slam","floor":18},{"not_picked":["Heavy Blade","Sword Boomerang"],"picked":"Flex","floor":21},{"not_picked":["Ghostly Armor","Dark Embrace"],"picked":"Thunderclap","floor":22},{"not_picked":["Intimidate","Searing Blow"],"picked":"Heavy Blade","floor":25},{"not_picked":["Armaments","Perfected Strike"],"picked":"Metallicize","floor":27}],"player_experience":87996,"potions_floor_usage":[11,18,33],"damage_taken":[{"damage":0,"enemies":"Small Slimes","floor":1,"turns":3},{"damage":50,"enemies":"Lagavulin","floor":6,"turns":7},{"damage":0,"enemies":"2 Louse","floor":8,"turns":3},{"damage":11,"enemies":"3 Sentries","floor":11,"turns":7},{"damage":0,"enemies":"Jaw Worm","floor":13,"turns":3},{"damage":6,"enemies":"Gremlin Nob","floor":14,"turns":3},{"damage":23,"enemies":"The Guardian","floor":16,"turns":15},{"damage":0,"enemies":"Spheric Guardian","floor":18,"turns":3},{"damage":0,"enemies":"3 Byrds","floor":21,"turns":5},{"damage":29,"enemies":"Centurion and Healer","floor":22,"turns":6},{"damage":6,"enemies":"Cultist and Chosen","floor":25,"turns":8},{"damage":28,"enemies":"Book of Stabbing","floor":27,"turns":5},{"damage":85,"enemies":"Collector","floor":33,"turns":8}],"event_choices":[{"event_name":"Big Fish","player_choice":"Donut","floor":2,"damage_taken":0},{"event_name":"Liars Game","player_choice":"agreed","floor":3,"damage_taken":0},{"event_name":"Living Wall","player_choice":"Forget","floor":4,"damage_taken":0},{"event_name":"Back to Basics","player_choice":"Elegance","floor":20,"damage_taken":0},{"event_name":"Beggar","player_choice":"Ignored","floor":24,"damage_taken":0}],"boss_relics":[{"not_picked":["Runic Cube","Runic Dome"],"picked":"Cursed Key"}],"potions_floor_spawned":[1,14,16,27],"seed_played":"4127713639039783245","killed_by":"Collector","ascension_level":0,"is_trial":false}