{"gold_per_floor":[117,137,137,137,150,150,182,197,197,272,272,286,116,131,131,228,228,245,345,61,86,105,131,131,131,131,131,150,179,179,179],"floor_reached":31,"playtime":1057,"items_purged":[],"score":287,"play_id":"9cac2cfe-8581-43f6-a420-6ed75e7f25d8","local_time":"20190128132947","is_ascension_mode":true,"campfire_choices":[{"data":"Loop","floor":6,"key":"SMITH"},{"floor":15,"key":"REST"},{"floor":25,"key":"REST"},{"floor":27,"key":"REST"}],"neow_cost":"NONE","seed_source_timestamp":483399236481187,"circlet_count":0,"master_deck":["Strike_B","Strike_B","Strike_B","Defend_B","Defend_B","Defend_B","Defend_B","Zap","Dualcast","Hologram","Hello World","Loop+1","Auto Shields","Reboot","Parasite","Sweeping Beam","Transmutation","Static Discharge","All For One","Glacier+1","Jack Of All Trades","Streamline","Doom and Gloom","Defragment+1","Buffer+1"],"relics":["Cracked Core","Juzu Bracelet","Bronze Scales","MealTicket","Ancient Tea Set","Bottled Flame","Frozen Egg 2","Potion Belt"],"potions_floor_usage":[16,16,23,23,31],"damage_taken":[{"damage":1,"enemies":"Jaw Worm","floor":1,"turns":3},{"damage":1,"enemies":"Cultist","floor":2,"turns":4},{"damage":5,"enemies":"Small Slimes","floor":5,"turns":3},{"damage":26,"enemies":"3 Sentries","floor":7,"turns":7},{"damage":11,"enemies":"2 Fungi Beasts","floor":8,"turns":3},{"damage":13,"enemies":"Exordium Thugs","floor":12,"turns":6},{"damage":5,"enemies":"Blue Slaver","floor":14,"turns":4},{"damage":26,"enemies":"Hexaghost","floor":16,"turns":9},{"damage":7,"enemies":"3 Byrds","floor":18,"turns":2},{"damage":14,"enemies":"Spheric Guardian","floor":22,"turns":5},{"damage":49,"enemies":"Slavers","floor":23,"turns":6},{"damage":19,"enemies":"Snecko","floor":28,"turns":4},{"damage":51,"enemies":"Gremlin Leader","floor":29,"turns":7},{"damage":23,"enemies":"3 Cultists","floor":31,"turns":5}],"seed_played":"187653893786093389","potions_obtained":[{"floor":5,"key":"Weak Potion"},{"floor":8,"key":"EssenceOfSteel"},{"floor":14,"key":"FairyPotion"},{"floor":16,"key":"Weak Potion"},{"floor":18,"key":"SkillPotion"},{"floor":29,"key":"SkillPotion"}],"is_trial":false,"path_per_floor":["M","M","?","?","M","R","E","M","T","?","?","M","$","M","R","B",null,"M","?","$","T","M","E","?","R","T","R","M","E","$","M"],"character_chosen":"DEFECT","items_purchased":["Transmutation","Jack Of All Trades","MealTicket"],"campfire_rested":3,"item_purchase_floors":[13,20,20],"current_hp_per_floor":[81,80,85,85,80,80,54,43,43,32,53,40,40,35,61,35,87,80,80,80,80,66,17,17,43,43,69,50,8,23,0],"gold":179,"neow_bonus":"TEN_PERCENT_HP_BONUS","is_prod":false,"is_daily":false,"chose_seed":false,"campfire_upgraded":1,"win_rate":0,"timestamp":1548653387,"path_taken":["M","M","?","?","?","R","E","M","T","?","?","M","$","M","R","BOSS","M","?","$","?","M","E","?","R","T","R","M","E","$","M"],"build_version":"2019-01-23","purchased_purges":0,"victory":false,"max_hp_per_floor":[82,82,87,87,87,87,87,87,87,87,87,87,87,87,87,87,87,87,87,87,87,87,87,87,87,87,87,87,87,87,87],"card_choices":[{"not_picked":["Barrage","Turbo"],"picked":"Hologram","floor":1},{"not_picked":["Compile Driver","Tempest"],"picked":"Hello World","floor":2},{"not_picked":["Barrage","Ball Lightning"],"picked":"Loop","floor":5},{"not_picked":["Double Energy","Sunder"],"picked":"Auto Shields","floor":7},{"not_picked":["Blizzard","Heatsinks"],"picked":"Reboot","floor":8},{"not_picked":["Genetic Algorithm","Go for the Eyes"],"picked":"Sweeping Beam","floor":12},{"not_picked":["Double Energy","Darkness"],"picked":"Static Discharge","floor":14},{"not_picked":["Seek","Core Surge"],"picked":"All For One","floor":16},{"not_picked":["Gash","Conserve Battery"],"picked":"Glacier+1","floor":18},{"not_picked":["Turbo","Ball Lightning"],"picked":"Streamline","floor":22},{"not_picked":["Leap","Compile Driver"],"picked":"Doom and Gloom","floor":23},{"not_picked":["Go for the Eyes","FTL"],"picked":"Defragment+1","floor":28},{"not_picked":["Beam Cell","Rebound"],"picked":"Buffer+1","floor":29}],"player_experience":162171,"relics_obtained":[{"floor":7,"key":"Juzu Bracelet"},{"floor":9,"key":"Bronze Scales"},{"floor":21,"key":"Ancient Tea Set"},{"floor":23,"key":"Bottled Flame"},{"floor":26,"key":"Frozen Egg 2"},{"floor":29,"key":"Potion Belt"}],"event_choices":[{"damage_healed":0,"gold_gain":0,"player_choice":"Donut","damage_taken":0,"max_hp_gain":5,"max_hp_loss":0,"event_name":"Big Fish","floor":3,"gold_loss":0},{"cards_removed":["Strike_B"],"damage_healed":0,"gold_gain":0,"player_choice":"Card Removal","damage_taken":0,"max_hp_gain":0,"max_hp_loss":0,"event_name":"Wheel of Change","floor":4,"gold_loss":0},{"damage_healed":0,"gold_gain":75,"player_choice":"Gather Gold","damage_taken":11,"max_hp_gain":0,"max_hp_loss":0,"event_name":"World of Goop","floor":10,"gold_loss":0},{"damage_healed":21,"gold_gain":0,"player_choice":"Healed and dodged fight","damage_taken":0,"max_hp_gain":0,"max_hp_loss":0,"event_name":"Mushrooms","floor":11,"gold_loss":0,"cards_obtained":["Parasite"]},{"damage_healed":0,"gold_gain":100,"player_choice":"Pray","damage_taken":0,"max_hp_gain":0,"max_hp_loss":0,"event_name":"Golden Shrine","floor":19,"gold_loss":0},{"damage_healed":0,"gold_gain":0,"player_choice":"Ignored","damage_taken":0,"max_hp_gain":0,"max_hp_loss":0,"event_name":"Vampires","floor":24,"gold_loss":0}],"is_beta":false,"boss_relics":[{"not_picked":["Ectoplasm","Cursed Key","Sozu"]}],"items_purged_floors":[],"is_endless":false,"potions_floor_spawned":[5,8,14,16,18,29],"killed_by":"3 Cultists","ascension_level":1}