{"gold_per_floor":[116,131,142,158,158,185,199,219,219,232,251,29,49,67,67,169,169,185,203,253,47,47,81,81,81,81,93,107,119,145,158,158,158],"floor_reached":33,"playtime":1458,"items_purged":["Defend_R"],"score":327,"play_id":"9f3df863-1dda-437f-820a-26e1f7a4fab1","local_time":"20190125144254","is_ascension_mode":false,"campfire_choices":[{"data":"Flex","floor":15,"key":"SMITH"},{"data":"Battle Trance","floor":25,"key":"SMITH"},{"floor":32,"key":"REST"}],"neow_cost":"NONE","seed_source_timestamp":1188797842918005,"circlet_count":0,"master_deck":["Strike_R","Strike_R","Strike_R","Strike_R","Strike_R","Defend_R","Defend_R","Defend_R","Bash","Flex+1","Anger","Searing Blow","Clash","Cleave","Feed","Clash","Rupture","Brutality","Sever Soul","Battle Trance+1","Bloodletting","Wild Strike+1","Feel No Pain"],"relics":["Burning Blood","NlothsMask","Shuriken","Orichalcum","Mark of Pain","OrangePellets","Lantern","Pear","Strawberry"],"potions_floor_usage":[6,23,31],"damage_taken":[{"damage":11,"enemies":"Jaw Worm","floor":1,"turns":4},{"damage":5,"enemies":"Cultist","floor":2,"turns":4},{"damage":0,"enemies":"Small Slimes","floor":3,"turns":3},{"damage":0,"enemies":"Exordium Wildlife","floor":4,"turns":3},{"damage":52,"enemies":"3 Sentries","floor":6,"turns":10},{"damage":16,"enemies":"Red Slaver","floor":7,"turns":3},{"damage":13,"enemies":"3 Louse","floor":8,"turns":3},{"damage":16,"enemies":"Exordium Thugs","floor":10,"turns":4},{"damage":0,"enemies":"Exordium Wildlife","floor":11,"turns":3},{"damage":13,"enemies":"Blue Slaver","floor":13,"turns":4},{"damage":0,"enemies":"3 Louse","floor":14,"turns":2},{"damage":20,"enemies":"Hexaghost","floor":16,"turns":8},{"damage":16,"enemies":"Shell Parasite","floor":18,"turns":4},{"damage":15,"enemies":"3 Byrds","floor":19,"turns":5},{"damage":54,"enemies":"Book of Stabbing","floor":23,"turns":5},{"damage":0,"enemies":"3 Cultists","floor":27,"turns":4},{"damage":15,"enemies":"Centurion and Healer","floor":28,"turns":5},{"damage":29,"enemies":"Shelled Parasite and Fungi","floor":29,"turns":3},{"damage":22,"enemies":"Cultist and Chosen","floor":31,"turns":6},{"damage":87,"enemies":"Automaton","floor":33,"turns":6}],"seed_played":"-2804702175962222724","potions_obtained":[{"floor":4,"key":"Ancient Potion"},{"floor":7,"key":"Fire Potion"},{"floor":8,"key":"SpeedPotion"},{"floor":11,"key":"Block Potion"},{"floor":19,"key":"LiquidBronze"},{"floor":27,"key":"Ancient Potion"}],"is_trial":false,"path_per_floor":["M","M","M","M","?","E","M","M","T","M","M","$","M","M","R","B",null,"M","M","?","$","?","E","?","R","T","M","M","M","T","M","R","B"],"character_chosen":"IRONCLAD","items_purchased":["Orichalcum","OrangePellets"],"campfire_rested":1,"item_purchase_floors":[12,21],"current_hp_per_floor":[83,84,88,88,88,42,32,25,25,15,21,21,14,23,23,9,91,84,75,75,75,75,27,27,27,37,46,40,20,27,14,50,0],"gold":158,"neow_bonus":"TEN_PERCENT_HP_BONUS","is_prod":false,"is_daily":false,"chose_seed":false,"campfire_upgraded":2,"win_rate":0,"timestamp":1548405774,"path_taken":["M","M","M","M","?","E","M","M","T","M","?","$","M","M","R","BOSS","M","M","?","?","?","E","?","R","T","M","M","M","?","M","R","BOSS"],"build_version":"2019-01-23","purchased_purges":1,"victory":false,"max_hp_per_floor":[88,88,88,88,88,88,88,88,88,88,88,88,88,91,91,91,91,94,94,94,94,94,94,94,94,104,107,110,113,120,123,123,123],"card_choices":[{"not_picked":["Cleave","Twin Strike"],"picked":"Flex","floor":1},{"not_picked":["Twin Strike","Thunderclap"],"picked":"Anger","floor":2},{"not_picked":["Blood for Blood","Warcry"],"picked":"Searing Blow","floor":3},{"not_picked":["Armaments","Havoc"],"picked":"Clash","floor":4},{"not_picked":["True Grit","Hemokinesis","Spot Weakness"],"picked":"SKIP","floor":6},{"not_picked":["Warcry","Ghostly Armor"],"picked":"Cleave","floor":7},{"not_picked":["Clothesline","Wild Strike","Sword Boomerang"],"picked":"SKIP","floor":8},{"not_picked":["Havoc","Sword Boomerang","Armaments"],"picked":"SKIP","floor":10},{"not_picked":["Dual Wield","Wild Strike"],"picked":"Feed","floor":11},{"not_picked":["Clothesline","Havoc"],"picked":"Clash","floor":13},{"not_picked":["Twin Strike","Heavy Blade"],"picked":"Rupture","floor":14},{"not_picked":["Immolate","Exhume"],"picked":"Brutality","floor":16},{"not_picked":["Thunderclap","True Grit","Pommel Strike"],"picked":"SKIP","floor":18},{"not_picked":["Rampage+1","Twin Strike","Thunderclap"],"picked":"SKIP","floor":19},{"not_picked":["Anger+1","Second Wind"],"picked":"Sever Soul","floor":23},{"not_picked":["Armaments","Searing Blow+1","Iron Wave"],"picked":"SKIP","floor":27},{"not_picked":["Blood for Blood","Twin Strike+1"],"picked":"Bloodletting","floor":28},{"not_picked":["Barricade","True Grit+1"],"picked":"Wild Strike+1","floor":29},{"not_picked":["Pommel Strike","Perfected Strike+1"],"picked":"Feel No Pain","floor":31}],"player_experience":654418,"relics_obtained":[{"floor":6,"key":"Shuriken"},{"floor":23,"key":"Lantern"},{"floor":26,"key":"Pear"},{"floor":30,"key":"Strawberry"}],"event_choices":[{"damage_healed":0,"gold_gain":0,"player_choice":"Trade","damage_taken":0,"relics_obtained":["NlothsMask"],"max_hp_gain":0,"max_hp_loss":0,"event_name":"FaceTrader","floor":5,"gold_loss":0},{"damage_healed":0,"gold_gain":100,"player_choice":"Bet on Murderer","damage_taken":0,"max_hp_gain":0,"max_hp_loss":0,"event_name":"The Joust","floor":20,"gold_loss":50},{"damage_healed":0,"gold_gain":0,"player_choice":"Ignored","damage_taken":0,"max_hp_gain":0,"max_hp_loss":0,"event_name":"Beggar","floor":22,"gold_loss":0},{"damage_healed":0,"gold_gain":0,"player_choice":"Read","damage_taken":0,"max_hp_gain":0,"max_hp_loss":0,"event_name":"The Library","floor":24,"gold_loss":0,"cards_obtained":["Battle Trance"]}],"is_beta":false,"boss_relics":[{"not_picked":["Eternal Feather","Orrery"],"picked":"Mark of Pain"}],"items_purged_floors":[12],"is_endless":false,"potions_floor_spawned":[4,7,8,11,16,19,27,28],"killed_by":"Automaton","ascension_level":0}