{"gold_per_floor":[215,215,230,248,258,289,301,25,25,25,25,25,37,50,50,153,153,164,178,78,98,111,111,125,125,199,215,249,249],"floor_reached":29,"playtime":2015,"items_purged":["Strike_B","Strike_B"],"score":264,"play_id":"cd83a1e9-2de8-411d-8b21-28de6e92be59","local_time":"20190131022549","is_ascension_mode":true,"campfire_choices":[{"floor":10,"key":"REST"},{"data":"Beam Cell","floor":15,"key":"SMITH"},{"floor":23,"key":"REST"},{"floor":25,"key":"REST"}],"neow_cost":"NONE","seed_source_timestamp":1367179672538100,"circlet_count":0,"master_deck":["Strike_B","Strike_B","Defend_B","Defend_B+1","Defend_B","Defend_B+1","Zap","Dualcast","Gash+1","Steam","Steam","Consume","Beam Cell+1","Gash","Rebound","Sweeping Beam","Leap","Steam","Self Repair+1","Hologram"],"relics":["Cracked Core","Lantern","War Paint","Boot","Black Star","Bottled Flame","Centennial Puzzle","Question Card"],"potions_floor_usage":[5,6,16,19,21,28,28,28,28,28],"damage_taken":[{"damage":6,"enemies":"Jaw Worm","floor":1,"turns":3},{"damage":0,"enemies":"Cultist","floor":3,"turns":3},{"damage":6,"enemies":"2 Louse","floor":4,"turns":3},{"damage":0,"enemies":"Exordium Wildlife","floor":5,"turns":6},{"damage":31,"enemies":"Lagavulin","floor":6,"turns":7},{"damage":4,"enemies":"Looter","floor":7,"turns":3},{"damage":0,"enemies":"Blue Slaver","floor":13,"turns":3},{"damage":0,"enemies":"3 Louse","floor":14,"turns":4},{"damage":25,"enemies":"Hexaghost","floor":16,"turns":8},{"damage":16,"enemies":"Spheric Guardian","floor":18,"turns":6},{"damage":10,"enemies":"2 Thieves","floor":19,"turns":4},{"damage":19,"enemies":"Centurion and Healer","floor":21,"turns":7},{"damage":23,"enemies":"Snecko","floor":22,"turns":7},{"damage":28,"enemies":"Snake Plant","floor":24,"turns":5},{"damage":14,"enemies":"Shelled Parasite and Fungi","floor":27,"turns":8},{"damage":13,"enemies":"Slavers","floor":28,"turns":9},{"damage":32,"enemies":"Snecko","floor":29,"turns":6}],"seed_played":"-7327618558325683794","potions_obtained":[{"floor":1,"key":"SkillPotion"},{"floor":4,"key":"FearPotion"},{"floor":5,"key":"Explosive Potion"},{"floor":7,"key":"FocusPotion"},{"floor":16,"key":"EntropicBrew"},{"floor":18,"key":"Swift Potion"},{"floor":21,"key":"Dexterity Potion"}],"is_trial":false,"path_per_floor":["M","?","M","M","M","E","M","$","T","R","$","?","M","M","R","B",null,"M","M","$","M","M","R","M","R","T","M","E","M"],"character_chosen":"DEFECT","items_purchased":["Rebound","War Paint"],"campfire_rested":3,"item_purchase_floors":[8,8],"current_hp_per_floor":[69,69,69,63,63,32,28,28,28,50,50,50,50,50,50,25,75,59,49,49,30,7,29,11,33,33,29,26,0],"gold":249,"neow_bonus":"HUNDRED_GOLD","is_prod":false,"is_daily":false,"chose_seed":false,"campfire_upgraded":1,"win_rate":0,"timestamp":1548919549,"path_taken":["M","?","M","M","M","E","?","$","T","R","$","?","M","M","R","BOSS","M","M","$","M","M","R","M","R","T","M","E","M"],"build_version":"2019-01-23","purchased_purges":2,"victory":false,"max_hp_per_floor":[75,75,75,75,75,75,75,75,75,75,75,75,75,75,75,75,75,75,75,75,75,75,75,75,75,75,75,75,75],"card_choices":[{"not_picked":["Chaos","FTL"],"picked":"Gash","floor":1},{"not_picked":["Defragment","Cold Snap"],"picked":"Steam","floor":3},{"not_picked":["Cold Snap","Streamline"],"picked":"Steam","floor":4},{"not_picked":["Barrage","Double Energy"],"picked":"Consume","floor":5},{"not_picked":["Cold Snap","Redo"],"picked":"Beam Cell","floor":6},{"not_picked":["Sweeping Beam","All For One"],"picked":"Gash","floor":7},{"not_picked":["Cold Snap","Hello World"],"picked":"Sweeping Beam","floor":13},{"not_picked":["Sweeping Beam","Defragment"],"picked":"Leap","floor":14},{"not_picked":["Chill","Conserve Battery","Chaos+1"],"picked":"SKIP","floor":18},{"not_picked":["Turbo+1","Coolheaded","Stack"],"picked":"SKIP","floor":19},{"not_picked":["Chill","Conserve Battery"],"picked":"Steam","floor":21},{"not_picked":["Sweeping Beam","Steam+1"],"picked":"Self Repair+1","floor":22},{"not_picked":["Stack+1","Lockon","Redo+1"],"picked":"SKIP","floor":24},{"not_picked":["Meteor Strike","Compile Driver"],"picked":"Hologram","floor":27},{"not_picked":["Loop","Turbo+1","Self Repair"],"picked":"SKIP","floor":28}],"player_experience":140818,"relics_obtained":[{"floor":6,"key":"Lantern"},{"floor":9,"key":"Boot"},{"floor":26,"key":"Bottled Flame"},{"floor":28,"key":"Centennial Puzzle"},{"floor":28,"key":"Question Card"}],"event_choices":[{"damage_healed":0,"gold_gain":0,"player_choice":"Forge","damage_taken":0,"max_hp_gain":0,"max_hp_loss":0,"event_name":"Accursed Blacksmith","floor":2,"gold_loss":0,"cards_upgraded":["Gash"]},{"damage_healed":0,"gold_gain":0,"player_choice":"Ignored","damage_taken":0,"max_hp_gain":0,"max_hp_loss":0,"event_name":"Liars Game","floor":12,"gold_loss":0}],"is_beta":false,"boss_relics":[{"not_picked":["FrozenCore","Ectoplasm"],"picked":"Black Star"}],"items_purged_floors":[8,20],"is_endless":false,"potions_floor_spawned":[1,4,5,7,16,18,21],"killed_by":"Snecko","ascension_level":1}