{"gold_per_floor":[11,11,11,29,29,29,29,63,63,63,98,114,114,128,128,128],"floor_reached":16,"playtime":437,"items_purged":[],"score":211,"play_id":"5903c043-8312-4646-9e26-31e576c30442","local_time":"20190205014203","is_ascension_mode":true,"campfire_choices":[{"data":"Poisoned Stab","floor":6.0,"key":"SMITH"},{"floor":10.0,"key":"REST"},{"data":"Catalyst","floor":13.0,"key":"SMITH"},{"floor":15.0,"key":"REST"}],"neow_cost":"NO_GOLD","seed_source_timestamp":31482603181300,"circlet_count":0,"master_deck":["AscendersBane","Defend_G","Defend_G","Defend_G","Defend_G","Strike_G","Strike_G","Strike_G","Strike_G","Survivor","Neutralize+1","Poisoned Stab+1","Catalyst+1","Flying Knee+1","Bane+1","Die Die Die+1"],"special_seed":0,"relics":["Ring of the Snake","Smiling Mask","Molten Egg 2","Pear","Blue Candle"],"potions_floor_usage":[16],"damage_taken":[{"damage":1.0,"enemies":"Jaw Worm","floor":1.0,"turns":7.0},{"damage":1.0,"enemies":"Small Slimes","floor":4.0,"turns":6.0},{"damage":33.0,"enemies":"Lagavulin","floor":8.0,"turns":9.0},{"damage":38.0,"enemies":"Gremlin Nob","floor":11.0,"turns":5.0},{"damage":0.0,"enemies":"2 Louse","floor":12.0,"turns":2.0},{"damage":7.0,"enemies":"Exordium Thugs","floor":14.0,"turns":5.0},{"damage":46,"enemies":"Slime Boss","floor":16,"turns":8}],"seed_played":"1120885119253923288","potions_obtained":[{"floor":8.0,"key":"Energy Potion"},{"floor":11.0,"key":"SkillPotion"}],"is_trial":false,"path_per_floor":["M","?","?","M","?","R","$","E","T","R","E","M","R","M","R","B"],"character_chosen":"THE_SILENT","items_purchased":[],"campfire_rested":2,"item_purchase_floors":[],"current_hp_per_floor":[58,58,53,52,57,57,57,24,34,58,20,20,20,13,37,0],"gold":128,"neow_bonus":"REMOVE_TWO","is_prod":false,"is_daily":false,"chose_seed":false,"campfire_upgraded":2,"win_rate":0,"timestamp":1549323723,"path_taken":["M","?","?","M","?","R","?","E","T","R","E","?","R","M","R","BOSS"],"build_version":"2019-01-23","purchased_purges":0,"victory":false,"max_hp_per_floor":[66,66,66,66,71,71,71,71,81,81,81,81,81,81,81,81],"card_choices":[{"not_picked":["Sucker Punch","Calculated Gamble","Blade Dance"],"picked":"SKIP","floor":1.0},{"not_picked":["Quick Slash","Deflect"],"picked":"Poisoned Stab","floor":4.0},{"not_picked":["Backflip","Sucker Punch"],"picked":"Catalyst","floor":8.0},{"not_picked":["Quick Slash+1","Backflip"],"picked":"Flying Knee+1","floor":11.0},{"not_picked":["Calculated Gamble","Choke+1"],"picked":"Bane+1","floor":12.0},{"not_picked":["Acrobatics","Terror"],"picked":"Die Die Die+1","floor":14.0}],"player_experience":612812,"relics_obtained":[{"floor":8.0,"key":"Molten Egg 2"},{"floor":9.0,"key":"Pear"},{"floor":11.0,"key":"Blue Candle"}],"event_choices":[{"damage_healed":0.0,"max_hp_gain":0.0,"max_hp_loss":0.0,"gold_gain":0.0,"event_name":"Living Wall","player_choice":"Grow","floor":2.0,"gold_loss":0.0,"damage_taken":0.0,"cards_upgraded":["Neutralize"]},{"damage_healed":0.0,"max_hp_gain":0.0,"max_hp_loss":0.0,"gold_gain":0.0,"event_name":"Scrap Ooze","player_choice":"Success","floor":3.0,"gold_loss":0.0,"damage_taken":5.0,"relics_obtained":["Smiling Mask"]},{"damage_healed":0.0,"max_hp_gain":5.0,"max_hp_loss":0.0,"gold_gain":0.0,"event_name":"Big Fish","player_choice":"Donut","floor":5.0,"gold_loss":0.0,"damage_taken":0.0}],"is_beta":false,"boss_relics":[],"items_purged_floors":[],"is_endless":false,"potions_floor_spawned":[8,11,12],"killed_by":"Slime Boss","ascension_level":19}