{"gold_per_floor":[119,194,194,217,63,63,102,102,181,219,244,260,260,280,280,280],"floor_reached":16,"playtime":711,"items_purged":[],"score":110,"play_id":"87d1ca64-4d5a-4f1e-bc5c-d3eca532c219","local_time":"20180627001826","is_ascension_mode":false,"campfire_choices":[{"data":"Hyperbeam","floor":6,"key":"SMITH"},{"data":"Hyperbeam","floor":13,"key":"SMITH"},{"data":"Conserve Battery","floor":15,"key":"SMITH"}],"neow_cost":"NONE","seed_source_timestamp":15821706221551,"circlet_count":0,"master_deck":["Strike_B","Strike_B","Strike_B","Strike_B","Defend_B","Defend_B","Defend_B","Defend_B","Dualcast","Hyperbeam+1","Double Energy","Chaos","Conserve Battery","Hyperbeam+1","Conserve Battery+1","Go for the Eyes","Turbo"],"relics":["Cracked Core","Golden Idol","Oddly Smooth Stone","Gremlin Horn","Pear","Pantograph"],"potions_floor_usage":[16,16],"damage_taken":[{"damage":0,"enemies":"Small Slimes","floor":1,"turns":2},{"damage":0,"enemies":"2 Louse","floor":4,"turns":2},{"damage":16,"enemies":"3 Sentries","floor":7,"turns":4},{"damage":16,"enemies":"Lagavulin","floor":10,"turns":6},{"damage":0,"enemies":"Jaw Worm","floor":11,"turns":3},{"damage":0,"enemies":"Looter","floor":12,"turns":3},{"damage":0,"enemies":"Exordium Wildlife","floor":14,"turns":1},{"damage":51,"enemies":"Hexaghost","floor":16,"turns":9}],"seed_played":"-2939474104529846622","potions_obtained":[{"floor":7,"key":"Ancient Potion"},{"floor":10,"key":"GamblersBrew"},{"floor":11,"key":"Swift Potion"}],"is_trial":false,"path_per_floor":["M","?","?","M","$","R","E","?","T","E","M","M","R","M","R"],"character_chosen":"DEFECT","items_purchased":["Oddly Smooth Stone"],"campfire_rested":0,"item_purchase_floors":[5],"current_hp_per_floor":[75,64,46,46,46,46,30,30,40,24,24,24,24,24,24,0],"gold":280,"neow_bonus":"ONE_RANDOM_RARE_CARD","is_prod":false,"is_daily":false,"chose_seed":false,"campfire_upgraded":3,"win_rate":0,"timestamp":1530051506,"path_taken":["M","?","?","M","?","R","E","?","T","E","M","?","R","M","R","BOSS"],"build_version":"2018-06-21v2","purchased_purges":0,"victory":false,"max_hp_per_floor":[75,75,75,75,75,75,75,75,85,85,85,85,85,85,85,85],"card_choices":[{"not_picked":["Compile Driver","Tempest"],"picked":"Double Energy","floor":1},{"not_picked":["Turbo","Ball Lightning"],"picked":"Chaos","floor":4},{"not_picked":["Stack","Glacier"],"picked":"Conserve Battery","floor":7},{"not_picked":["Cold Snap","Recycle"],"picked":"Hyperbeam","floor":10},{"not_picked":["Turbo","Static Discharge"],"picked":"Conserve Battery","floor":11},{"not_picked":["Defragment","Chaos"],"picked":"Go for the Eyes","floor":12},{"not_picked":["Doom and Gloom","Hello World"],"picked":"Turbo","floor":14}],"player_experience":193448,"relics_obtained":[{"floor":7,"key":"Gremlin Horn"},{"floor":9,"key":"Pear"},{"floor":10,"key":"Pantograph"}],"event_choices":[{"event_name":"World of Goop","player_choice":"Gather Gold","floor":2,"damage_taken":0},{"event_name":"Golden Idol","player_choice":"Take Damage","floor":3,"damage_taken":0},{"event_name":"Living Wall","player_choice":"Forget","floor":8,"damage_taken":0}],"boss_relics":[],"items_purged_floors":[],"is_endless":false,"potions_floor_spawned":[7,10,11],"killed_by":"Hexaghost","ascension_level":0}