{"gold_per_floor":[109,75,94,171,190,190,215,230,230,244,257,257,273,300,300,300],"floor_reached":16,"playtime":2782,"items_purged":[],"score":137,"play_id":"7ac51c72-3a65-4c20-81b8-be6751a7d1c1","local_time":"20190204192128","is_ascension_mode":true,"campfire_choices":[{"data":"Neutralize","floor":6,"key":"SMITH"},{"data":"Dash","floor":15,"key":"SMITH"}],"neow_cost":"NONE","seed_source_timestamp":456259541511800,"circlet_count":0,"master_deck":["Defend_G","Defend_G","Defend_G","Defend_G","Defend_G","Strike_G","Strike_G","Strike_G","Strike_G","Survivor","Neutralize+1","Masterful Stab","Well Laid Plans","Sucker Punch","Backflip","Dash+1","All Out Attack","Venomology","Dodge and Roll","Leg Sweep","Wraith Form v2"],"relics":["Ring of the Snake","Ancient Tea Set","Boot","Question Card"],"potions_floor_usage":[11,14,14,16,16],"damage_taken":[{"damage":0,"enemies":"2 Louse","floor":1,"turns":3},{"damage":0,"enemies":"Small Slimes","floor":3,"turns":5},{"damage":0,"enemies":"Cultist","floor":5,"turns":3},{"damage":27,"enemies":"3 Sentries","floor":7,"turns":12},{"damage":0,"enemies":"Gremlin Gang","floor":8,"turns":5},{"damage":0,"enemies":"2 Fungi Beasts","floor":10,"turns":4},{"damage":0,"enemies":"Exordium Wildlife","floor":11,"turns":2},{"damage":0,"enemies":"Gremlin Gang","floor":13,"turns":5},{"damage":11,"enemies":"Lagavulin","floor":14,"turns":10},{"damage":33,"enemies":"Slime Boss","floor":16,"turns":3}],"seed_played":"-375917214329865166","potions_obtained":[{"floor":0,"key":"SmokeBomb"},{"floor":0,"key":"Explosive Potion"},{"floor":0,"key":"EssenceOfSteel"},{"floor":5,"key":"SkillPotion"},{"floor":11,"key":"GamblersBrew"}],"is_trial":false,"path_per_floor":["M","$","M","?","M","R","E","M","T","M","M","?","M","E","R","B"],"character_chosen":"THE_SILENT","items_purchased":["Well Laid Plans"],"campfire_rested":0,"item_purchase_floors":[2],"current_hp_per_floor":[70,70,70,70,70,70,43,43,43,43,43,43,43,32,32,0],"gold":300,"neow_bonus":"THREE_SMALL_POTIONS","is_prod":false,"is_daily":false,"chose_seed":false,"campfire_upgraded":2,"win_rate":0,"timestamp":1549279288,"path_taken":["M","$","M","?","M","R","E","M","T","M","M","?","M","E","R","BOSS"],"build_version":"2019-01-23","purchased_purges":0,"victory":false,"max_hp_per_floor":[70,70,70,70,70,70,70,70,70,70,70,70,70,70,70,70],"card_choices":[{"not_picked":["PiercingWail","Backflip"],"picked":"Masterful Stab","floor":1},{"not_picked":["Flying Knee","Cloak And Dagger"],"picked":"Sucker Punch","floor":3},{"not_picked":["Flying Knee","PiercingWail"],"picked":"Backflip","floor":5},{"not_picked":["Backstab","Terror"],"picked":"Dash","floor":7},{"not_picked":["Quick Slash","Sucker Punch"],"picked":"All Out Attack","floor":8},{"not_picked":["Backflip","Dagger Spray"],"picked":"Venomology","floor":10},{"not_picked":["Slice","Masterful Stab"],"picked":"Dodge and Roll","floor":11},{"not_picked":["Endless Agony","Slice"],"picked":"Leg Sweep","floor":13},{"not_picked":["Cloak And Dagger","Flying Knee"],"picked":"Wraith Form v2","floor":14}],"player_experience":305358,"relics_obtained":[{"floor":7,"key":"Ancient Tea Set"},{"floor":9,"key":"Boot"},{"floor":14,"key":"Question Card"}],"event_choices":[{"damage_healed":0,"gold_gain":77,"player_choice":"Gained Gold","damage_taken":0,"max_hp_gain":0,"max_hp_loss":0,"event_name":"Golden Wing","floor":4,"gold_loss":0},{"cards_removed":["Strike_G"],"damage_healed":0,"gold_gain":0,"player_choice":"Forget","damage_taken":0,"max_hp_gain":0,"max_hp_loss":0,"event_name":"Living Wall","floor":12,"gold_loss":0}],"is_beta":false,"boss_relics":[],"items_purged_floors":[],"is_endless":false,"potions_floor_spawned":[5,10,11,13],"killed_by":"Slime Boss","ascension_level":4}