{"gold_per_floor":[19,32,32,32,48,83,83,117,140,140,140,154,189,189,189,189],"floor_reached":16,"playtime":726,"items_purged":[],"score":177,"play_id":"06fb8d79-47ce-40a2-aa20-24651d8d354f","local_time":"20181103120355","is_ascension_mode":true,"campfire_choices":[{"data":"Genetic Algorithm","floor":7,"key":"SMITH"},{"floor":10,"key":"REST"},{"floor":15,"key":"REST"}],"neow_cost":"NO_GOLD","seed_source_timestamp":512664347924609,"circlet_count":0,"master_deck":["AscendersBane","Strike_B","Strike_B","Strike_B","Strike_B","Defend_B","Defend_B","Defend_B","Defend_B","Zap","Dualcast","Genetic Algorithm+1","Conserve Battery","Coolheaded","Conserve Battery","Cold Snap","Coolheaded","Conserve Battery"],"relics":["Cracked Core","StoneCalendar","Golden Idol","Happy Flower","DataDisk","Art of War","Regal Pillow","Molten Egg 2"],"potions_floor_usage":[6],"damage_taken":[{"damage":2,"enemies":"Jaw Worm","floor":1,"turns":5},{"damage":8,"enemies":"2 Louse","floor":2,"turns":3},{"damage":3,"enemies":"Cultist","floor":5,"turns":4},{"damage":31,"enemies":"Gremlin Nob","floor":6,"turns":5},{"damage":19,"enemies":"Lagavulin","floor":8,"turns":7},{"damage":2,"enemies":"3 Louse","floor":12,"turns":4},{"damage":5,"enemies":"Gremlin Nob","floor":13,"turns":5},{"damage":62,"enemies":"Hexaghost","floor":16,"turns":16}],"seed_played":"7291263594605850545","potions_obtained":[{"floor":5,"key":"SpeedPotion"},{"floor":6,"key":"Explosive Potion"}],"is_trial":false,"path_per_floor":["M","M","?","?","M","E","R","E","T","R","?","M","E","T","R","B"],"character_chosen":"DEFECT","items_purchased":[],"campfire_rested":2,"item_purchase_floors":[],"current_hp_per_floor":[66,58,63,63,60,29,29,10,10,32,32,30,25,25,62,0],"gold":189,"neow_bonus":"ONE_RARE_RELIC","is_prod":false,"is_daily":false,"chose_seed":false,"campfire_upgraded":1,"win_rate":0,"timestamp":1541243035,"path_taken":["M","M","?","?","?","E","R","E","T","R","?","M","E","?","R","BOSS"],"build_version":"2018-11-02","purchased_purges":0,"victory":false,"max_hp_per_floor":[75,75,80,74,74,74,74,74,74,74,74,74,74,74,74,74],"card_choices":[{"not_picked":["Stack","Compile Driver"],"picked":"Genetic Algorithm","floor":1},{"not_picked":["Go for the Eyes","Sweeping Beam"],"picked":"Conserve Battery","floor":2},{"not_picked":["Aggregate","Turbo"],"picked":"Coolheaded","floor":5},{"not_picked":["Streamline","Barrage"],"picked":"Conserve Battery","floor":6},{"not_picked":["All For One","Aggregate"],"picked":"Cold Snap","floor":8},{"not_picked":["Tempest","Capacitor"],"picked":"Coolheaded","floor":12},{"not_picked":["Core Surge","Compile Driver"],"picked":"Conserve Battery","floor":13}],"player_experience":479532,"relics_obtained":[{"floor":6,"key":"Happy Flower"},{"floor":8,"key":"DataDisk"},{"floor":9,"key":"Art of War"},{"floor":13,"key":"Regal Pillow"},{"floor":14,"key":"Molten Egg 2"}],"event_choices":[{"damage_healed":0,"gold_gain":0,"player_choice":"Donut","damage_taken":0,"max_hp_gain":5,"max_hp_loss":0,"event_name":"Big Fish","floor":3,"gold_loss":0},{"damage_healed":0,"gold_gain":0,"player_choice":"Lose Max HP","damage_taken":0,"relics_obtained":["Golden Idol"],"max_hp_gain":0,"max_hp_loss":6,"event_name":"Golden Idol","floor":4,"gold_loss":0},{"damage_healed":0,"gold_gain":0,"player_choice":"Ignored","damage_taken":0,"max_hp_gain":0,"max_hp_loss":0,"event_name":"Liars Game","floor":11,"gold_loss":0}],"is_beta":true,"boss_relics":[],"items_purged_floors":[],"is_endless":false,"potions_floor_spawned":[5,6],"killed_by":"Hexaghost","ascension_level":10}