{"gold_per_floor":[111,111,111,126,139,139,156,156,156,170,201,213,1,31,31,102,102,121,121,121,141,176,176,188,213,213,213,213,213,247,265,265,265],"floor_reached":33,"playtime":1590,"items_purged":["Defend_B"],"score":492,"play_id":"4817c384-0c2f-4151-a670-1d20d6cc44fe","local_time":"20190124123954","is_ascension_mode":true,"campfire_choices":[{"data":"Hologram","floor":6,"key":"SMITH"},{"data":"Streamline","floor":8,"key":"SMITH"},{"data":"Conserve Battery","floor":12,"key":"SMITH"},{"floor":15,"key":"REST"},{"data":"Ghostly","floor":23,"key":"SMITH"},{"floor":27,"key":"REST"},{"data":"Coolheaded","floor":29,"key":"SMITH"},{"floor":32,"key":"REST"}],"neow_cost":"NONE","seed_source_timestamp":434479320559649,"circlet_count":0,"master_deck":["AscendersBane","Strike_B+1","Strike_B+1","Defend_B+1","Defend_B+1","Zap+1","Dualcast","Hologram+1","BootSequence","Streamline+1","Turbo","Conserve Battery+1","Rip and Tear","Buffer","Ghostly+1","Ghostly","Ghostly","Ghostly","Ghostly","Compile Driver+1","Conserve Battery","Coolheaded+1","Darkness"],"relics":["Cracked Core","Symbiotic Virus","Mercury Hourglass","MawBank","DataDisk","Odd Mushroom","Empty Cage","Red Mask","Anchor","Centennial Puzzle","MutagenicStrength","Orichalcum"],"potions_floor_usage":[11,16,16,16],"damage_taken":[{"damage":2,"enemies":"Jaw Worm","floor":1,"turns":3},{"damage":3,"enemies":"2 Louse","floor":4,"turns":3},{"damage":0,"enemies":"Small Slimes","floor":5,"turns":3},{"damage":16,"enemies":"Exordium Thugs","floor":7,"turns":4},{"damage":10,"enemies":"2 Fungi Beasts","floor":10,"turns":3},{"damage":10,"enemies":"3 Sentries","floor":11,"turns":3},{"damage":3,"enemies":"The Mushroom Lair","floor":14,"turns":3},{"damage":28,"enemies":"The Guardian","floor":16,"turns":9},{"damage":6,"enemies":"Shell Parasite","floor":18,"turns":5},{"damage":1,"enemies":"Spheric Guardian","floor":21,"turns":3},{"damage":4,"enemies":"Masked Bandits","floor":22,"turns":6},{"damage":12,"enemies":"Snecko","floor":24,"turns":6},{"damage":8,"enemies":"Slavers","floor":25,"turns":5},{"damage":1,"enemies":"Gremlin Leader","floor":30,"turns":6},{"damage":3,"enemies":"Snake Plant","floor":31,"turns":3},{"damage":30,"enemies":"Collector","floor":33,"turns":5}],"seed_played":"4978642736121767872","potions_obtained":[{"floor":4,"key":"GamblersBrew"},{"floor":7,"key":"Energy Potion"},{"floor":10,"key":"Regen Potion"},{"floor":14,"key":"EntropicBrew"},{"floor":21,"key":"Dexterity Potion"}],"is_trial":false,"path_per_floor":["M","?","?","M","M","R","M","R","T","M","E","R","$","?","R","B",null,"M","?","?","M","?","R","M","E","T","R","?","R","E","M","R","B"],"character_chosen":"DEFECT","items_purchased":["DataDisk"],"campfire_rested":3,"item_purchase_floors":[13],"current_hp_per_floor":[66,63,56,53,53,53,37,37,37,27,17,17,17,14,36,23,62,56,37,37,36,32,32,20,12,12,23,23,23,22,19,30,0],"gold":265,"neow_bonus":"UPGRADE_CARD","is_prod":false,"is_daily":false,"chose_seed":false,"campfire_upgraded":5,"win_rate":0,"timestamp":1548329994,"path_taken":["M","?","?","M","M","R","M","R","T","M","E","R","$","?","R","BOSS","M","?","?","M","?","R","?","E","T","R","?","R","E","M","R","BOSS"],"build_version":"2019-01-23","purchased_purges":1,"victory":false,"max_hp_per_floor":[75,75,75,75,75,75,75,75,75,75,75,75,75,75,75,75,75,75,37,37,37,37,37,37,37,37,37,37,37,37,37,37,37],"card_choices":[{"not_picked":["Stack","Hello World"],"picked":"Hologram","floor":1},{"not_picked":["Streamline","Turbo"],"picked":"BootSequence","floor":4},{"not_picked":["Rebound","Glacier","Cold Snap"],"picked":"SKIP","floor":5},{"not_picked":["Chill","Coolheaded"],"picked":"Streamline","floor":7},{"not_picked":["Beam Cell","Stack"],"picked":"Turbo","floor":10},{"not_picked":["Loop","Redo"],"picked":"Conserve Battery","floor":11},{"not_picked":["Skim","Steam"],"picked":"Rip and Tear","floor":14},{"not_picked":["Core Surge","Multi-Cast"],"picked":"Buffer","floor":16},{"not_picked":["Heatsinks","Cold Snap","Beam Cell"],"picked":"SKIP","floor":18},{"not_picked":["Barrage","Reprogram"],"picked":"Compile Driver+1","floor":21},{"not_picked":["Hello World+1","Coolheaded"],"picked":"Conserve Battery","floor":24},{"not_picked":["Sweeping Beam","FTL"],"picked":"Coolheaded","floor":25},{"not_picked":["Beam Cell","Barrage+1"],"picked":"Darkness","floor":30},{"not_picked":["Gash","Glacier","Turbo"],"picked":"SKIP","floor":31}],"player_experience":615013,"relics_obtained":[{"floor":9,"key":"Mercury Hourglass"},{"floor":11,"key":"MawBank"},{"floor":14,"key":"Odd Mushroom"},{"floor":22,"key":"Red Mask"},{"floor":25,"key":"Anchor"},{"floor":26,"key":"Centennial Puzzle"},{"floor":30,"key":"Orichalcum"}],"event_choices":[{"damage_healed":0,"gold_gain":0,"player_choice":"Success","damage_taken":3,"relics_obtained":["Symbiotic Virus"],"max_hp_gain":0,"max_hp_loss":0,"event_name":"Scrap Ooze","floor":2,"gold_loss":0},{"cards_removed":["Strike_B"],"damage_healed":0,"gold_gain":0,"player_choice":"Card Removal","damage_taken":7,"max_hp_gain":0,"max_hp_loss":0,"event_name":"Golden Wing","floor":3,"gold_loss":0},{"damage_healed":0,"gold_gain":0,"player_choice":"Fought Mushrooms","damage_taken":0,"max_hp_gain":0,"max_hp_loss":0,"event_name":"Mushrooms","floor":14,"gold_loss":0},{"damage_healed":0,"gold_gain":0,"player_choice":"Became a Ghost","damage_taken":0,"max_hp_gain":0,"max_hp_loss":38,"event_name":"Ghosts","floor":19,"gold_loss":0,"cards_obtained":["Ghostly","Ghostly","Ghostly","Ghostly","Ghostly"]},{"damage_healed":0,"gold_gain":0,"player_choice":"Simplicity","damage_taken":0,"max_hp_gain":0,"max_hp_loss":0,"event_name":"Back to Basics","floor":20,"gold_loss":0,"cards_upgraded":["Strike_B","Strike_B","Defend_B","Defend_B"]},{"damage_healed":0,"gold_gain":0,"player_choice":"Fought Bandits","damage_taken":0,"max_hp_gain":0,"max_hp_loss":0,"event_name":"Masked Bandits","floor":22,"gold_loss":0},{"damage_healed":0,"gold_gain":0,"player_choice":"Inject Mutagens","damage_taken":0,"relics_obtained":["MutagenicStrength"],"max_hp_gain":0,"max_hp_loss":0,"event_name":"Drug Dealer","floor":28,"gold_loss":0}],"is_beta":true,"boss_relics":[{"not_picked":["Snecko Eye","Runic Dome"],"picked":"Empty Cage"}],"items_purged_floors":[13],"is_endless":false,"potions_floor_spawned":[4,7,10,14,21,22,24,25],"killed_by":"Collector","ascension_level":13}