{"gold_per_floor":[113,127,127,146,161,161,191,191,191,191,203,203,231,244,244,244],"floor_reached":16,"playtime":989,"items_purged":[],"score":168,"play_id":"7eac63de-5c21-4628-a534-edfc6135f2cf","local_time":"20190204135141","is_ascension_mode":true,"campfire_choices":[{"data":"Uppercut","floor":6,"key":"SMITH"},{"data":"True Grit","floor":10,"key":"SMITH"},{"data":"Sentinel","floor":12,"key":"SMITH"},{"floor":15,"key":"REST"}],"neow_cost":"NONE","seed_source_timestamp":438265790804100,"circlet_count":0,"master_deck":["AscendersBane","Strike_R","Strike_R","Strike_R","Strike_R","Strike_R","Defend_R","Defend_R","Defend_R","Defend_R","Bash","Battle Trance","Cleave","Shrug It Off","Uppercut+1","True Grit+1","Sentinel+1","Armaments"],"relics":["Burning Blood","Sundial","Smiling Mask","Self Forming Clay","Singing Bowl"],"potions_floor_usage":[13,16],"damage_taken":[{"damage":7,"enemies":"Jaw Worm","floor":1,"turns":3},{"damage":1,"enemies":"Cultist","floor":2,"turns":3},{"damage":7,"enemies":"2 Louse","floor":4,"turns":2},{"damage":22,"enemies":"Large Slime","floor":5,"turns":8},{"damage":35,"enemies":"Lagavulin","floor":7,"turns":8},{"damage":5,"enemies":"2 Fungi Beasts","floor":11,"turns":5},{"damage":21,"enemies":"Gremlin Nob","floor":13,"turns":4},{"damage":7,"enemies":"Lots of Slimes","floor":14,"turns":5},{"damage":44,"enemies":"Slime Boss","floor":16,"turns":8}],"seed_played":"-1469291683741554655","potions_obtained":[{"floor":0,"key":"Poison Potion"},{"floor":0,"key":"Block Potion"},{"floor":0,"key":"Energy Potion"},{"floor":2,"key":"Strength Potion"}],"is_trial":false,"path_per_floor":["M","M","?","M","M","R","E","?","T","R","M","R","E","M","R","B"],"character_chosen":"IRONCLAD","items_purchased":[],"campfire_rested":1,"item_purchase_floors":[],"current_hp_per_floor":[71,76,76,75,59,59,30,30,30,30,31,31,18,17,41,0],"gold":244,"neow_bonus":"THREE_SMALL_POTIONS","is_prod":false,"is_daily":false,"chose_seed":false,"campfire_upgraded":3,"win_rate":0,"timestamp":1549259501,"path_taken":["M","M","?","M","M","R","E","?","T","R","M","R","E","M","R","BOSS"],"build_version":"2019-01-23","purchased_purges":0,"victory":false,"max_hp_per_floor":[80,80,80,80,80,80,80,80,80,80,80,80,82,82,82,82],"card_choices":[{"not_picked":["Flex","Cleave"],"picked":"Battle Trance","floor":1},{"not_picked":["Evolve","Flex"],"picked":"Cleave","floor":2},{"not_picked":["Sentinel","Cleave"],"picked":"Shrug It Off","floor":4},{"not_picked":["Flex","Sword Boomerang"],"picked":"Uppercut","floor":5},{"not_picked":["Havoc","Dark Embrace"],"picked":"True Grit","floor":7},{"not_picked":["Wild Strike","Combust"],"picked":"Sentinel","floor":11},{"not_picked":["Flex","Dropkick","Bloodletting"],"picked":"Singing Bowl","floor":13},{"not_picked":["Body Slam","Battle Trance"],"picked":"Armaments","floor":14}],"player_experience":294029,"relics_obtained":[{"floor":7,"key":"Sundial"},{"floor":9,"key":"Self Forming Clay"},{"floor":13,"key":"Singing Bowl"}],"event_choices":[{"damage_healed":0,"gold_gain":0,"player_choice":"Leave","damage_taken":0,"max_hp_gain":0,"max_hp_loss":0,"event_name":"The Cleric","floor":3,"gold_loss":0},{"damage_healed":0,"gold_gain":0,"player_choice":"Gave Potion","damage_taken":0,"relics_obtained":["Smiling Mask"],"max_hp_gain":0,"max_hp_loss":0,"event_name":"WeMeetAgain","floor":8,"gold_loss":0}],"is_beta":false,"boss_relics":[],"items_purged_floors":[],"is_endless":false,"potions_floor_spawned":[2,4,7],"killed_by":"Slime Boss","ascension_level":10}