{"gold_per_floor":[115,115,115,41,54,54,85,85,134,134,134,165,188,214,226,339,351,375,487,188,198,218,251,269,269,343,343,22,48,48,74,74,179,179,193,242,212,231,248,280,280,608,608,635,651,148,148,160,160,160,160,160,34,59,59],"floor_reached":56,"playtime":3643,"items_purged":["Strike_G","Defend_G"],"score":1581,"play_id":"ab1f5511-abcc-4a32-afd5-72f560bfd2fd","local_time":"20190205204938","is_ascension_mode":true,"campfire_choices":[{"data":"Infinite Blades","floor":6.0,"key":"SMITH"},{"data":"Noxious Fumes","floor":8.0,"key":"SMITH"},{"floor":11.0,"key":"REST"},{"data":"Cloak And Dagger","floor":15.0,"key":"SMITH"},{"floor":25.0,"key":"REST"},{"data":"Adrenaline","floor":27.0,"key":"SMITH"},{"data":"Infinite Blades","floor":32.0,"key":"SMITH"},{"floor":41.0,"key":"REST"},{"floor":49.0,"key":"RECALL"},{"data":"Accuracy","floor":52.0,"key":"SMITH"}],"neow_cost":"NONE","seed_source_timestamp":0,"circlet_count":0,"master_deck":["Defend_G","Defend_G","Defend_G","Defend_G","Strike_G+1","Strike_G+1","Survivor","Deflect","Infinite Blades+1","Noxious Fumes+1","Outmaneuver","Cloak And Dagger+1","Adrenaline+1","Concentrate","Blur","Cloak And Dagger","Backflip","Glass Knife","Leg Sweep+1","Dodge and Roll+1","Infinite Blades+1","Finesse+1","Cloak And Dagger+1","PiercingWail+1","A Thousand Cuts","Blade Dance+1","Dodge and Roll+1","Well Laid Plans","Noxious Fumes","Accuracy+1","Adrenaline+1","Infinite Blades","Sadistic Nature","Cloak And Dagger+1","Accuracy","A Thousand Cuts"],"special_seed":0,"relics":["Ring of the Snake","Bag of Preparation","StoneCalendar","Happy Flower","Whetstone","Bag of Marbles","MawBank","Black Star","Oddly Smooth Stone","Dream Catcher","Ginger","Toxic Egg 2","Anchor","Gambling Chip","FossilizedHelix","Bottled Flame","Boot","Snake Skull","WristBlade","Torii","Bottled Tornado","Strawberry","Old Coin","PreservedInsect","Mummified Hand","Turnip","TwistedFunnel","Kunai","Pen Nib"],"potions_floor_usage":[55],"damage_taken":[{"damage":0.0,"enemies":"Jaw Worm","floor":1.0,"turns":4.0},{"damage":0.0,"enemies":"Small Slimes","floor":5.0,"turns":4.0},{"damage":12.0,"enemies":"3 Sentries","floor":7.0,"turns":7.0},{"damage":9.0,"enemies":"Lagavulin","floor":12.0,"turns":7.0},{"damage":0.0,"enemies":"Cultist","floor":14.0,"turns":3.0},{"damage":32.0,"enemies":"Hexaghost","floor":16.0,"turns":10.0},{"damage":15.0,"enemies":"Spheric Guardian","floor":18.0,"turns":6.0},{"damage":0.0,"enemies":"3 Byrds","floor":21.0,"turns":5.0},{"damage":14.0,"enemies":"Sentry and Sphere","floor":22.0,"turns":7.0},{"damage":13.0,"enemies":"Gremlin Leader","floor":23.0,"turns":8.0},{"damage":7.0,"enemies":"Snecko","floor":24.0,"turns":7.0},{"damage":0.0,"enemies":"Book of Stabbing","floor":29.0,"turns":7.0},{"damage":0.0,"enemies":"Slavers","floor":31.0,"turns":6.0},{"damage":0.0,"enemies":"Collector","floor":33.0,"turns":10.0},{"damage":0.0,"enemies":"3 Shapes","floor":35.0,"turns":4.0},{"damage":31.0,"enemies":"2 Orb Walkers","floor":36.0,"turns":7.0},{"damage":0.0,"enemies":"Orb Walker","floor":38.0,"turns":4.0},{"damage":0.0,"enemies":"3 Darklings","floor":39.0,"turns":5.0},{"damage":8.0,"enemies":"Reptomancer","floor":40.0,"turns":7.0},{"damage":0.0,"enemies":"Giant Head","floor":42.0,"turns":8.0},{"damage":0.0,"enemies":"Nemesis","floor":44.0,"turns":7.0},{"damage":0.0,"enemies":"Sphere and 2 Shapes","floor":45.0,"turns":3.0},{"damage":0.0,"enemies":"Writhing Mass","floor":48.0,"turns":4.0},{"damage":13.0,"enemies":"Awakened One","floor":50.0,"turns":10.0},{"damage":0.0,"enemies":"Shield and Spear","floor":54.0,"turns":3.0},{"damage":52,"enemies":"The Heart","floor":55,"turns":10}],"seed_played":"-3231614931163798355","potions_obtained":[{"floor":1.0,"key":"GamblersBrew"},{"floor":5.0,"key":"AttackPotion"},{"floor":14.0,"key":"Regen Potion"},{"floor":16.0,"key":"Regen Potion"},{"floor":21.0,"key":"SpeedPotion"},{"floor":23.0,"key":"SmokeBomb"},{"floor":29.0,"key":"EssenceOfSteel"},{"floor":36.0,"key":"Energy Potion"},{"floor":37.0,"key":"Weak Potion"},{"floor":37.0,"key":"SpeedPotion"},{"floor":38.0,"key":"Strength Potion"},{"floor":39.0,"key":"Energy Potion"},{"floor":45.0,"key":"GamblersBrew"}],"is_trial":false,"path_per_floor":["M","?","?","$","M","R","E","R","T","?","R","E","T","M","R","B",null,"M","?","$","M","M","E","M","R","T","R","$","E","T","E","R","B",null,"M","?","?","M","M","E","R","E","T","E","M","$","?","M","R","B",null,"R","$","E","B",null],"character_chosen":"THE_SILENT","items_purchased":["Infinite Blades","Oddly Smooth Stone","Blur","Cloak And Dagger","Infinite Blades","Finesse+1","Anchor","TwistedFunnel","Infinite Blades","Sadistic Nature","Accuracy","Strength Potion"],"campfire_rested":3,"item_purchase_floors":[4,20,20,20,28,28,28,46,46,46,53,53],"current_hp_per_floor":[70,67,67,67,67,67,55,55,55,48,69,60,60,60,60,28,70,66,66,66,66,65,52,45,66,66,66,66,66,66,66,66,66,70,70,39,39,39,39,38,61,61,61,61,61,61,61,61,61,48,77,77,77,77,25],"gold":59,"neow_bonus":"RANDOM_COMMON_RELIC","is_prod":false,"is_daily":false,"chose_seed":false,"campfire_upgraded":6,"win_rate":0,"timestamp":1549421378,"path_taken":["M","?","?","?","?","R","E","R","T","?","R","E","?","M","R","BOSS","M","?","$","M","M","E","?","R","T","R","$","E","?","E","R","BOSS","M","?","?","?","M","E","R","E","T","E","M","$","?","M","R","BOSS","R","$","E","BOSS"],"build_version":"2019-01-23","purchased_purges":2,"victory":true,"max_hp_per_floor":[70,70,70,70,70,70,70,70,70,70,70,70,70,70,70,70,70,70,70,70,70,70,70,70,70,70,70,70,70,70,70,70,70,70,70,70,70,70,70,77,77,77,77,77,77,77,77,77,77,77,77,77,77,77,77],"card_choices":[{"not_picked":["Riddle With Holes","Choke"],"picked":"Deflect","floor":1.0},{"not_picked":["Poisoned Stab","All Out Attack"],"picked":"Noxious Fumes","floor":5.0},{"not_picked":["Die Die Die","Slice"],"picked":"Outmaneuver","floor":7.0},{"not_picked":["Calculated Gamble","Quick Slash","Skewer"],"picked":"SKIP","floor":12.0},{"not_picked":["Dagger Spray","Bane"],"picked":"Cloak And Dagger","floor":14.0},{"not_picked":["Wraith Form v2","Venomology"],"picked":"Adrenaline","floor":16.0},{"not_picked":["Setup","Deflect+1"],"picked":"Concentrate","floor":18.0},{"not_picked":["Outmaneuver","Flechettes"],"picked":"Backflip","floor":21.0},{"not_picked":["Terror","Dagger Throw","Acrobatics"],"picked":"SKIP","floor":22.0},{"not_picked":["All Out Attack","Skewer"],"picked":"Glass Knife","floor":23.0},{"not_picked":["Cloak And Dagger","Tactician"],"picked":"Leg Sweep+1","floor":24.0},{"not_picked":["Outmaneuver","PiercingWail"],"picked":"Dodge and Roll+1","floor":25.0},{"not_picked":["Prepared+1","Concentrate+1"],"picked":"Cloak And Dagger+1","floor":29.0},{"not_picked":["Dagger Throw","Backflip+1"],"picked":"PiercingWail+1","floor":31.0},{"not_picked":["Burst+1","Die Die Die"],"picked":"A Thousand Cuts","floor":33.0},{"not_picked":["Catalyst+1","Dodge and Roll+1"],"picked":"Blade Dance+1","floor":35.0},{"not_picked":["Catalyst+1","Setup+1"],"picked":"Dodge and Roll+1","floor":36.0},{"not_picked":["Bane+1","PiercingWail+1","Riddle With Holes"],"picked":"SKIP","floor":38.0},{"not_picked":["Poisoned Stab+1","Acrobatics+1"],"picked":"Well Laid Plans","floor":39.0},{"not_picked":["Flying Knee+1","Skewer+1"],"picked":"Noxious Fumes","floor":40.0},{"not_picked":["Skewer+1","Prepared+1"],"picked":"Accuracy","floor":41.0},{"not_picked":["Underhanded Strike+1","Leg Sweep+1","Heel Hook"],"picked":"SKIP","floor":42.0},{"not_picked":["Distraction+1","Blur+1"],"picked":"Adrenaline+1","floor":44.0},{"not_picked":["Endless Agony+1","Deadly Poison+1","Underhanded Strike+1"],"picked":"SKIP","floor":45.0},{"not_picked":["Underhanded Strike+1","Deflect+1"],"picked":"Cloak And Dagger+1","floor":48.0},{"not_picked":["Predator","Backflip+1"],"picked":"A Thousand Cuts","floor":54.0}],"player_experience":109489,"relics_obtained":[{"floor":7.0,"key":"Happy Flower"},{"floor":9.0,"key":"Whetstone"},{"floor":12.0,"key":"Bag of Marbles"},{"floor":13.0,"key":"MawBank"},{"floor":23.0,"key":"Dream Catcher"},{"floor":23.0,"key":"Ginger"},{"floor":26.0,"key":"Toxic Egg 2"},{"floor":29.0,"key":"Gambling Chip"},{"floor":29.0,"key":"FossilizedHelix"},{"floor":30.0,"key":"Bottled Flame"},{"floor":31.0,"key":"Boot"},{"floor":31.0,"key":"Snake Skull"},{"floor":36.0,"key":"Torii"},{"floor":40.0,"key":"Bottled Tornado"},{"floor":40.0,"key":"Strawberry"},{"floor":42.0,"key":"Old Coin"},{"floor":42.0,"key":"PreservedInsect"},{"floor":44.0,"key":"Mummified Hand"},{"floor":44.0,"key":"Turnip"},{"floor":54.0,"key":"Kunai"},{"floor":54.0,"key":"Pen Nib"}],"event_choices":[{"damage_healed":0.0,"max_hp_gain":0.0,"max_hp_loss":0.0,"gold_gain":0.0,"event_name":"Scrap Ooze","player_choice":"Success","floor":2.0,"gold_loss":0.0,"damage_taken":3.0,"relics_obtained":["StoneCalendar"]},{"cards_removed":["Strike_G"],"damage_healed":0.0,"max_hp_gain":0.0,"max_hp_loss":0.0,"gold_gain":0.0,"event_name":"Living Wall","player_choice":"Forget","floor":3.0,"gold_loss":0.0,"damage_taken":0.0},{"cards_removed":["Strike_G"],"damage_healed":0.0,"max_hp_gain":0.0,"max_hp_loss":0.0,"gold_gain":0.0,"event_name":"Golden Wing","player_choice":"Card Removal","floor":10.0,"gold_loss":0.0,"damage_taken":7.0},{"damage_healed":0.0,"max_hp_gain":0.0,"max_hp_loss":0.0,"gold_gain":100.0,"event_name":"Golden Shrine","player_choice":"Pray","floor":19.0,"gold_loss":0.0,"damage_taken":0.0},{"damage_healed":0.0,"max_hp_gain":0.0,"max_hp_loss":0.0,"gold_gain":0.0,"event_name":"Mysterious Sphere","player_choice":"Fight","floor":36.0,"gold_loss":0.0,"damage_taken":0.0},{"damage_healed":0.0,"max_hp_gain":0.0,"max_hp_loss":0.0,"gold_gain":0.0,"event_name":"The Woman in Blue","player_choice":"Bought 2 Potions","floor":37.0,"gold_loss":0.0,"damage_taken":0.0},{"cards_removed":["Neutralize"],"damage_healed":0.0,"max_hp_gain":0.0,"max_hp_loss":0.0,"gold_gain":0.0,"event_name":"Falling","player_choice":"Removed Attack","floor":47.0,"gold_loss":0.0,"damage_taken":0.0}],"is_beta":false,"boss_relics":[{"not_picked":["Ring of the Serpent","Tiny House"],"picked":"Black Star"},{"not_picked":["HoveringKite","Sozu"],"picked":"WristBlade"}],"items_purged_floors":[20,46],"is_endless":false,"potions_floor_spawned":[1,5,14,16,21,23,29,36,38,39,45,48],"ascension_level":1}