{"gold_per_floor":[116,130,148,223,235,263,263,274,274,274,294,319,284,298,298,377,377,377,377,377,377,377,377,377,377,377,377,377,377,377,377,377,377,377,377,377,377,240,240,240,240,240,240,240,240,240,240,240,240,240],"floor_reached":50,"playtime":2175,"items_purged":[],"score":961,"play_id":"c0c65f84-6f3f-400f-8911-45fc1300f0d6","local_time":"20190131185825","is_ascension_mode":true,"campfire_choices":[{"data":"Anger","floor":7,"key":"SMITH"},{"floor":15,"key":"REST"},{"data":"Limit Break","floor":23,"key":"SMITH"},{"data":"Armaments","floor":25,"key":"SMITH"},{"floor":30,"key":"REST"},{"floor":32,"key":"REST"},{"floor":40,"key":"REST"},{"data":"Writhe","floor":47,"key":"PURGE"},{"floor":49,"key":"REST"}],"neow_cost":"NONE","seed_source_timestamp":1061431437825946,"circlet_count":0,"master_deck":["AscendersBane","Strike_R","Strike_R","Strike_R","Strike_R","Defend_R","Defend_R","Defend_R","Defend_R","Bash","Anger+1","Shrug It Off","Uppercut","Limit Break+1","Cleave","Spot Weakness","Dual Wield","Feed","Armaments+1","Battle Trance","Anger","Heavy Blade","Flex","Shrug It Off+1","Whirlwind+1"],"relics":["Burning Blood","Shuriken","Boot","Red Skull","Ectoplasm","MutagenicStrength","Nunchaku","Blue Candle","Sundial","Gremlin Horn","The Courier","Cursed Key","Blood Vial","Potion Belt","Smiling Mask","Peace Pipe","Torii"],"potions_floor_usage":[6,12,20,20,29,31,39,44,50],"damage_taken":[{"damage":11,"enemies":"Cultist","floor":1,"turns":5},{"damage":7,"enemies":"Small Slimes","floor":2,"turns":3},{"damage":6,"enemies":"Jaw Worm","floor":3,"turns":5},{"damage":12,"enemies":"Looter","floor":5,"turns":3},{"damage":22,"enemies":"3 Sentries","floor":6,"turns":8},{"damage":7,"enemies":"3 Louse","floor":8,"turns":4},{"damage":8,"enemies":"Blue Slaver","floor":11,"turns":3},{"damage":25,"enemies":"Lagavulin","floor":12,"turns":6},{"damage":5,"enemies":"Gremlin Gang","floor":14,"turns":3},{"damage":40,"enemies":"Slime Boss","floor":16,"turns":7},{"damage":9,"enemies":"Chosen","floor":18,"turns":4},{"damage":8,"enemies":"Colosseum Slavers","floor":20,"turns":3},{"damage":47,"enemies":"Colosseum Nobs","floor":20,"turns":4},{"damage":0,"enemies":"Spheric Guardian","floor":21,"turns":3},{"damage":24,"enemies":"Snake Plant","floor":24,"turns":4},{"damage":19,"enemies":"Shelled Parasite and Fungi","floor":27,"turns":3},{"damage":2,"enemies":"Chosen and Byrds","floor":28,"turns":4},{"damage":12,"enemies":"Snake Plant","floor":29,"turns":3},{"damage":30,"enemies":"Book of Stabbing","floor":31,"turns":4},{"damage":25,"enemies":"Automaton","floor":33,"turns":6},{"damage":11,"enemies":"Orb Walker","floor":35,"turns":3},{"damage":15,"enemies":"3 Shapes","floor":37,"turns":4},{"damage":46,"enemies":"Spire Growth","floor":39,"turns":4},{"damage":19,"enemies":"Sphere and 2 Shapes","floor":41,"turns":4},{"damage":19,"enemies":"Reptomancer","floor":42,"turns":5},{"damage":26,"enemies":"Nemesis","floor":44,"turns":5},{"damage":45,"enemies":"2 Orb Walkers","floor":48,"turns":3},{"damage":72,"enemies":"Donu and Deca","floor":50,"turns":4}],"seed_played":"-1800121827814535136","potions_obtained":[{"floor":2,"key":"Fire Potion"},{"floor":5,"key":"Energy Potion"},{"floor":8,"key":"FearPotion"},{"floor":14,"key":"Regen Potion"},{"floor":16,"key":"Strength Potion"},{"floor":18,"key":"Energy Potion"},{"floor":28,"key":"SkillPotion"},{"floor":29,"key":"SpeedPotion"},{"floor":33,"key":"LiquidBronze"},{"floor":37,"key":"AttackPotion"},{"floor":42,"key":"Fire Potion"},{"floor":44,"key":"Fire Potion"},{"floor":48,"key":"Energy Potion"}],"is_trial":false,"path_per_floor":["M","M","M","?","M","E","R","M","T","?","M","E","?","M","R","B",null,"M","?","?","M","T","R","M","R","T","M","M","M","R","E","R","B",null,"M","?","M","$","M","R","M","E","T","E","?","?","R","?","R","B"],"character_chosen":"IRONCLAD","items_purchased":["Blood Vial"],"campfire_rested":5,"item_purchase_floors":[38],"current_hp_per_floor":[70,69,69,58,52,36,36,35,35,35,33,14,34,35,59,25,68,65,65,37,46,46,46,28,28,28,18,22,19,48,24,53,37,84,79,79,73,73,35,65,57,46,46,28,87,83,83,44,68,0],"gold":240,"neow_bonus":"TEN_PERCENT_HP_BONUS","is_prod":false,"is_daily":false,"chose_seed":false,"campfire_upgraded":3,"win_rate":0,"timestamp":1548957505,"path_taken":["M","?","M","?","M","E","R","M","T","?","M","E","?","M","R","BOSS","M","?","?","M","?","R","M","R","T","?","M","M","R","E","R","BOSS","M","?","M","$","?","R","M","E","T","E","?","?","R","?","R","BOSS"],"build_version":"2019-01-23","purchased_purges":0,"victory":false,"max_hp_per_floor":[82,82,82,82,82,82,82,82,82,82,82,82,82,82,82,82,82,82,82,88,91,91,91,91,91,91,94,94,97,97,97,97,100,100,100,100,103,103,103,103,106,106,106,106,87,83,83,83,83,83],"card_choices":[{"not_picked":["Rage","Twin Strike"],"picked":"Anger","floor":1},{"not_picked":["Perfected Strike","Heavy Blade"],"picked":"Shrug It Off","floor":2},{"not_picked":["Rupture","Warcry"],"picked":"Uppercut","floor":3},{"not_picked":["Burning Pact","Clash","Havoc"],"picked":"SKIP","floor":5},{"not_picked":["Dual Wield","Rupture"],"picked":"Limit Break","floor":6},{"not_picked":["Searing Blow","Clothesline"],"picked":"Cleave","floor":8},{"not_picked":["Warcry","Pommel Strike"],"picked":"Spot Weakness","floor":11},{"not_picked":["Shockwave","Dual Wield","Rampage"],"picked":"SKIP","floor":12},{"not_picked":["Shockwave","Rampage"],"picked":"Dual Wield","floor":12},{"not_picked":["Combust","Spot Weakness","Perfected Strike"],"picked":"SKIP","floor":14},{"not_picked":["Offering","Barricade"],"picked":"Feed","floor":16},{"not_picked":["Infernal Blade","Reckless Charge","Blood for Blood"],"picked":"SKIP","floor":18},{"not_picked":["Warcry","Clash"],"picked":"Armaments","floor":20},{"not_picked":["Perfected Strike","True Grit","Rampage"],"picked":"SKIP","floor":21},{"not_picked":["Intimidate","Burning Pact"],"picked":"Battle Trance","floor":24},{"not_picked":["Hemokinesis","Sword Boomerang"],"picked":"Anger","floor":27},{"not_picked":["Second Wind","Pummel"],"picked":"Heavy Blade","floor":28},{"not_picked":["Warcry","Pommel Strike","Hemokinesis"],"picked":"SKIP","floor":29},{"not_picked":["Anger","Heavy Blade","Dual Wield"],"picked":"SKIP","floor":31},{"not_picked":["Warcry","Twin Strike","Perfected Strike+1"],"picked":"SKIP","floor":35},{"not_picked":["Searing Blow","Havoc"],"picked":"Flex","floor":37},{"not_picked":["Havoc+1","Body Slam"],"picked":"Shrug It Off+1","floor":39},{"not_picked":["Bloodletting+1","Fire Breathing"],"picked":"Whirlwind+1","floor":41},{"not_picked":["Inflame+1","Hemokinesis","Entrench+1"],"picked":"SKIP","floor":42},{"not_picked":["Uppercut","Searing Blow","Demon Form"],"picked":"SKIP","floor":44}],"player_experience":678323,"relics_obtained":[{"floor":6,"key":"Shuriken"},{"floor":9,"key":"Boot"},{"floor":12,"key":"Red Skull"},{"floor":20,"key":"Nunchaku"},{"floor":20,"key":"Blue Candle"},{"floor":22,"key":"Sundial"},{"floor":26,"key":"Gremlin Horn"},{"floor":31,"key":"The Courier"},{"floor":42,"key":"Potion Belt"},{"floor":43,"key":"Smiling Mask"},{"floor":44,"key":"Peace Pipe"},{"floor":48,"key":"Torii"}],"event_choices":[{"damage_healed":0,"gold_gain":75,"player_choice":"Gather Gold","damage_taken":11,"max_hp_gain":0,"max_hp_loss":0,"event_name":"World of Goop","floor":4,"gold_loss":0},{"damage_healed":0,"gold_gain":0,"player_choice":"Ignored","damage_taken":0,"max_hp_gain":0,"max_hp_loss":0,"event_name":"Liars Game","floor":10,"gold_loss":0},{"damage_healed":20,"gold_gain":0,"player_choice":"Healed","damage_taken":0,"max_hp_gain":0,"max_hp_loss":0,"event_name":"The Cleric","floor":13,"gold_loss":35},{"damage_healed":0,"gold_gain":0,"player_choice":"Inject Mutagens","damage_taken":0,"relics_obtained":["MutagenicStrength"],"max_hp_gain":0,"max_hp_loss":0,"event_name":"Drug Dealer","floor":19,"gold_loss":0},{"damage_healed":0,"gold_gain":0,"player_choice":"Fight","damage_taken":0,"max_hp_gain":0,"max_hp_loss":0,"event_name":"Colosseum","floor":20,"gold_loss":0},{"damage_healed":0,"gold_gain":0,"player_choice":"Fought Nobs","damage_taken":0,"max_hp_gain":0,"max_hp_loss":0,"event_name":"Colosseum","floor":20,"gold_loss":0},{"cards_removed":["Strike_R"],"damage_healed":0,"gold_gain":0,"player_choice":"Offered Basic","damage_taken":0,"max_hp_gain":0,"max_hp_loss":0,"event_name":"Bonfire Elementals","floor":36,"gold_loss":0},{"damage_healed":87,"gold_gain":0,"player_choice":"Heal","damage_taken":0,"max_hp_gain":0,"max_hp_loss":19,"event_name":"The Moai Head","floor":45,"gold_loss":0},{"damage_healed":0,"gold_gain":0,"player_choice":"Max HP","damage_taken":0,"max_hp_gain":0,"max_hp_loss":4,"event_name":"Winding Halls","floor":46,"gold_loss":0},{"damage_healed":0,"gold_gain":0,"player_choice":"Fight","damage_taken":0,"max_hp_gain":0,"max_hp_loss":0,"event_name":"Mysterious Sphere","floor":48,"gold_loss":0}],"is_beta":true,"boss_relics":[{"not_picked":["Philosopher\u0027s Stone","Empty Cage"],"picked":"Ectoplasm"},{"not_picked":["Runic Pyramid","Orrery"],"picked":"Cursed Key"}],"items_purged_floors":[],"is_endless":false,"potions_floor_spawned":[2,5,8,14,16,18,20,28,29,33,37,42,44,48],"killed_by":"Donu and Deca","ascension_level":16}