{"gold_per_floor":[114,129,144,144,144,199,199,229,229,229,244,244,244,259,259,259],"floor_reached":16,"playtime":986,"items_purged":[],"score":135,"play_id":"bf0ab1b8-3cc4-49a3-8358-0c64bb3b3823","local_time":"20190202155143","daily_mods":["Shiny","Colorless Cards","Lethality"],"is_ascension_mode":false,"campfire_choices":[{"data":"Apotheosis","floor":7,"key":"SMITH"},{"floor":10,"key":"REST"},{"data":"Bullet Time","floor":12,"key":"SMITH"},{"data":"HandOfGreed","floor":15,"key":"SMITH"}],"neow_cost":"","seed_source_timestamp":0,"circlet_count":0,"master_deck":["Venomology","Corpse Explosion","Malaise","Phantasmal Killer","Die Die Die","Adrenaline","Envenom","Doppelganger","Burst","Wraith Form v2","Tools of the Trade","Night Terror","Unload","After Image","Bullet Time+1","Storm of Steel","Glass Knife","A Thousand Cuts","Grand Finale","Thinking Ahead","Metamorphosis","Master of Strategy","Magnetism","Chrysalis","Transmutation","HandOfGreed+1","Apotheosis+1","Secret Weapon","Panache","Violence","Secret Technique","The Bomb","Sadistic Nature","Madness","Well Laid Plans","Dramatic Entrance","Good Instincts"],"special_seed":17929,"relics":["Ring of the Snake","Turnip","Vajra","Molten Egg 2","Frozen Egg 2"],"potions_floor_usage":[6,16,16],"damage_taken":[{"damage":0,"enemies":"2 Louse","floor":1,"turns":1},{"damage":1,"enemies":"Cultist","floor":2,"turns":3},{"damage":13,"enemies":"Small Slimes","floor":3,"turns":3},{"damage":12,"enemies":"3 Sentries","floor":6,"turns":2},{"damage":14,"enemies":"Gremlin Nob","floor":8,"turns":3},{"damage":10,"enemies":"Blue Slaver","floor":11,"turns":2},{"damage":0,"enemies":"Lots of Slimes","floor":14,"turns":1},{"damage":34,"enemies":"The Guardian","floor":16,"turns":5}],"seed_played":"1821043760548627163","potions_obtained":[{"floor":3,"key":"AttackPotion"},{"floor":6,"key":"GamblersBrew"},{"floor":8,"key":"Strength Potion"},{"floor":14,"key":"SneckoOil"}],"is_trial":false,"path_per_floor":["M","M","M","?","$","E","R","E","T","R","M","R","?","M","R","B"],"character_chosen":"THE_SILENT","items_purchased":[],"campfire_rested":1,"item_purchase_floors":[],"current_hp_per_floor":[70,69,56,49,49,37,37,23,23,44,34,34,34,34,34,0],"gold":259,"neow_bonus":"","is_prod":false,"is_daily":true,"chose_seed":false,"campfire_upgraded":3,"win_rate":0,"timestamp":1549140703,"path_taken":["M","M","M","?","$","E","R","E","T","R","M","R","?","?","R","BOSS"],"build_version":"2019-01-23","purchased_purges":0,"victory":false,"max_hp_per_floor":[70,70,70,70,70,70,70,70,70,70,70,70,70,70,70,70],"card_choices":[{"not_picked":["Outmaneuver","Flash of Steel"],"picked":"Madness","floor":1},{"not_picked":["Blade Dance","Deep Breath"],"picked":"Well Laid Plans","floor":2},{"not_picked":["Deflect","Dodge and Roll","Bane"],"picked":"SKIP","floor":3},{"not_picked":["Blind","Quick Slash","Crippling Poison"],"picked":"SKIP","floor":6},{"not_picked":["Forethought","Deep Breath"],"picked":"Dramatic Entrance","floor":8},{"not_picked":["Underhanded Strike+1","Prepared","Dagger Throw+1"],"picked":"SKIP","floor":11},{"not_picked":["Underhanded Strike+1","Sucker Punch+1"],"picked":"Good Instincts","floor":14}],"player_experience":201609,"relics_obtained":[{"floor":6,"key":"Turnip"},{"floor":8,"key":"Vajra"},{"floor":9,"key":"Molten Egg 2"}],"event_choices":[{"cards_removed":["Mayhem"],"damage_healed":0,"gold_gain":0,"player_choice":"Card Removal","damage_taken":7,"max_hp_gain":0,"max_hp_loss":0,"event_name":"Golden Wing","floor":4,"gold_loss":0},{"damage_healed":0,"gold_gain":0,"player_choice":"Gave Potion","damage_taken":0,"relics_obtained":["Frozen Egg 2"],"max_hp_gain":0,"max_hp_loss":0,"event_name":"WeMeetAgain","floor":13,"gold_loss":0}],"is_beta":false,"boss_relics":[],"items_purged_floors":[],"is_endless":false,"potions_floor_spawned":[3,6,8,14],"killed_by":"The Guardian","ascension_level":0}