{"gold_per_floor":[113,127,137,147,165,165,175,175,175,203,203,235,255,268,268,370,370,384,404,12,23,42,42,67,67,67,100,100,112,132,157,157,254,254,269,314,326,32,43,77,77,77,150,183,200,200,215,226,226,226,226,226,7,32,32],"floor_reached":56,"playtime":4769,"items_purged":["Strike_R","Strike_R","Strike_R"],"score":1608,"play_id":"b6486ca9-3248-4d7f-a38f-7565c08d4010","local_time":"20190205021206","is_ascension_mode":true,"campfire_choices":[{"data":"Rampage","floor":6,"key":"SMITH"},{"data":"Armaments","floor":11,"key":"SMITH"},{"floor":15,"key":"REST"},{"data":"Corruption","floor":23,"key":"SMITH"},{"data":"Limit Break","floor":28,"key":"SMITH"},{"data":"Battle Trance","floor":32,"key":"SMITH"},{"floor":42,"key":"RECALL"},{"data":"Demon Form","floor":46,"key":"SMITH"},{"data":"Impervious","floor":49,"key":"SMITH"},{"data":"Bloodletting","floor":52,"key":"SMITH"}],"neow_cost":"NONE","seed_source_timestamp":1795584839917400,"circlet_count":0,"master_deck":["Strike_R+1","Defend_R","Defend_R","Defend_R","Defend_R","Bash+1","Iron Wave","Bloodletting+1","Anger","Rampage+1","Ghostly Armor","Armaments+1","Pommel Strike","Spot Weakness","Corruption+1","Limit Break+1","Heavy Blade+1","Pommel Strike+1","Second Wind","True Grit","Warcry+1","Pommel Strike+1","Havoc","Disarm","Battle Trance+1","Impervious+1","Havoc","Warcry+1","Rage+1","Shrug It Off","Intimidate+1","Ghostly Armor","Demon Form+1","Body Slam+1","Transmutation","Disarm+1"],"relics":["Black Blood","Boot","Calipers","Smiling Mask","Dead Branch","Bottled Tornado","Champion Belt","Ancient Tea Set","Happy Flower","Sozu","Pocketwatch","Lee\u0027s Waffle","Gremlin Horn","Pear","Whetstone","Pantograph"],"potions_floor_usage":[5,7,10,16,27,30,33,47,47],"damage_taken":[{"damage":1,"enemies":"2 Louse","floor":1,"turns":4},{"damage":2,"enemies":"Jaw Worm","floor":2,"turns":3},{"damage":1,"enemies":"Cultist","floor":3,"turns":4},{"damage":34,"enemies":"Exordium Thugs","floor":4,"turns":6},{"damage":4,"enemies":"Looter","floor":5,"turns":3},{"damage":14,"enemies":"Gremlin Gang","floor":7,"turns":3},{"damage":25,"enemies":"Lagavulin","floor":10,"turns":8},{"damage":30,"enemies":"Gremlin Nob","floor":12,"turns":5},{"damage":7,"enemies":"2 Fungi Beasts","floor":13,"turns":3},{"damage":6,"enemies":"Blue Slaver","floor":14,"turns":3},{"damage":32,"enemies":"Hexaghost","floor":16,"turns":7},{"damage":7,"enemies":"Chosen","floor":18,"turns":4},{"damage":23,"enemies":"Spheric Guardian","floor":19,"turns":5},{"damage":25,"enemies":"Centurion and Healer","floor":21,"turns":3},{"damage":10,"enemies":"Snecko","floor":22,"turns":6},{"damage":20,"enemies":"Book of Stabbing","floor":24,"turns":3},{"damage":0,"enemies":"Slavers","floor":27,"turns":4},{"damage":0,"enemies":"3 Cultists","floor":29,"turns":5},{"damage":9,"enemies":"Chosen and Byrds","floor":30,"turns":3},{"damage":43,"enemies":"Collector","floor":33,"turns":8},{"damage":9,"enemies":"Orb Walker","floor":35,"turns":3},{"damage":33,"enemies":"2 Orb Walkers","floor":36,"turns":4},{"damage":18,"enemies":"3 Shapes","floor":37,"turns":3},{"damage":3,"enemies":"Sphere and 2 Shapes","floor":39,"turns":2},{"damage":0,"enemies":"Reptomancer","floor":40,"turns":3},{"damage":3,"enemies":"Nemesis","floor":44,"turns":3},{"damage":12,"enemies":"3 Darklings","floor":45,"turns":3},{"damage":6,"enemies":"Transient","floor":47,"turns":5},{"damage":0,"enemies":"Sphere and 2 Shapes","floor":48,"turns":2},{"damage":27,"enemies":"Awakened One","floor":50,"turns":5},{"damage":3,"enemies":"Shield and Spear","floor":54,"turns":4},{"damage":8,"enemies":"The Heart","floor":55,"turns":6}],"seed_played":"6165899319229508803","potions_obtained":[{"floor":2,"key":"Fire Potion"},{"floor":4,"key":"GamblersBrew"},{"floor":5,"key":"AttackPotion"},{"floor":7,"key":"Dexterity Potion"},{"floor":10,"key":"SkillPotion"},{"floor":21,"key":"Energy Potion"},{"floor":24,"key":"Swift Potion"},{"floor":25,"key":"BloodPotion"},{"floor":29,"key":"Fire Potion"},{"floor":33,"key":"Swift Potion"}],"is_trial":false,"path_per_floor":["M","M","M","M","M","R","M","?","T","E","R","E","M","M","R","B",null,"M","M","$","M","M","R","E","?","T","E","R","M","M","T","R","B",null,"M","?","M","$","M","E","?","R","T","E","M","R","M","M","R","B",null,"R","$","E","B",null],"character_chosen":"IRONCLAD","items_purchased":["Second Wind","True Grit","Bottled Tornado","Lee\u0027s Waffle","Shrug It Off","Transmutation"],"campfire_rested":1,"item_purchase_floors":[20,20,20,38,38,53],"current_hp_per_floor":[80,80,80,52,54,54,46,72,72,53,53,29,28,28,52,26,80,80,67,67,52,52,52,42,42,42,60,60,70,71,71,71,38,80,80,57,49,87,87,87,87,87,97,97,95,95,97,97,97,80,97,97,97,97,97],"gold":32,"neow_bonus":"RANDOM_COMMON_RELIC","is_prod":false,"is_daily":false,"chose_seed":false,"campfire_upgraded":8,"win_rate":0,"timestamp":1549350726,"path_taken":["M","M","M","M","M","R","M","?","T","E","R","E","M","M","R","BOSS","M","M","$","M","M","R","E","?","T","E","R","?","M","?","R","BOSS","M","?","M","$","M","E","?","R","T","E","?","R","M","M","R","BOSS","R","$","E","BOSS"],"build_version":"2019-01-23","purchased_purges":3,"victory":true,"max_hp_per_floor":[80,80,80,80,80,80,80,80,80,80,80,80,80,80,80,80,80,80,80,80,80,80,80,80,80,80,80,80,80,80,80,80,80,80,80,80,80,87,87,87,87,87,97,97,97,97,97,97,97,97,97,97,97,97,97],"card_choices":[{"not_picked":["True Grit","Flex"],"picked":"Iron Wave","floor":1},{"not_picked":["True Grit","Anger"],"picked":"Bloodletting","floor":2},{"not_picked":["Clash","Bloodletting"],"picked":"Anger","floor":3},{"not_picked":["Perfected Strike","Flex"],"picked":"Rampage","floor":4},{"not_picked":["Bloodletting","Evolve"],"picked":"Ghostly Armor","floor":5},{"not_picked":["Havoc","Inflame"],"picked":"Armaments","floor":7},{"not_picked":["Bloodletting","Shockwave"],"picked":"Pommel Strike","floor":10},{"not_picked":["Heavy Blade","Warcry"],"picked":"Spot Weakness","floor":12},{"not_picked":["Rage","Clash"],"picked":"Corruption","floor":13},{"not_picked":["Pommel Strike","Fire Breathing","Shockwave"],"picked":"SKIP","floor":14},{"not_picked":["Reaper","Feed"],"picked":"Limit Break","floor":16},{"not_picked":["Iron Wave+1","Perfected Strike"],"picked":"Heavy Blade+1","floor":18},{"not_picked":["Anger+1","Clash+1"],"picked":"Pommel Strike+1","floor":19},{"not_picked":["Offering","Clash"],"picked":"Warcry+1","floor":21},{"not_picked":["Iron Wave+1","Pummel"],"picked":"Pommel Strike+1","floor":22},{"not_picked":["Body Slam+1","Clash"],"picked":"Havoc","floor":24},{"not_picked":["Wild Strike","Corruption","Carnage"],"picked":"SKIP","floor":27},{"not_picked":["Sword Boomerang+1","Sever Soul"],"picked":"Disarm","floor":29},{"not_picked":["Clothesline","Body Slam"],"picked":"Battle Trance","floor":30},{"not_picked":["Reaper","Juggernaut"],"picked":"Impervious","floor":33},{"not_picked":["Feel No Pain","Thunderclap+1"],"picked":"Havoc","floor":35},{"not_picked":["Spot Weakness","Whirlwind"],"picked":"Warcry+1","floor":36},{"not_picked":["Thunderclap","Iron Wave+1"],"picked":"Rage+1","floor":37},{"not_picked":["Body Slam+1","Second Wind+1"],"picked":"Intimidate+1","floor":39},{"not_picked":["Body Slam+1","Hemokinesis+1","Rupture+1"],"picked":"SKIP","floor":40},{"not_picked":["Whirlwind+1","Clash+1"],"picked":"Ghostly Armor","floor":44},{"not_picked":["Body Slam+1","Warcry"],"picked":"Demon Form","floor":45},{"not_picked":["Dropkick","Fire Breathing+1"],"picked":"Body Slam+1","floor":47},{"not_picked":["Pommel Strike+1","Sword Boomerang","Body Slam"],"picked":"SKIP","floor":48},{"not_picked":["Heavy Blade","True Grit"],"picked":"Disarm+1","floor":54}],"player_experience":225851,"relics_obtained":[{"floor":9,"key":"Calipers"},{"floor":10,"key":"Smiling Mask"},{"floor":12,"key":"Dead Branch"},{"floor":24,"key":"Champion Belt"},{"floor":27,"key":"Ancient Tea Set"},{"floor":31,"key":"Happy Flower"},{"floor":36,"key":"Pocketwatch"},{"floor":40,"key":"Gremlin Horn"},{"floor":43,"key":"Pear"},{"floor":44,"key":"Whetstone"},{"floor":54,"key":"Pantograph"}],"event_choices":[{"damage_healed":26,"gold_gain":0,"player_choice":"Banana","damage_taken":0,"max_hp_gain":0,"max_hp_loss":0,"event_name":"Big Fish","floor":8,"gold_loss":0},{"damage_healed":0,"gold_gain":0,"player_choice":"Got Potions","damage_taken":0,"max_hp_gain":0,"max_hp_loss":0,"event_name":"Lab","floor":25,"gold_loss":0},{"damage_healed":0,"gold_gain":0,"player_choice":"Fight","damage_taken":0,"max_hp_gain":0,"max_hp_loss":0,"event_name":"Mysterious Sphere","floor":36,"gold_loss":0},{"cards_removed":["Strike_R"],"damage_healed":0,"gold_gain":0,"player_choice":"Purged","damage_taken":0,"max_hp_gain":0,"max_hp_loss":0,"event_name":"Purifier","floor":41,"gold_loss":0}],"is_beta":false,"boss_relics":[{"not_picked":["Eternal Feather","Busted Crown"],"picked":"Black Blood"},{"not_picked":["White Beast Statue","Calling Bell"],"picked":"Sozu"}],"items_purged_floors":[20,38,53],"is_endless":false,"potions_floor_spawned":[2,4,5,7,10,21,24,29,33,36,37,45,47,48,54],"ascension_level":4}