{"gold_per_floor":[359,324,74,89,100,127,127,127,153,172,172,203,203,1,1,1],"floor_reached":16,"playtime":964,"items_purged":[],"score":124,"play_id":"1b4706ff-6e4c-44fa-af11-ae7f55c68819","local_time":"20180706140847","is_ascension_mode":true,"campfire_choices":[{"data":"Berserk","floor":7.0,"key":"SMITH"},{"data":"Seeing Red","floor":11.0,"key":"SMITH"},{"data":"Bash","floor":15.0,"key":"SMITH"}],"neow_cost":"FIFTY_PERCENT_DAMAGE","seed_source_timestamp":0,"circlet_count":0,"master_deck":["Strike_R","Strike_R","Strike_R","Strike_R","Strike_R","Defend_R","Defend_R","Defend_R","Defend_R","Bash+1","Seeing Red+1","Flame Barrier+1","Berserk+1","Normality"],"special_seed":0,"relics":["Burning Blood","Meat on the Bone","Juzu Bracelet","Strawberry","Singing Bowl","Art of War","ClockworkSouvenir"],"potions_floor_usage":[16],"damage_taken":[{"damage":2.0,"enemies":"Jaw Worm","floor":1.0,"turns":4.0},{"damage":7.0,"enemies":"2 Louse","floor":4.0,"turns":3.0},{"damage":0.0,"enemies":"Cultist","floor":5.0,"turns":4.0},{"damage":34.0,"enemies":"Gremlin Nob","floor":6.0,"turns":5.0},{"damage":6.0,"enemies":"3 Louse","floor":10.0,"turns":4.0},{"damage":38.0,"enemies":"Lagavulin","floor":12.0,"turns":6.0},{"damage":42,"enemies":"The Guardian","floor":16,"turns":17}],"seed_played":"8702008961429760058","potions_obtained":[{"floor":4.0,"key":"GamblersBrew"},{"floor":5.0,"key":"Swift Potion"},{"floor":6.0,"key":"PowerPotion"},{"floor":10.0,"key":"Dexterity Potion"}],"is_trial":false,"path_per_floor":["M","?","$","M","M","E","R","?","T","M","R","E","?","$","R"],"character_chosen":"IRONCLAD","items_purchased":["Meat on the Bone","ClockworkSouvenir"],"campfire_rested":0,"item_purchase_floors":[3,14],"current_hp_per_floor":[44,64,64,63,69,53,53,53,60,60,60,42,42,42,42,0],"gold":1,"neow_bonus":"TWO_FIFTY_GOLD","is_prod":false,"is_daily":false,"chose_seed":false,"campfire_upgraded":3,"win_rate":0,"timestamp":1530878927,"path_taken":["M","?","$","M","M","E","R","?","T","M","R","E","?","$","R","BOSS"],"build_version":"2018-07-05","purchased_purges":0,"victory":false,"max_hp_per_floor":[80,80,80,80,80,80,80,80,87,87,87,89,89,89,89,89],"card_choices":[{"not_picked":["Anger","Armaments","True Grit"],"picked":"SKIP","floor":1.0},{"not_picked":["Whirlwind","Rage"],"picked":"Seeing Red","floor":4.0},{"not_picked":["True Grit","Sword Boomerang"],"picked":"Flame Barrier","floor":5.0},{"not_picked":["Feel No Pain","Perfected Strike"],"picked":"Berserk","floor":6.0},{"not_picked":["Warcry","Flame Barrier","Perfected Strike"],"picked":"SKIP","floor":10.0},{"not_picked":["Seeing Red","Power Through","Reckless Charge"],"picked":"Singing Bowl","floor":12.0}],"player_experience":281964,"relics_obtained":[{"floor":6.0,"key":"Juzu Bracelet"},{"floor":9.0,"key":"Strawberry"},{"floor":12.0,"key":"Singing Bowl"}],"event_choices":[{"event_name":"The Cleric","player_choice":"Healed","floor":2.0,"damage_taken":0.0},{"event_name":"Living Wall","player_choice":"Grow","floor":8.0,"damage_taken":0.0},{"event_name":"Accursed Blacksmith","player_choice":"Rummage","floor":13.0,"damage_taken":0.0}],"boss_relics":[],"items_purged_floors":[],"is_endless":false,"potions_floor_spawned":[4,5,6,10],"killed_by":"The Guardian","ascension_level":3}