{"gold_per_floor":[118,118,65,88,103,103,123,123,123,49,49,49,61,73,73,172,172,182,57,57,81,93,123,135,167,179,191,217,241,253,265,277,289],"floor_reached":33,"playtime":1071,"items_purged":["Strike_B"],"score":237,"play_id":"6314509f-7318-4b03-afbf-4f81d99ac36b","local_time":"20190202001515","is_ascension_mode":false,"campfire_choices":[{"data":"Zap","floor":6.0,"key":"SMITH"},{"data":"Coolheaded","floor":8.0,"key":"SMITH"},{"data":"Capacitor","floor":11.0,"key":"SMITH"},{"data":"Tempest","floor":15,"key":"SMITH"},{"data":"Fission","floor":24,"key":"SMITH"},{"data":"Loop","floor":27,"key":"SMITH"},{"data":"Hologram","floor":30,"key":"SMITH"},{"data":"Dualcast","floor":32,"key":"SMITH"}],"neow_cost":"PERCENT_DAMAGE","seed_source_timestamp":0,"circlet_count":0,"master_deck":["Strike_B","Strike_B","Defend_B","Defend_B","Defend_B","Defend_B","Zap+1","Dualcast+1","Coolheaded+1","Conserve Battery","Coolheaded","Conserve Battery","Capacitor+1","Tempest+1","Ball Lightning","Fission+1","Rebound","Cold Snap","Loop+1","Glacier+1","Turbo","Sunder+1","Hologram+1","Fission+1"],"special_seed":0,"relics":["Cracked Core","FossilizedHelix","Vajra","Sundial","Runic Dome","MawBank","Mango"],"potions_floor_usage":[16,23],"damage_taken":[{"damage":0.0,"enemies":"Small Slimes","floor":1.0,"turns":3.0},{"damage":0.0,"enemies":"Cultist","floor":5.0,"turns":3.0},{"damage":0.0,"enemies":"2 Louse","floor":7.0,"turns":2.0},{"damage":4.0,"enemies":"Lots of Slimes","floor":13.0,"turns":5.0},{"damage":0,"enemies":"3 Louse","floor":14,"turns":3},{"damage":25,"enemies":"Hexaghost","floor":16,"turns":10},{"damage":2,"enemies":"2 Thieves","floor":18,"turns":4},{"damage":0,"enemies":"Shell Parasite","floor":21,"turns":5},{"damage":8,"enemies":"Centurion and Healer","floor":23,"turns":9},{"damage":0,"enemies":"Snake Plant","floor":25,"turns":4},{"damage":9,"enemies":"3 Cultists","floor":28,"turns":6},{"damage":12,"enemies":"Centurion and Healer","floor":29,"turns":7},{"damage":63,"enemies":"Champ","floor":33,"turns":14}],"seed_played":"-4271819315021452864","potions_obtained":[{"floor":1.0,"key":"Swift Potion"},{"floor":14,"key":"AttackPotion"},{"floor":18,"key":"Fire Potion"},{"floor":21,"key":"AttackPotion"},{"floor":28,"key":"SmokeBomb"}],"is_trial":false,"path_per_floor":["M","?","$","T","M","R","M","R","T","$","R","?","M","M","R","B",null,"M","$","?","M","$","M","R","M","T","R","M","M","R","?","R","B"],"character_chosen":"DEFECT","items_purchased":["Conserve Battery","Capacitor","Cold Snap"],"campfire_rested":0,"item_purchase_floors":[3,10,19],"current_hp_per_floor":[54,54,54,54,54,54,54,54,54,54,54,47,43,43,43,18,75,73,73,73,73,73,65,65,65,79,79,70,58,58,58,58,0],"gold":289,"neow_bonus":"ONE_RARE_RELIC","is_prod":false,"is_daily":false,"chose_seed":false,"campfire_upgraded":8,"win_rate":0,"timestamp":1549088115,"path_taken":["M","?","$","?","M","R","M","R","T","$","R","?","M","?","R","BOSS","M","$","?","M","?","M","R","?","T","R","M","?","R","?","R","BOSS"],"build_version":"2019-01-23","purchased_purges":1,"victory":false,"max_hp_per_floor":[75,75,75,75,75,75,75,75,75,75,75,75,75,75,75,75,75,75,75,75,75,75,75,75,75,89,89,89,89,89,89,89,89],"card_choices":[{"not_picked":["Aggregate","Turbo"],"picked":"Coolheaded","floor":1.0},{"not_picked":["Force Field","Loop"],"picked":"Coolheaded","floor":5.0},{"not_picked":["Undo","Chaos"],"picked":"Conserve Battery","floor":7.0},{"not_picked":["Streamline","Capacitor"],"picked":"Tempest","floor":13.0},{"not_picked":["Compile Driver","Blizzard"],"picked":"Ball Lightning","floor":14},{"not_picked":["Hyperbeam","Seek"],"picked":"Fission","floor":16},{"not_picked":["Stack","Loop"],"picked":"Rebound","floor":18},{"not_picked":["Gash","Beam Cell"],"picked":"Loop","floor":21},{"not_picked":["Streamline","Leap"],"picked":"Glacier+1","floor":23},{"not_picked":["Auto Shields","Genetic Algorithm"],"picked":"Turbo","floor":25},{"not_picked":["Steam","Stack"],"picked":"Sunder+1","floor":28},{"not_picked":["Redo","Rebound","Hologram"],"picked":"SKIP","floor":29},{"not_picked":["Redo","Rebound"],"picked":"Hologram","floor":29}],"player_experience":705809,"relics_obtained":[{"floor":4.0,"key":"Vajra"},{"floor":9.0,"key":"Sundial"},{"floor":26,"key":"Mango"}],"event_choices":[{"cards_removed":["Strike_B"],"damage_healed":0.0,"max_hp_gain":0.0,"max_hp_loss":0.0,"gold_gain":0.0,"event_name":"Bonfire Elementals","player_choice":"Offered Basic","floor":2.0,"gold_loss":0.0,"damage_taken":0.0},{"damage_healed":0.0,"max_hp_gain":0.0,"max_hp_loss":0.0,"gold_gain":0.0,"event_name":"Wheel of Change","player_choice":"Damaged","floor":12.0,"gold_loss":0.0,"damage_taken":7.0},{"damage_healed":0,"gold_gain":0,"player_choice":"Gave Potion","damage_taken":0,"relics_obtained":["MawBank"],"max_hp_gain":0,"max_hp_loss":0,"event_name":"WeMeetAgain","floor":20,"gold_loss":0},{"damage_healed":0,"gold_gain":0,"player_choice":"Copied","damage_taken":0,"max_hp_gain":0,"max_hp_loss":0,"event_name":"Duplicator","floor":31,"gold_loss":0,"cards_obtained":["Fission"]}],"is_beta":false,"boss_relics":[{"not_picked":["Calling Bell","Snecko Eye"],"picked":"Runic Dome"}],"items_purged_floors":[19],"is_endless":false,"potions_floor_spawned":[1,14,18,21,28],"killed_by":"Champ","ascension_level":0}