{"path_per_floor":["M","$","M","M","M","E","?","R","T","?","R","M","M","M","R"],"character_chosen":"THE_SILENT","items_purchased":["Outmaneuver"],"gold_per_floor":[112,60,77,93,63,88,111,111,165,165,165,182,192,206,206,206],"floor_reached":16,"campfire_rested":2,"playtime":1335,"current_hp_per_floor":[70,70,69,68,68,28,10,31,31,31,52,52,49,48,48,0],"items_purged":[],"gold":206,"score":102,"play_id":"c4048b01-ef7a-40e1-bcf3-4459ccda1ec1","local_time":"20180504032518","is_prod":false,"is_daily":false,"chose_seed":false,"is_ascension_mode":false,"campfire_upgraded":1,"timestamp":1525397118,"path_taken":["M","?","M","M","?","E","?","R","T","?","R","?","M","M","R","BOSS"],"build_version":"2018-04-28v2","seed_source_timestamp":32230444553232,"purchased_purges":0,"victory":false,"master_deck":["Defend_G","Defend_G","Defend_G","Defend_G","Defend_G","Strike_G","Strike_G","Strike_G","Strike_G","Strike_G","Survivor","Neutralize","Endless Agony","Outmaneuver","Flying Knee","Calculated Gamble","Sucker Punch","Dagger Spray","Dodge and Roll","Eviscerate","Flechettes","Leg Sweep","Infinite Blades+1"],"max_hp_per_floor":[70,70,70,70,70,70,70,70,70,70,70,70,70,70,70,70],"relics":["Ring of the Snake","Omamori","Odd Mushroom","Dream Catcher"],"card_choices":[{"not_picked":["Blur","Quick Slash"],"picked":"Endless Agony","floor":1},{"not_picked":["Heel Hook","Outmaneuver"],"picked":"Flying Knee","floor":3},{"not_picked":["Slice","Flying Knee"],"picked":"Calculated Gamble","floor":4},{"not_picked":["Tools of the Trade","Outmaneuver"],"picked":"Sucker Punch","floor":5},{"not_picked":["Deadly Poison","Doppelganger"],"picked":"Dagger Spray","floor":6},{"not_picked":["Well Laid Plans","Deflect"],"picked":"Dodge and Roll","floor":7},{"not_picked":["Sucker Punch","Escape Plan"],"picked":"Eviscerate","floor":11},{"not_picked":["PiercingWail","Dodge and Roll"],"picked":"Flechettes","floor":12},{"not_picked":["Poisoned Stab","Dash"],"picked":"Leg Sweep","floor":13},{"not_picked":["Crippling Poison","Noxious Fumes"],"picked":"Infinite Blades","floor":14}],"player_experience":13218,"potions_floor_usage":[6,16,16],"damage_taken":[{"damage":0,"enemies":"Cultist","floor":1,"turns":5},{"damage":1,"enemies":"Jaw Worm","floor":3,"turns":5},{"damage":1,"enemies":"2 Louse","floor":4,"turns":3},{"damage":0,"enemies":"Looter","floor":5,"turns":4},{"damage":46,"enemies":"Gremlin Nob","floor":6,"turns":5},{"damage":18,"enemies":"The Mushroom Lair","floor":7,"turns":5},{"damage":0,"enemies":"2 Fungi Beasts","floor":12,"turns":3},{"damage":3,"enemies":"Exordium Thugs","floor":13,"turns":6},{"damage":1,"enemies":"Exordium Wildlife","floor":14,"turns":4},{"damage":50,"enemies":"The Guardian","floor":16,"turns":6}],"event_choices":[{"event_name":"Mushrooms","player_choice":"Fought Mushrooms","floor":7,"damage_taken":0},{"event_name":"Golden Wing","player_choice":"Ignored","floor":10,"damage_taken":0}],"boss_relics":[],"potions_floor_spawned":[1,3,4,13],"seed_played":"8679891356225249833","killed_by":"The Guardian","ascension_level":0,"is_trial":false}