{"gold_per_floor":[215,215,215,215,233,249,224,237,237,237],"floor_reached":10,"playtime":305,"items_purged":[],"score":58,"play_id":"86940526-7b88-437a-9b57-7fbed51019cc","local_time":"20190203171609","is_ascension_mode":false,"campfire_choices":[],"neow_cost":"NONE","seed_source_timestamp":279061012806531,"circlet_count":0,"master_deck":["Defend_G","Defend_G","Defend_G","Defend_G","Defend_G","Strike_G","Strike_G+1","Strike_G","Strike_G","Strike_G","Survivor","Neutralize","Backflip+1","Leg Sweep","Reflex","PiercingWail","Infinite Blades"],"relics":["Ring of the Snake","Nunchaku","Shovel"],"potions_floor_usage":[10],"damage_taken":[{"damage":20,"enemies":"Jaw Worm","floor":1,"turns":7},{"damage":0,"enemies":"Small Slimes","floor":5,"turns":3},{"damage":0,"enemies":"Cultist","floor":6,"turns":5},{"damage":0,"enemies":"2 Fungi Beasts","floor":8,"turns":4},{"damage":24,"enemies":"Gremlin Nob","floor":10,"turns":4}],"seed_played":"-693502563932201899","potions_obtained":[{"floor":5,"key":"EssenceOfSteel"}],"is_trial":false,"path_per_floor":["M","?","?","$","M","M","$","M","T","?"],"character_chosen":"THE_SILENT","items_purchased":["PiercingWail"],"campfire_rested":0,"item_purchase_floors":[7],"current_hp_per_floor":[50,25,11,11,11,11,11,11,11,0],"gold":237,"neow_bonus":"HUNDRED_GOLD","is_prod":false,"is_daily":false,"chose_seed":false,"campfire_upgraded":0,"win_rate":0.0,"timestamp":1549185369,"path_taken":["M","?","?","?","M","M","$","?","T","?"],"build_version":"2019-01-23","purchased_purges":0,"victory":false,"max_hp_per_floor":[70,70,70,70,70,70,70,70,70,70],"card_choices":[{"not_picked":["Blade Dance","Acrobatics"],"picked":"Backflip","floor":1},{"not_picked":["Outmaneuver","Dagger Throw"],"picked":"Leg Sweep","floor":5},{"not_picked":["Wraith Form v2","Riddle With Holes"],"picked":"Reflex","floor":6},{"not_picked":["Cloak And Dagger","Quick Slash"],"picked":"Infinite Blades","floor":8}],"player_experience":174060,"relics_obtained":[{"floor":9,"key":"Shovel"}],"event_choices":[{"damage_healed":0,"gold_gain":0,"player_choice":"Success","damage_taken":25,"relics_obtained":["Nunchaku"],"max_hp_gain":0,"max_hp_loss":0,"event_name":"Scrap Ooze","floor":2,"gold_loss":0},{"damage_healed":0,"gold_gain":0,"player_choice":"Entered Light","damage_taken":14,"max_hp_gain":0,"max_hp_loss":0,"event_name":"Shining Light","floor":3,"gold_loss":0,"cards_upgraded":["Backflip","Strike_G"]},{"damage_healed":0,"gold_gain":0,"player_choice":"Searched \u00271\u0027 times","damage_taken":0,"max_hp_gain":0,"max_hp_loss":0,"event_name":"Dead Adventurer","floor":10,"gold_loss":0}],"is_beta":false,"boss_relics":[],"items_purged_floors":[],"is_endless":false,"potions_floor_spawned":[5],"killed_by":"Gremlin Nob","ascension_level":0}