{"gold_per_floor":[114,114,129,129,144,144,159,159,159,189,189,204,219,219,219,319,319,334,334,349,349,19,34,49,49,49,49,49,79,79,79,79,79],"floor_reached":33,"playtime":1712,"items_purged":[],"score":415,"play_id":"b6ce67e1-3cdc-440f-8a37-30810b16524e","local_time":"20180710210418","daily_mods":["Diverse","Vintage","Hoarder"],"is_ascension_mode":false,"campfire_choices":[{"data":"Neutralize","floor":6,"key":"SMITH"},{"floor":8,"key":"REST"},{"data":"Headbutt","floor":11,"key":"SMITH"},{"floor":15,"key":"REST"},{"floor":25,"key":"REST"},{"data":"Headbutt","floor":27,"key":"SMITH"},{"data":"Thunderclap","floor":30,"key":"SMITH"},{"data":"Headbutt","floor":32,"key":"SMITH"}],"neow_cost":"","seed_source_timestamp":0,"circlet_count":0,"master_deck":["Defend_G","Defend_G","Defend_G","Defend_G","Defend_G","Strike_G","Strike_G","Strike_G","Strike_G","Strike_G","Survivor","Neutralize+1","Headbutt+1","Headbutt+1","Headbutt+1","Demon Form+1","Demon Form+1","Demon Form+1","Regret","Regret","Doubt","Doubt","Doubt","Writhe","Writhe","Writhe","RitualDagger","RitualDagger","RitualDagger","Blur+1","Blur+1","Blur+1","Deep Breath+1","Deep Breath+1","Deep Breath+1","Thunderclap+1","Thunderclap","Thunderclap"],"special_seed":17722,"relics":["Ring of the Snake","Darkstone Periapt","Happy Flower","Mercury Hourglass","Bottled Flame","Orichalcum","Letter Opener","Pen Nib","Frozen Egg 2","Pantograph","Bronze Scales","Du-Vu Doll","Calling Bell","Blood Vial","Smiling Mask","The Specimen","Vajra","Toxic Egg 2","Snake Skull","Peace Pipe","Centennial Puzzle","Tough Bandages","Kunai"],"potions_floor_usage":[],"damage_taken":[{"damage":13,"enemies":"Cultist","floor":1,"turns":8},{"damage":0,"enemies":"Small Slimes","floor":3,"turns":5},{"damage":4,"enemies":"Jaw Worm","floor":5,"turns":4},{"damage":2,"enemies":"Looter","floor":7,"turns":4},{"damage":20,"enemies":"3 Sentries","floor":10,"turns":9},{"damage":0,"enemies":"3 Louse","floor":12,"turns":2},{"damage":0,"enemies":"2 Fungi Beasts","floor":13,"turns":3},{"damage":46,"enemies":"The Guardian","floor":16,"turns":9},{"damage":0,"enemies":"Chosen","floor":18,"turns":2},{"damage":41,"enemies":"2 Thieves","floor":20,"turns":4},{"damage":14,"enemies":"Snake Plant","floor":23,"turns":3},{"damage":10,"enemies":"Centurion and Healer","floor":24,"turns":3},{"damage":26,"enemies":"Gremlin Leader","floor":29,"turns":5},{"damage":85,"enemies":"Champ","floor":33,"turns":6}],"seed_played":"-163716102511872118","potions_obtained":[{"floor":3,"key":"Energy Potion"},{"floor":7,"key":"Strength Potion"},{"floor":13,"key":"Poison Potion"}],"is_trial":false,"path_per_floor":["M","?","M","?","M","R","M","R","T","E","R","M","M","?","R","B",null,"M","?","M","?","$","M","M","R","T","R","?","E","R","?","R"],"character_chosen":"THE_SILENT","items_purchased":["Snake Skull","Blur+1","Deep Breath+1"],"campfire_rested":3,"item_purchase_floors":[22,22,22],"current_hp_per_floor":[57,57,57,50,46,46,44,65,65,45,45,45,45,45,66,24,88,88,88,47,41,41,29,21,47,47,47,47,23,23,52,52,0],"gold":79,"neow_bonus":"","is_prod":false,"is_daily":true,"chose_seed":false,"campfire_upgraded":5,"win_rate":0.0,"timestamp":1531249458,"path_taken":["M","?","M","?","M","R","M","R","T","E","R","M","M","?","R","BOSS","M","?","M","?","$","M","?","R","T","R","?","E","R","?","R","BOSS"],"build_version":"2018-07-05","purchased_purges":0,"victory":false,"max_hp_per_floor":[70,70,70,70,70,70,70,70,70,70,70,70,70,70,70,70,88,88,88,88,88,88,88,88,88,88,88,88,88,88,88,88,88],"card_choices":[{"not_picked":["Acrobatics","Reinforced Body"],"picked":"Headbutt","floor":10},{"not_picked":["Night Terror","Venomology"],"picked":"Demon Form+1","floor":16},{"not_picked":["Havoc+1","Beam Cell+1"],"picked":"Thunderclap","floor":29}],"player_experience":39514,"relics_obtained":[{"floor":1,"key":"Darkstone Periapt"},{"floor":3,"key":"Happy Flower"},{"floor":5,"key":"Bottled Flame"},{"floor":7,"key":"Orichalcum"},{"floor":9,"key":"Letter Opener"},{"floor":10,"key":"Pen Nib"},{"floor":12,"key":"Frozen Egg 2"},{"floor":13,"key":"Pantograph"},{"floor":16,"key":"Du-Vu Doll"},{"floor":17,"key":"Blood Vial"},{"floor":17,"key":"Smiling Mask"},{"floor":17,"key":"The Specimen"},{"floor":18,"key":"Vajra"},{"floor":20,"key":"Toxic Egg 2"},{"floor":23,"key":"Peace Pipe"},{"floor":24,"key":"Centennial Puzzle"},{"floor":26,"key":"Tough Bandages"},{"floor":29,"key":"Kunai"}],"event_choices":[{"event_name":"Golden Wing","player_choice":"Ignored","floor":2,"damage_taken":0},{"event_name":"Scrap Ooze","player_choice":"success","floor":4,"damage_taken":7},{"event_name":"Accursed Blacksmith","player_choice":"Rummage","floor":14,"damage_taken":0},{"event_name":"Ghosts","player_choice":"Ignored","floor":19,"damage_taken":0},{"event_name":"Nest","player_choice":"Joined the Cult","floor":21,"damage_taken":0},{"event_name":"Purifier","player_choice":"One Purge","floor":28,"damage_taken":0},{"event_name":"The Library","player_choice":"Heal","floor":31,"damage_taken":0}],"boss_relics":[{"not_picked":["Philosopher\u0027s Stone","Fusion Hammer"],"picked":"Calling Bell"}],"items_purged_floors":[],"is_endless":false,"potions_floor_spawned":[3,7,13,16,23,29],"killed_by":"Champ","ascension_level":0}