{"gold_per_floor":[210,210,230,230,230,250,261,261,261,261,343,88,88,102,102,102],"floor_reached":16,"playtime":662,"items_purged":["Strike_G"],"score":90,"play_id":"8145c143-0844-4c6c-8904-8682d088c0ca","local_time":"20190206101107","is_ascension_mode":false,"campfire_choices":[{"floor":8,"key":"REST"},{"data":"Terror","floor":10,"key":"SMITH"},{"data":"Panacea","floor":13,"key":"SMITH"},{"data":"Acrobatics","floor":15,"key":"SMITH"}],"neow_cost":"NONE","seed_source_timestamp":169660110301324,"circlet_count":0,"master_deck":["Defend_G","Defend_G","Defend_G","Defend_G","Defend_G","Strike_G","Strike_G","Strike_G","Strike_G","Survivor","Neutralize","Terror+1","Expertise","Acrobatics+1","Panacea+1","Backflip"],"relics":["Ring of the Snake","Pantograph","The Courier","PreservedInsect"],"potions_floor_usage":[7,16,16,16,16],"damage_taken":[{"damage":4,"enemies":"2 Louse","floor":1,"turns":2},{"damage":8,"enemies":"Jaw Worm","floor":3,"turns":7},{"damage":0,"enemies":"Small Slimes","floor":6,"turns":4},{"damage":34,"enemies":"Gremlin Gang","floor":7,"turns":8},{"damage":9,"enemies":"3 Louse","floor":14,"turns":6},{"damage":69,"enemies":"The Guardian","floor":16,"turns":10}],"seed_played":"-8302283234742142909","potions_obtained":[{"floor":6,"key":"EssenceOfSteel"},{"floor":14,"key":"EntropicBrew"}],"is_trial":false,"path_per_floor":["M","?","M","$","?","M","M","R","T","R","T","$","R","M","R","B"],"character_chosen":"THE_SILENT","items_purchased":["PreservedInsect","Panacea"],"campfire_rested":1,"item_purchase_floors":[12,12],"current_hp_per_floor":[66,71,63,63,63,63,29,51,51,51,51,51,51,42,42,0],"gold":102,"neow_bonus":"HUNDRED_GOLD","is_prod":false,"is_daily":false,"chose_seed":false,"campfire_upgraded":3,"win_rate":0.0,"timestamp":1549419067,"path_taken":["M","?","M","?","?","M","M","R","T","R","?","$","R","?","R","BOSS"],"build_version":"2019-01-23","purchased_purges":1,"victory":false,"max_hp_per_floor":[70,75,75,75,75,75,75,75,75,75,75,75,75,75,75,75],"card_choices":[{"not_picked":["Dagger Spray","Backstab","Dash"],"picked":"SKIP","floor":1},{"not_picked":["Backflip","Deflect"],"picked":"Terror","floor":3},{"not_picked":["Flying Knee","Cloak And Dagger"],"picked":"Expertise","floor":6},{"not_picked":["Prepared","Slice"],"picked":"Acrobatics","floor":7},{"not_picked":["Crippling Poison","Predator"],"picked":"Backflip","floor":14}],"player_experience":199314,"relics_obtained":[{"floor":9,"key":"Pantograph"},{"floor":11,"key":"The Courier"}],"event_choices":[{"damage_healed":0,"gold_gain":0,"player_choice":"Donut","damage_taken":0,"max_hp_gain":5,"max_hp_loss":0,"event_name":"Big Fish","floor":2,"gold_loss":0},{"damage_healed":0,"gold_gain":0,"player_choice":"Ignored","damage_taken":0,"max_hp_gain":0,"max_hp_loss":0,"event_name":"Shining Light","floor":5,"gold_loss":0}],"is_beta":false,"boss_relics":[],"items_purged_floors":[12],"is_endless":false,"potions_floor_spawned":[6,14],"killed_by":"The Guardian","ascension_level":0}