{"gold_per_floor":[117,132,152,170,182,217,66,66,66,77,77,104,124,137,137,239,289,301,285,117,132,145,145,145],"floor_reached":24,"playtime":1811,"items_purged":["Strike_R","Strike_R"],"score":214,"play_id":"42db5b13-de70-488b-9cb1-1a163c33cd31","local_time":"20190130030825","is_ascension_mode":true,"campfire_choices":[{"data":"Armaments","floor":8,"key":"SMITH"},{"data":"Rampage","floor":11,"key":"SMITH"},{"data":"Heavy Blade","floor":15,"key":"SMITH"},{"floor":23,"key":"REST"}],"neow_cost":"NONE","seed_source_timestamp":1283540115485900,"circlet_count":0,"master_deck":["Strike_R+1","Strike_R","Strike_R","Defend_R","Defend_R","Defend_R","Defend_R","Bash","Clash","Heavy Blade+1","Rampage+1","Armaments+1","Whirlwind+1","Anger","Flame Barrier","Exhume","Second Wind","Shrug It Off+1","Ghostly Armor","Flex"],"relics":["Burning Blood","Potion Belt","Ornamental Fan","Odd Mushroom","Tiny House"],"potions_floor_usage":[5,6,16,21,22,22],"damage_taken":[{"damage":1,"enemies":"Cultist","floor":1,"turns":4},{"damage":0,"enemies":"2 Louse","floor":2,"turns":2},{"damage":2,"enemies":"Small Slimes","floor":3,"turns":2},{"damage":7,"enemies":"Blue Slaver","floor":4,"turns":2},{"damage":6,"enemies":"Large Slime","floor":5,"turns":5},{"damage":35,"enemies":"3 Sentries","floor":6,"turns":8},{"damage":3,"enemies":"3 Louse","floor":10,"turns":3},{"damage":21,"enemies":"The Mushroom Lair","floor":12,"turns":4},{"damage":3,"enemies":"2 Fungi Beasts","floor":13,"turns":2},{"damage":0,"enemies":"Red Slaver","floor":14,"turns":3},{"damage":28,"enemies":"Slime Boss","floor":16,"turns":10},{"damage":0,"enemies":"3 Byrds","floor":18,"turns":3},{"damage":30,"enemies":"2 Thieves","floor":19,"turns":4},{"damage":22,"enemies":"Cultist and Chosen","floor":21,"turns":10},{"damage":41,"enemies":"Centurion and Healer","floor":22,"turns":8},{"damage":56,"enemies":"3 Cultists","floor":24,"turns":6}],"seed_played":"-5651535699063173930","potions_obtained":[{"floor":2,"key":"Poison Potion"},{"floor":4,"key":"SkillPotion"},{"floor":10,"key":"SteroidPotion"},{"floor":12,"key":"SpeedPotion"},{"floor":13,"key":"SpeedPotion"},{"floor":16,"key":"Poison Potion"},{"floor":17,"key":"Dexterity Potion"},{"floor":21,"key":"Regen Potion"}],"is_trial":false,"path_per_floor":["M","M","M","M","M","E","$","R","T","M","R","?","M","M","R","B",null,"M","M","$","M","M","R","M"],"character_chosen":"IRONCLAD","items_purchased":["Whirlwind","Ghostly Armor"],"campfire_rested":1,"item_purchase_floors":[7,20],"current_hp_per_floor":[80,80,80,79,79,50,50,50,50,53,53,38,41,47,47,25,85,85,61,61,45,25,50,0],"gold":145,"neow_bonus":"UPGRADE_CARD","is_prod":false,"is_daily":false,"chose_seed":false,"campfire_upgraded":3,"win_rate":0,"timestamp":1548835705,"path_taken":["M","M","M","?","M","E","$","R","T","M","R","?","M","M","R","BOSS","M","M","$","M","M","R","M"],"build_version":"2019-01-23","purchased_purges":2,"victory":false,"max_hp_per_floor":[80,80,80,80,80,80,80,80,80,80,80,80,80,80,80,80,85,85,85,85,85,85,85,85],"card_choices":[{"not_picked":["Body Slam","Blood for Blood"],"picked":"Clash","floor":1},{"not_picked":["Wild Strike","Twin Strike"],"picked":"Heavy Blade","floor":2},{"not_picked":["Intimidate","Armaments"],"picked":"Rampage","floor":3},{"not_picked":["Rupture","Perfected Strike","Heavy Blade"],"picked":"SKIP","floor":4},{"not_picked":["Heavy Blade","Rampage","Clothesline"],"picked":"SKIP","floor":5},{"not_picked":["Berserk","Twin Strike"],"picked":"Armaments","floor":6},{"not_picked":["Armaments","Warcry"],"picked":"Anger","floor":10},{"not_picked":["Uppercut","Burning Pact"],"picked":"Flame Barrier","floor":12},{"not_picked":["Hemokinesis","Clothesline","Sword Boomerang"],"picked":"SKIP","floor":13},{"not_picked":["Perfected Strike","Clash","Rampage"],"picked":"SKIP","floor":14},{"not_picked":["Dark Embrace","Juggernaut"],"picked":"Exhume","floor":16},{"not_picked":["Sentinel","Pommel Strike"],"picked":"Second Wind","floor":18},{"not_picked":["Clothesline+1","Whirlwind"],"picked":"Shrug It Off+1","floor":19},{"not_picked":["Feel No Pain","Thunderclap+1"],"picked":"Flex","floor":21},{"not_picked":["Rampage","Sword Boomerang+1","Wild Strike"],"picked":"SKIP","floor":22}],"player_experience":107482,"relics_obtained":[{"floor":6,"key":"Potion Belt"},{"floor":9,"key":"Ornamental Fan"},{"floor":12,"key":"Odd Mushroom"}],"event_choices":[{"damage_healed":0,"gold_gain":0,"player_choice":"Fought Mushrooms","damage_taken":0,"max_hp_gain":0,"max_hp_loss":0,"event_name":"Mushrooms","floor":12,"gold_loss":0}],"is_beta":false,"boss_relics":[{"not_picked":["Calling Bell","Pandora\u0027s Box"],"picked":"Tiny House"}],"items_purged_floors":[7,20],"is_endless":false,"potions_floor_spawned":[2,4,10,12,13,16,21],"killed_by":"3 Cultists","ascension_level":1}