{"gold_per_floor":[116,66,66,85,37,62,62,80,105,136,163,181,181,60,60,155,155,168,83,96,96,96,129,129,141,195,58,70,70,81,110,110,213,213,231,231,53,153,170,496,496,527,527,543,543,557,45,58,58,58,58,58,8,34,34],"floor_reached":56,"playtime":4972,"items_purged":["Strike_R","Defend_R","Defend_R","Strike_R"],"score":1539,"play_id":"a8e6b3a7-e68d-4d23-945e-5fbd788256da","local_time":"20190206031123","is_ascension_mode":true,"campfire_choices":[{"data":"Barricade","floor":7,"key":"SMITH"},{"data":"Pommel Strike","floor":15,"key":"SMITH"},{"floor":24,"key":"RECALL"},{"floor":32,"key":"REST"},{"floor":49,"key":"DIG"},{"floor":52,"key":"DIG"}],"neow_cost":"NONE","seed_source_timestamp":0,"circlet_count":0,"master_deck":["Strike_R","Defend_R+1","Defend_R","Bash+1","Barricade+1","Uppercut","Pommel Strike+1","Shrug It Off","Power Through","Cleave","Ghostly Armor","Shrug It Off","Impervious","Iron Wave","Warcry+1","Inflame","Metallicize","Limit Break","Body Slam","Body Slam","Offering","Battle Trance","Armaments","Havoc+1","Entrench+1","Metallicize+1","Entrench+1","Headbutt+1"],"special_seed":0,"relics":["Burning Blood","Anchor","Oddly Smooth Stone","Orichalcum","Odd Mushroom","Torii","Fusion Hammer","Question Card","Enchiridion","Pen Nib","Vajra","MutagenicStrength","Juzu Bracelet","Coffee Dripper","Shovel","Old Coin","Shuriken","Thread and Needle","Pantograph","Blue Candle","Centennial Puzzle"],"potions_floor_usage":[16,16,16,23,33,33,42,55,55],"damage_taken":[{"damage":11.0,"enemies":"Cultist","floor":1.0,"turns":4.0},{"damage":3.0,"enemies":"2 Louse","floor":4.0,"turns":3.0},{"damage":28,"enemies":"Gremlin Nob","floor":6,"turns":5},{"damage":0,"enemies":"Jaw Worm","floor":8,"turns":4},{"damage":5,"enemies":"Lagavulin","floor":10,"turns":9},{"damage":21,"enemies":"The Mushroom Lair","floor":11,"turns":6},{"damage":0,"enemies":"2 Fungi Beasts","floor":12,"turns":4},{"damage":28,"enemies":"Slime Boss","floor":16,"turns":17},{"damage":7,"enemies":"Spheric Guardian","floor":18,"turns":7},{"damage":0,"enemies":"2 Thieves","floor":20,"turns":5},{"damage":29,"enemies":"Gremlin Leader","floor":23,"turns":8},{"damage":0,"enemies":"Snecko","floor":25,"turns":5},{"damage":13,"enemies":"3 Cultists","floor":28,"turns":6},{"damage":2,"enemies":"Shelled Parasite and Fungi","floor":30,"turns":5},{"damage":27,"enemies":"Slavers","floor":31,"turns":9},{"damage":22,"enemies":"Collector","floor":33,"turns":6},{"damage":11,"enemies":"3 Darklings","floor":35,"turns":4},{"damage":0,"enemies":"Mind Bloom Boss Battle","floor":38,"turns":3},{"damage":0,"enemies":"3 Shapes","floor":39,"turns":2},{"damage":6,"enemies":"Giant Head","floor":40,"turns":5},{"damage":61,"enemies":"Reptomancer","floor":42,"turns":6},{"damage":15,"enemies":"Spire Growth","floor":44,"turns":6},{"damage":6,"enemies":"3 Darklings","floor":46,"turns":5},{"damage":0,"enemies":"Maw","floor":48,"turns":8},{"damage":21,"enemies":"Donu and Deca","floor":50,"turns":9},{"damage":6,"enemies":"Shield and Spear","floor":54,"turns":6},{"damage":6,"enemies":"The Heart","floor":55,"turns":8}],"seed_played":"-8451609218179383726","potions_obtained":[{"floor":8,"key":"Block Potion"},{"floor":10,"key":"LiquidBronze"},{"floor":12,"key":"PowerPotion"},{"floor":18,"key":"Poison Potion"},{"floor":20,"key":"Ancient Potion"},{"floor":25,"key":"FearPotion"},{"floor":31,"key":"AttackPotion"},{"floor":35,"key":"Ancient Potion"},{"floor":39,"key":"Block Potion"},{"floor":42,"key":"Poison Potion"},{"floor":46,"key":"Strength Potion"},{"floor":48,"key":"Regen Potion"}],"is_trial":false,"path_per_floor":["M","?","?","M","$","E","R","M","T","E","?","M","?","$","R","B",null,"M","?","M","$","?","E","R","M","T","$","M","?","M","E","R","B",null,"M","?","$","?","M","E","?","E","T","M","?","M","$","M","R","B",null,"R","$","E","B",null],"character_chosen":"IRONCLAD","items_purchased":["Shrug It Off","Shrug It Off","Metallicize","Armaments","Thread and Needle","EssenceOfSteel","Dexterity Potion"],"campfire_rested":1,"item_purchase_floors":[5,14,27,37,47,47,53],"current_hp_per_floor":[75,75,59,62,62,40,40,46,46,47,32,38,31,31,31,9,80,79,79,80,80,64,41,41,47,47,47,40,40,44,23,47,31,80,75,75,75,80,80,80,80,25,25,16,16,16,16,22,22,32,80,80,80,80,80],"gold":34,"neow_bonus":"ONE_RANDOM_RARE_CARD","is_prod":false,"is_daily":false,"chose_seed":false,"campfire_upgraded":2,"win_rate":0,"timestamp":1549419083,"path_taken":["M","?","?","M","?","E","R","M","T","E","?","?","?","$","R","BOSS","M","?","M","$","?","E","R","M","T","$","M","?","M","E","R","BOSS","M","?","$","?","M","E","?","E","T","M","?","M","$","M","R","BOSS","R","$","E","BOSS"],"build_version":"2019-01-23","purchased_purges":4,"victory":true,"max_hp_per_floor":[80,80,80,80,80,80,80,80,80,80,80,80,80,80,80,80,80,80,80,80,80,80,80,80,80,80,80,80,80,80,80,80,80,80,80,80,80,80,80,80,80,80,80,80,80,80,80,80,80,80,80,80,80,80,80],"card_choices":[{"not_picked":["Sword Boomerang","Evolve"],"picked":"Uppercut","floor":1.0},{"not_picked":["Sword Boomerang","Anger"],"picked":"Pommel Strike","floor":4.0},{"not_picked":["Perfected Strike","Flex"],"picked":"Power Through","floor":6},{"not_picked":["Intimidate","Havoc","Infernal Blade"],"picked":"SKIP","floor":8},{"not_picked":["Perfected Strike","Blood for Blood","Anger"],"picked":"SKIP","floor":10},{"not_picked":["Heavy Blade","Bloodletting"],"picked":"Cleave","floor":11},{"not_picked":["Double Tap","Fire Breathing"],"picked":"Ghostly Armor","floor":12},{"not_picked":["Berserk","Exhume"],"picked":"Impervious","floor":16},{"not_picked":["Flex","Dual Wield"],"picked":"Iron Wave","floor":18},{"not_picked":["Flex+1","Havoc+1","Twin Strike+1"],"picked":"Warcry+1","floor":20},{"not_picked":["Sever Soul+1","Blood for Blood+1","Cleave","Second Wind"],"picked":"SKIP","floor":23},{"not_picked":["Warcry","Flex","Uppercut+1"],"picked":"Inflame","floor":25},{"not_picked":["Power Through","Carnage","Warcry+1"],"picked":"Limit Break","floor":28},{"not_picked":["Iron Wave+1","True Grit","Wild Strike"],"picked":"Body Slam","floor":30},{"not_picked":["Fire Breathing","Thunderclap","Heavy Blade"],"picked":"Body Slam","floor":31},{"not_picked":["Feed","Reaper","Fiend Fire"],"picked":"Offering","floor":33},{"not_picked":["Rampage","Corruption+1","Reckless Charge+1"],"picked":"Battle Trance","floor":35},{"not_picked":["Infernal Blade+1","Sword Boomerang","Flex+1"],"picked":"Havoc+1","floor":38},{"not_picked":["Warcry","Disarm+1","Heavy Blade+1"],"picked":"Entrench+1","floor":39},{"not_picked":["Spot Weakness+1","Twin Strike","Bludgeon"],"picked":"Metallicize+1","floor":40},{"not_picked":["Sever Soul+1","Perfected Strike","Iron Wave","Cleave+1"],"picked":"SKIP","floor":42},{"not_picked":["Wild Strike+1","Fire Breathing","Heavy Blade+1","Perfected Strike"],"picked":"SKIP","floor":44},{"not_picked":["Pummel","Thunderclap","Carnage"],"picked":"Entrench+1","floor":46},{"not_picked":["Warcry","Iron Wave","Spot Weakness","Pummel"],"picked":"SKIP","floor":48},{"not_picked":["Combust","Rupture+1","Pommel Strike+1"],"picked":"Headbutt+1","floor":54}],"player_experience":88583,"relics_obtained":[{"floor":6,"key":"Anchor"},{"floor":9,"key":"Oddly Smooth Stone"},{"floor":10,"key":"Orichalcum"},{"floor":11,"key":"Odd Mushroom"},{"floor":22,"key":"Enchiridion"},{"floor":23,"key":"Pen Nib"},{"floor":26,"key":"Vajra"},{"floor":31,"key":"Juzu Bracelet"},{"floor":38,"key":"Shovel"},{"floor":40,"key":"Old Coin"},{"floor":42,"key":"Shuriken"},{"floor":49,"key":"Pantograph"},{"floor":52,"key":"Blue Candle"},{"floor":54,"key":"Centennial Puzzle"}],"event_choices":[{"cards_removed":["Strike_R"],"damage_healed":0.0,"max_hp_gain":0.0,"max_hp_loss":0.0,"gold_gain":0.0,"event_name":"The Cleric","player_choice":"Card Removal","floor":2.0,"gold_loss":50.0,"damage_taken":0.0},{"damage_healed":0.0,"max_hp_gain":0.0,"max_hp_loss":0.0,"gold_gain":0.0,"event_name":"Shining Light","player_choice":"Entered Light","floor":3.0,"gold_loss":0.0,"damage_taken":16.0,"cards_upgraded":["Defend_R","Bash"]},{"damage_healed":0,"gold_gain":0,"player_choice":"Fought Mushrooms","damage_taken":0,"max_hp_gain":0,"max_hp_loss":0,"event_name":"Mushrooms","floor":11,"gold_loss":0},{"damage_healed":0,"gold_gain":0,"player_choice":"Success","damage_taken":7,"relics_obtained":["Torii"],"max_hp_gain":0,"max_hp_loss":0,"event_name":"Scrap Ooze","floor":13,"gold_loss":0},{"damage_healed":0,"gold_gain":0,"player_choice":"Obtained Relic","damage_taken":0,"relics_obtained":["Question Card"],"max_hp_gain":0,"max_hp_loss":0,"event_name":"Addict","floor":19,"gold_loss":85},{"damage_healed":0,"gold_gain":0,"player_choice":"Obtained Book","damage_taken":16,"max_hp_gain":0,"max_hp_loss":0,"event_name":"Cursed Tome","floor":22,"gold_loss":0},{"damage_healed":0,"gold_gain":0,"player_choice":"Inject Mutagens","damage_taken":0,"relics_obtained":["MutagenicStrength"],"max_hp_gain":0,"max_hp_loss":0,"event_name":"Drug Dealer","floor":29,"gold_loss":0},{"cards_removed":["Strike_R"],"damage_healed":0,"gold_gain":0,"player_choice":"Removed Attack","damage_taken":0,"max_hp_gain":0,"max_hp_loss":0,"event_name":"Falling","floor":36,"gold_loss":0},{"damage_healed":0,"gold_gain":0,"player_choice":"Fight","damage_taken":0,"max_hp_gain":0,"max_hp_loss":0,"event_name":"MindBloom","floor":38,"gold_loss":0},{"damage_healed":0,"gold_gain":0,"player_choice":"Memory 1","damage_taken":0,"max_hp_gain":0,"max_hp_loss":0,"event_name":"SensoryStone","floor":41,"gold_loss":0},{"damage_healed":0,"gold_gain":0,"player_choice":"Leave","damage_taken":0,"max_hp_gain":0,"max_hp_loss":0,"event_name":"FaceTrader","floor":45,"gold_loss":0}],"is_beta":false,"boss_relics":[{"not_picked":["Runic Cube","Eternal Feather"],"picked":"Fusion Hammer"},{"not_picked":["Orrery","White Beast Statue"],"picked":"Coffee Dripper"}],"items_purged_floors":[14,27,37,47],"is_endless":false,"potions_floor_spawned":[8,10,12,18,20,25,31,35,39,42,46,48],"ascension_level":4}