{"gold_per_floor":[117,117,128,141,153,171,171,182,264,275,286,286,319,330,330,430,430,449,465,482,498,512,512,102,102],"floor_reached":25,"playtime":3569,"items_purged":["Normality"],"score":213,"play_id":"5e3df892-1458-4a17-9967-c0eb221a29ee","local_time":"20190205221654","is_ascension_mode":false,"campfire_choices":[{"data":"Dash","floor":7.0,"key":"SMITH"},{"data":"Footwork","floor":15,"key":"SMITH"},{"data":"A Thousand Cuts","floor":23,"key":"SMITH"}],"neow_cost":"NONE","seed_source_timestamp":0,"circlet_count":0,"master_deck":["Defend_G","Defend_G","Defend_G","Defend_G","Defend_G","Strike_G","Strike_G","Strike_G","Strike_G","Strike_G","Survivor","Dash+1","A Thousand Cuts+1","Neutralize","Dagger Throw","Footwork+1","Bouncing Flask","Dodge and Roll","Poisoned Stab","Glass Knife","Malaise","Acrobatics","Skewer","Apotheosis"],"special_seed":0,"relics":["Ring of the Serpent","Pantograph","Boot","Bronze Scales"],"potions_floor_usage":[13,16,16,18,21,21,22],"damage_taken":[{"damage":0.0,"enemies":"Cultist","floor":1.0,"turns":4.0},{"damage":0.0,"enemies":"Jaw Worm","floor":3.0,"turns":4.0},{"damage":0.0,"enemies":"2 Louse","floor":4.0,"turns":2.0},{"damage":4.0,"enemies":"2 Fungi Beasts","floor":5.0,"turns":4.0},{"damage":0.0,"enemies":"Looter","floor":6.0,"turns":3.0},{"damage":0,"enemies":"Red Slaver","floor":8,"turns":5},{"damage":0,"enemies":"Large Slime","floor":10,"turns":7},{"damage":0,"enemies":"Exordium Wildlife","floor":11,"turns":4},{"damage":7,"enemies":"Lagavulin","floor":13,"turns":8},{"damage":5,"enemies":"Blue Slaver","floor":14,"turns":5},{"damage":11,"enemies":"Slime Boss","floor":16,"turns":11},{"damage":0,"enemies":"Shell Parasite","floor":18,"turns":10},{"damage":12,"enemies":"Spheric Guardian","floor":19,"turns":6},{"damage":14,"enemies":"Snake Plant","floor":20,"turns":7},{"damage":22,"enemies":"Cultist and Chosen","floor":21,"turns":10},{"damage":4,"enemies":"Snecko","floor":22,"turns":6},{"damage":34,"enemies":"Sentry and Sphere","floor":25,"turns":5}],"seed_played":"-6412661106046421722","potions_obtained":[{"floor":1.0,"key":"PowerPotion"},{"floor":3.0,"key":"Explosive Potion"},{"floor":6.0,"key":"Dexterity Potion"},{"floor":16,"key":"SpeedPotion"},{"floor":20,"key":"EntropicBrew"},{"floor":22,"key":"FearPotion"}],"is_trial":false,"path_per_floor":["M","?","M","M","M","M","R","M","T","M","M","?","E","M","R","B",null,"M","M","M","M","M","R","$","M"],"character_chosen":"THE_SILENT","items_purchased":["Bronze Scales","Apotheosis"],"campfire_rested":0,"item_purchase_floors":[24,24],"current_hp_per_floor":[77,77,77,77,73,73,73,73,73,73,73,73,66,61,61,66,77,77,65,51,29,25,25,25,0],"gold":102,"neow_bonus":"TEN_PERCENT_HP_BONUS","is_prod":false,"is_daily":false,"chose_seed":false,"campfire_upgraded":3,"win_rate":0.0,"timestamp":1549365414,"path_taken":["M","?","M","?","M","M","R","M","T","M","?","?","E","M","R","BOSS","M","M","?","M","M","R","$","M"],"build_version":"2019-01-23","purchased_purges":1,"victory":false,"max_hp_per_floor":[77,77,77,77,77,77,77,77,77,77,77,77,77,77,77,77,77,77,77,77,77,77,77,77,77],"card_choices":[{"not_picked":["Escape Plan","Flechettes"],"picked":"Dash","floor":1.0},{"not_picked":["Slice","PiercingWail"],"picked":"Dagger Throw","floor":3.0},{"not_picked":["Dodge and Roll","Endless Agony"],"picked":"Footwork","floor":4.0},{"not_picked":["Dash","Underhanded Strike","Distraction"],"picked":"SKIP","floor":5.0},{"not_picked":["Deadly Poison","Flechettes"],"picked":"Bouncing Flask","floor":6.0},{"not_picked":["Deadly Poison","Poisoned Stab"],"picked":"Dodge and Roll","floor":8},{"not_picked":["Tactician","Blade Dance"],"picked":"Poisoned Stab","floor":10},{"not_picked":["After Image","Deflect","Blade Dance"],"picked":"SKIP","floor":11},{"not_picked":["Finisher","Dodge and Roll","Poisoned Stab"],"picked":"SKIP","floor":13},{"not_picked":["Dagger Spray","Dodge and Roll","Masterful Stab"],"picked":"SKIP","floor":14},{"not_picked":["Bullet Time","Glass Knife"],"picked":"Malaise","floor":16},{"not_picked":["Endless Agony","Quick Slash"],"picked":"Acrobatics","floor":19},{"not_picked":["Backflip","Flying Knee"],"picked":"Skewer","floor":20},{"not_picked":["Riddle With Holes+1","Footwork+1","Outmaneuver"],"picked":"SKIP","floor":21},{"not_picked":["Dodge and Roll","Infinite Blades","Footwork+1"],"picked":"SKIP","floor":22}],"player_experience":16497,"relics_obtained":[{"floor":9,"key":"Pantograph"},{"floor":13,"key":"Boot"}],"event_choices":[{"damage_healed":0.0,"max_hp_gain":0.0,"max_hp_loss":0.0,"gold_gain":0.0,"event_name":"Match and Keep!","player_choice":"3 cards matched","floor":2.0,"gold_loss":0.0,"damage_taken":0.0,"cards_obtained":["A Thousand Cuts","Normality","Neutralize"]},{"damage_healed":0,"gold_gain":0,"cards_transformed":["Neutralize"],"player_choice":"Transformed","damage_taken":0,"max_hp_gain":0,"max_hp_loss":0,"event_name":"Transmorgrifier","floor":12,"gold_loss":0,"cards_obtained":["Glass Knife"]}],"is_beta":false,"boss_relics":[{"not_picked":["Eternal Feather","Runic Pyramid"],"picked":"Ring of the Serpent"}],"items_purged_floors":[24],"is_endless":false,"potions_floor_spawned":[1,3,6,16,20,22],"killed_by":"Sentry and Sphere","ascension_level":0}