{"path_per_floor":["M","M","$","?","?","R","M","R","T","?","M","M","R","T","R","B",null,"M","M","?","$","M","R","E","?","T","R","E"],"character_chosen":"THE_SILENT","items_purchased":["Flying Knee"],"gold_per_floor":[117,130,55,55,55,55,72,72,72,72,82,94,94,94,94,197,197,187,204,304,151,164,164,189,189,189,189,214,214],"floor_reached":29,"campfire_rested":2,"playtime":4152,"item_purchase_floors":[21],"current_hp_per_floor":[70,70,70,70,70,70,70,70,70,70,70,70,70,70,70,49,70,59,53,53,53,28,49,3,3,3,24,16,0],"items_purged":["Defend_G","Defend_G"],"gold":214,"score":251,"play_id":"4ce27c52-994d-46c5-9c10-c852e439eee2","local_time":"20180527212402","is_prod":false,"is_daily":false,"chose_seed":false,"is_ascension_mode":false,"campfire_upgraded":4,"win_rate":0,"timestamp":1527449042,"campfire_choices":[{"data":"Dodge and Roll","floor":6,"key":"SMITH"},{"data":"Backstab","floor":8,"key":"SMITH"},{"data":"Deflect","floor":13,"key":"SMITH"},{"data":"Cloak And Dagger","floor":15,"key":"SMITH"},{"floor":23,"key":"REST"},{"floor":27,"key":"REST"}],"path_taken":["M","?","$","?","?","R","M","R","T","?","M","M","R","?","R","BOSS","M","M","?","$","M","R","E","?","T","R","E","M"],"build_version":"2018-05-24","seed_source_timestamp":32804882199341,"purchased_purges":2,"victory":false,"master_deck":["Defend_G","Defend_G","Strike_G","Strike_G","Strike_G","Strike_G","Survivor","Neutralize","Acrobatics","Caltrops","Expertise","Dodge and Roll+1","Backstab+1","Deflect+1","Blur","Reflex","Cloak And Dagger+1","Underhanded Strike","Deadly Poison","Doppelganger","Finisher","Sucker Punch+1","Flying Knee","Bane+1","Backstab+1","Storm of Steel"],"max_hp_per_floor":[70,70,70,70,70,70,70,70,70,70,70,70,70,70,70,70,70,70,70,70,70,70,70,70,70,70,70,70,70],"relics":["Orrery","Tough Bandages","Oddly Smooth Stone","Velvet Choker","Bronze Scales","Happy Flower","Dodecahedron"],"card_choices":[{"not_picked":["Quick Slash","Underhanded Strike"],"picked":"Acrobatics","floor":0},{"not_picked":["Outmaneuver","Heel Hook"],"picked":"Caltrops","floor":0},{"not_picked":["Slice","Infinite Blades"],"picked":"Expertise","floor":0},{"not_picked":["Sucker Punch","Noxious Fumes"],"picked":"Dodge and Roll","floor":0},{"not_picked":["Poisoned Stab","Backflip"],"picked":"Backstab","floor":0},{"not_picked":["Dodge and Roll","Tactician"],"picked":"Deflect","floor":1},{"not_picked":["Outmaneuver","Heel Hook"],"picked":"Blur","floor":2},{"not_picked":["Dagger Throw","Malaise"],"picked":"Cloak And Dagger","floor":7},{"not_picked":["Acrobatics","Tools of the Trade"],"picked":"Underhanded Strike","floor":11},{"not_picked":["Bane","Underhanded Strike"],"picked":"Deadly Poison","floor":12},{"not_picked":["Die Die Die","Corpse Explosion"],"picked":"Doppelganger","floor":16},{"not_picked":["Deflect","Flying Knee"],"picked":"Finisher","floor":18},{"not_picked":["Dagger Spray","Deflect"],"picked":"Sucker Punch+1","floor":19},{"not_picked":["Malaise","Deflect+1"],"picked":"Bane+1","floor":22},{"not_picked":["Bouncing Flask","Escape Plan+1"],"picked":"Backstab+1","floor":24},{"not_picked":["Setup","Caltrops","Grand Finale"],"picked":"SKIP","floor":28}],"player_experience":151511,"potions_floor_usage":[28,28],"damage_taken":[{"damage":0,"enemies":"Cultist","floor":1,"turns":4},{"damage":0,"enemies":"Jaw Worm","floor":2,"turns":4},{"damage":0,"enemies":"Small Slimes","floor":7,"turns":4},{"damage":0,"enemies":"Looter","floor":11,"turns":3},{"damage":0,"enemies":"Red Slaver","floor":12,"turns":4},{"damage":21,"enemies":"The Guardian","floor":16,"turns":13},{"damage":11,"enemies":"2 Thieves","floor":18,"turns":4},{"damage":6,"enemies":"3 Byrds","floor":19,"turns":6},{"damage":25,"enemies":"Centurion and Healer","floor":22,"turns":12},{"damage":46,"enemies":"Slavers","floor":24,"turns":8},{"damage":8,"enemies":"Book of Stabbing","floor":28,"turns":5},{"damage":24,"enemies":"Chosen and Byrds","floor":29,"turns":4}],"relics_obtained":[{"floor":9,"key":"Tough Bandages"},{"floor":14,"key":"Oddly Smooth Stone"},{"floor":24,"key":"Bronze Scales"},{"floor":26,"key":"Happy Flower"},{"floor":28,"key":"Dodecahedron"}],"event_choices":[{"event_name":"Bonfire Elementals","player_choice":"BASIC","floor":4,"damage_taken":0},{"event_name":"Living Wall","player_choice":"Change","floor":5,"damage_taken":0},{"event_name":"The Lab","player_choice":"Got Potions","floor":10,"damage_taken":0},{"event_name":"Golden Shrine","player_choice":"Pray","floor":20,"damage_taken":0},{"event_name":"Match and Keep!","player_choice":"1 cards matched","floor":25,"damage_taken":0}],"boss_relics":[{"not_picked":["Philosopher\u0027s Stone","Tiny House"],"picked":"Velvet Choker"}],"items_purged_floors":[3,21],"potions_floor_spawned":[2,12,24],"seed_played":"6978626468180531426","killed_by":"Chosen and Byrds","ascension_level":0,"potions_obtained":[{"floor":2,"key":"Poison Potion"},{"floor":10,"key":"Fruit Juice"},{"floor":10,"key":"Block Potion"},{"floor":24,"key":"SpeedPotion"}],"is_trial":false}