{"gold_per_floor":[109,126,140,160,160,193,193,220,245,245,259,277,31,31,31,135,135,155,171,19,19,37,72,72,99,99,163,63,76,109,24,24,24],"floor_reached":33,"playtime":1690,"items_purged":["Strike_B","Strike_B"],"score":410,"play_id":"6260a0f2-c5fe-4553-801f-94c3fa3b35af","local_time":"20190205044417","is_ascension_mode":true,"campfire_choices":[{"data":"Streamline","floor":7,"key":"SMITH"},{"data":"Self Repair","floor":10,"key":"SMITH"},{"floor":15,"key":"REST"},{"data":"White Noise","floor":24,"key":"SMITH"},{"data":"Reinforced Body","floor":32,"key":"SMITH"}],"neow_cost":"NONE","seed_source_timestamp":1807811774943500,"circlet_count":0,"master_deck":["Defend_B","Defend_B+1","Defend_B+1","Defend_B","Zap+1","Dualcast","Self Repair+1","Sweeping Beam","Streamline+1","Gash","Go for the Eyes","Steam","Leap","Turbo","Leap","Gash","Reinforced Body+1","Skim","Cold Snap","Gash","Go for the Eyes+1","Compile Driver","Defragment","White Noise+1","Gash","Leap+1","Reboot"],"relics":["Cracked Core","StoneCalendar","Centennial Puzzle","Vajra","Dream Catcher","PreservedInsect","Orrery","Anchor","Bottled Lightning","War Paint","Happy Flower","Tiny Chest","The Courier","Smiling Mask"],"potions_floor_usage":[8,16,18,23,25],"damage_taken":[{"damage":2,"enemies":"Jaw Worm","floor":1,"turns":3},{"damage":1,"enemies":"2 Louse","floor":2,"turns":2},{"damage":0,"enemies":"Small Slimes","floor":3,"turns":2},{"damage":1,"enemies":"Exordium Wildlife","floor":4,"turns":3},{"damage":25,"enemies":"3 Sentries","floor":6,"turns":6},{"damage":26,"enemies":"Gremlin Nob","floor":8,"turns":4},{"damage":9,"enemies":"Exordium Thugs","floor":11,"turns":4},{"damage":0,"enemies":"Large Slime","floor":12,"turns":4},{"damage":27,"enemies":"The Guardian","floor":16,"turns":9},{"damage":9,"enemies":"3 Byrds","floor":18,"turns":7},{"damage":16,"enemies":"Spheric Guardian","floor":19,"turns":4},{"damage":24,"enemies":"Snake Plant","floor":22,"turns":6},{"damage":2,"enemies":"Book of Stabbing","floor":23,"turns":6},{"damage":21,"enemies":"Gremlin Leader","floor":25,"turns":6},{"damage":16,"enemies":"Book of Stabbing","floor":27,"turns":7},{"damage":0,"enemies":"Chosen and Byrds","floor":29,"turns":5},{"damage":15,"enemies":"Gremlin Leader","floor":30,"turns":6},{"damage":41,"enemies":"Automaton","floor":33,"turns":6}],"seed_played":"-7167865525804210555","potions_obtained":[{"floor":2,"key":"SpeedPotion"},{"floor":3,"key":"Regen Potion"},{"floor":4,"key":"SmokeBomb"},{"floor":12,"key":"EssenceOfSteel"},{"floor":22,"key":"Block Potion"},{"floor":23,"key":"FocusPotion"},{"floor":27,"key":"Energy Potion"}],"is_trial":false,"path_per_floor":["M","M","M","M","?","E","R","E","T","R","M","M","$","?","R","B",null,"M","M","$","?","M","E","R","E","T","E","$","M","E","?","R","B"],"character_chosen":"DEFECT","items_purchased":["Leap","PreservedInsect","Anchor"],"campfire_rested":1,"item_purchase_floors":[13,13,20],"current_hp_per_floor":[73,75,75,75,63,45,45,24,24,24,25,35,35,35,57,40,75,75,69,69,69,55,53,53,42,42,36,36,46,41,41,41,0],"gold":24,"neow_bonus":"UPGRADE_CARD","is_prod":false,"is_daily":false,"chose_seed":false,"campfire_upgraded":4,"win_rate":0,"timestamp":1549359857,"path_taken":["M","M","M","M","?","E","R","E","T","R","M","M","$","?","R","BOSS","M","M","$","?","M","E","R","E","T","E","$","M","E","?","R","BOSS"],"build_version":"2019-01-23","purchased_purges":2,"victory":false,"max_hp_per_floor":[75,75,75,75,75,75,75,75,75,75,75,75,75,75,75,75,75,75,75,75,75,75,75,75,75,75,75,75,75,75,75,75,75],"card_choices":[{"not_picked":["Beam Cell","Scrape"],"picked":"Self Repair","floor":1},{"not_picked":["Melter","Redo"],"picked":"Sweeping Beam","floor":2},{"not_picked":["Steam Power","Rebound"],"picked":"Streamline","floor":3},{"not_picked":["Fission","Rebound"],"picked":"Gash","floor":4},{"not_picked":["Barrage","Cold Snap"],"picked":"Go for the Eyes","floor":6},{"not_picked":["Buffer","Skim","Melter"],"picked":"SKIP","floor":8},{"not_picked":["Compile Driver","Ball Lightning"],"picked":"Steam","floor":11},{"not_picked":["Double Energy","Steam","Tempest"],"picked":"SKIP","floor":12},{"not_picked":["Sweeping Beam","Rebound"],"picked":"Turbo","floor":15},{"not_picked":["Coolheaded","Redo"],"picked":"Leap","floor":17},{"not_picked":["Barrage","Double Energy"],"picked":"Gash","floor":17},{"not_picked":["Streamline","Redo"],"picked":"Reinforced Body","floor":17},{"not_picked":["Compile Driver","Ball Lightning"],"picked":"Skim","floor":17},{"not_picked":["Barrage","Steam"],"picked":"Cold Snap","floor":17},{"not_picked":["White Noise","Stack"],"picked":"Gash","floor":18},{"not_picked":["Turbo","Melter"],"picked":"Go for the Eyes+1","floor":19},{"not_picked":["Sweeping Beam","Streamline"],"picked":"White Noise","floor":22},{"not_picked":["Self Repair","Double Energy"],"picked":"Gash","floor":23},{"not_picked":["Chaos","Capacitor"],"picked":"Leap+1","floor":25},{"not_picked":["Darkness","Rebound"],"picked":"Reboot","floor":27},{"not_picked":["Steam Power+1","Coolheaded","Aggregate"],"picked":"SKIP","floor":29},{"not_picked":["Electrodynamics","Go for the Eyes+1","Steam"],"picked":"SKIP","floor":30}],"player_experience":237940,"relics_obtained":[{"floor":6,"key":"Centennial Puzzle"},{"floor":8,"key":"Vajra"},{"floor":9,"key":"Dream Catcher"},{"floor":23,"key":"Bottled Lightning"},{"floor":25,"key":"War Paint"},{"floor":26,"key":"Happy Flower"},{"floor":27,"key":"Tiny Chest"},{"floor":30,"key":"The Courier"}],"event_choices":[{"damage_healed":0,"gold_gain":0,"player_choice":"Success","damage_taken":12,"relics_obtained":["StoneCalendar"],"max_hp_gain":0,"max_hp_loss":0,"event_name":"Scrap Ooze","floor":5,"gold_loss":0},{"damage_healed":0,"gold_gain":0,"player_choice":"Leave","damage_taken":0,"max_hp_gain":0,"max_hp_loss":0,"event_name":"The Cleric","floor":14,"gold_loss":0},{"damage_healed":0,"gold_gain":0,"cards_transformed":["Strike_B","Strike_B"],"player_choice":"Became Test Subject","damage_taken":0,"max_hp_gain":0,"max_hp_loss":0,"event_name":"Drug Dealer","floor":21,"gold_loss":0,"cards_obtained":["Compile Driver","Defragment"]},{"damage_healed":0,"gold_gain":0,"player_choice":"Obtained Relic","damage_taken":0,"relics_obtained":["Smiling Mask"],"max_hp_gain":0,"max_hp_loss":0,"event_name":"Addict","floor":31,"gold_loss":85}],"is_beta":false,"boss_relics":[{"not_picked":["Philosopher\u0027s Stone","Cursed Key"],"picked":"Orrery"}],"items_purged_floors":[13,28],"is_endless":false,"potions_floor_spawned":[2,3,4,12,22,23,27],"killed_by":"Automaton","ascension_level":3}