{"gold_per_floor":[116,128,128,128,128,128,148,172,172,187,228,228,269,288,288,384,384,408,31,31,31,33,33,33,33,82,82,102,102,102],"floor_reached":30,"playtime":3137,"items_purged":["Strike_B"],"score":418,"play_id":"5f38a30e-ab7a-45b6-9fd1-a1107c803ef1","local_time":"20190125080609","is_ascension_mode":true,"campfire_choices":[{"data":"Hologram","floor":6.0,"key":"SMITH"},{"data":"Streamline","floor":15.0,"key":"SMITH"},{"data":"Beam Cell","floor":23,"key":"SMITH"},{"data":"Dualcast","floor":25,"key":"SMITH"},{"data":"Bite","floor":27,"key":"SMITH"}],"neow_cost":"NONE","seed_source_timestamp":0,"circlet_count":0,"master_deck":["AscendersBane","Defend_B","Defend_B","Defend_B","Defend_B","Zap+1","Dualcast+1","Streamline+1","Hologram+1","Leap","Gash","Beam Cell+1","Cold Snap","Streamline+1","Echo Form","Double Energy","Steam","Bite+1","Bite","Bite","Bite","Bite","Gash"],"special_seed":0,"relics":["Cracked Core","Bloody Idol","Regal Pillow","Meat on the Bone","Juzu Bracelet","Coffee Dripper","Kunai","Dream Catcher","Nilry\u0027s Codex"],"potions_floor_usage":[],"damage_taken":[{"damage":1.0,"enemies":"Cultist","floor":1.0,"turns":3.0},{"damage":7.0,"enemies":"Jaw Worm","floor":2.0,"turns":3.0},{"damage":4.0,"enemies":"Small Slimes","floor":7.0,"turns":3.0},{"damage":5.0,"enemies":"Red Slaver","floor":8.0,"turns":3.0},{"damage":13.0,"enemies":"Blue Slaver","floor":10.0,"turns":3.0},{"damage":18.0,"enemies":"3 Sentries","floor":11.0,"turns":7.0},{"damage":16.0,"enemies":"Gremlin Nob","floor":13.0,"turns":3.0},{"damage":8.0,"enemies":"Large Slime","floor":14.0,"turns":5.0},{"damage":26.0,"enemies":"The Guardian","floor":16.0,"turns":10.0},{"damage":27.0,"enemies":"Spheric Guardian","floor":18.0,"turns":4.0},{"damage":20,"enemies":"2 Thieves","floor":22,"turns":4},{"damage":37,"enemies":"Snecko","floor":28,"turns":4},{"damage":24,"enemies":"Book of Stabbing","floor":30,"turns":4}],"seed_played":"370855380624344291","potions_obtained":[{"floor":1.0,"key":"LiquidBronze"},{"floor":8.0,"key":"FearPotion"},{"floor":10.0,"key":"Block Potion"},{"floor":13.0,"key":"Weak Potion"}],"is_trial":false,"path_per_floor":["M","M","?","?","?","R","M","M","T","M","E","?","E","M","R","B",null,"M","$","?","?","M","R","?","R","T","R","M","?","E"],"character_chosen":"DEFECT","items_purchased":["Kunai","Steam"],"campfire_rested":0,"item_purchase_floors":[19,19],"current_hp_per_floor":[67,60,60,60,60,60,56,51,51,38,20,43,39,43,43,29,59,44,44,44,44,36,36,36,36,41,41,32,16,0],"gold":102,"neow_bonus":"UPGRADE_CARD","is_prod":false,"is_daily":false,"chose_seed":false,"campfire_upgraded":5,"win_rate":0,"timestamp":1548399969,"path_taken":["M","M","?","?","?","R","M","?","T","M","E","?","E","M","R","BOSS","M","$","?","?","M","R","?","R","T","R","M","?","E"],"build_version":"2019-01-23","purchased_purges":1,"victory":false,"max_hp_per_floor":[75,75,69,69,69,69,69,69,69,69,69,69,69,69,69,69,69,69,69,69,48,48,48,48,48,48,48,48,48,48],"card_choices":[{"not_picked":["Undo","Sweeping Beam"],"picked":"Streamline","floor":1.0},{"not_picked":["Storm","Defragment"],"picked":"Hologram","floor":2.0},{"not_picked":["Glacier","Compile Driver"],"picked":"Leap","floor":7.0},{"not_picked":["Aggregate","Chaos"],"picked":"Gash","floor":8.0},{"not_picked":["Steam","Aggregate"],"picked":"Beam Cell","floor":10.0},{"not_picked":["Thunder Strike","Doom and Gloom"],"picked":"Cold Snap","floor":11.0},{"not_picked":["Turbo","Conserve Battery"],"picked":"Streamline","floor":13.0},{"not_picked":["Hello World","Sunder","Rebound"],"picked":"SKIP","floor":14.0},{"not_picked":["Rainbow","Core Surge"],"picked":"Echo Form","floor":16.0},{"not_picked":["Beam Cell","Turbo"],"picked":"Double Energy","floor":18.0},{"not_picked":["Consume","Tempest","Capacitor"],"picked":"SKIP","floor":22},{"not_picked":["Redo+1","Hologram"],"picked":"Gash","floor":28}],"player_experience":618324,"relics_obtained":[{"floor":9.0,"key":"Regal Pillow"},{"floor":11.0,"key":"Meat on the Bone"},{"floor":13.0,"key":"Juzu Bracelet"},{"floor":26,"key":"Dream Catcher"},{"floor":29,"key":"Nilry\u0027s Codex"}],"event_choices":[{"damage_healed":0.0,"max_hp_gain":0.0,"max_hp_loss":6.0,"gold_gain":0.0,"event_name":"Golden Idol","player_choice":"Lose Max HP","floor":3.0,"gold_loss":0.0,"damage_taken":0.0,"relics_obtained":["Golden Idol"]},{"damage_healed":0.0,"max_hp_gain":0.0,"max_hp_loss":0.0,"gold_gain":0.0,"event_name":"Liars Game","player_choice":"Ignored","floor":4.0,"gold_loss":0.0,"damage_taken":0.0},{"damage_healed":0.0,"max_hp_gain":0.0,"max_hp_loss":0.0,"gold_gain":0.0,"event_name":"Upgrade Shrine","player_choice":"Upgraded","floor":5.0,"gold_loss":0.0,"damage_taken":0.0,"cards_upgraded":["Streamline"]},{"damage_healed":23.0,"max_hp_gain":0.0,"max_hp_loss":0.0,"gold_gain":0.0,"event_name":"Big Fish","player_choice":"Banana","floor":12.0,"gold_loss":0.0,"damage_taken":0.0},{"damage_healed":0,"gold_gain":0,"player_choice":"Became a vampire","damage_taken":0,"max_hp_gain":0,"max_hp_loss":21,"event_name":"Vampires","floor":21,"gold_loss":0,"cards_obtained":["Bite","Bite","Bite","Bite","Bite"]},{"damage_healed":0,"gold_gain":0,"player_choice":"Gave Idol","damage_taken":0,"relics_obtained":["Bloody Idol"],"max_hp_gain":0,"max_hp_loss":0,"event_name":"Forgotten Altar","floor":24,"relics_lost":["Golden Idol"],"gold_loss":0},{"damage_healed":0,"gold_gain":0,"player_choice":"Obtained Book","damage_taken":16,"max_hp_gain":0,"max_hp_loss":0,"event_name":"Cursed Tome","floor":29,"gold_loss":0}],"is_beta":true,"boss_relics":[{"not_picked":["Lizard Tail","Fusion Hammer"],"picked":"Coffee Dripper"}],"items_purged_floors":[19],"is_endless":false,"potions_floor_spawned":[1,8,10,13],"killed_by":"Book of Stabbing","ascension_level":13}