{"gold_per_floor":[110,110,110,32,48,75,75,95,95,95,128,144,144,171,171,267,267,277,292,324,324,376,376,406,179,179,179,194,227,227,149,149,248,248,268,282,295,311,55,55,83,83,83,102,115,115,115,53,53,53],"floor_reached":51,"playtime":2966,"items_purged":["Deadly Poison","Deadly Poison"],"score":766,"play_id":"e9f51c96-4244-41d0-a8df-aa32e68517fd","local_time":"20190201141243","daily_mods":["Draft","Heirloom"],"is_ascension_mode":true,"campfire_choices":[{"data":"Blade Dance","floor":7,"key":"SMITH"},{"data":"Footwork","floor":10,"key":"SMITH"},{"data":"Cloak And Dagger","floor":13,"key":"SMITH"},{"floor":15,"key":"REST"},{"floor":23,"key":"REST"},{"floor":27,"key":"REST"},{"floor":30,"key":"REST"},{"data":"Choke","floor":32,"key":"SMITH"},{"data":"Bullet Time","floor":40,"key":"SMITH"},{"data":"Footwork","floor":42,"key":"SMITH"},{"floor":46,"key":"REST"},{"floor":49,"key":"REST"}],"neow_cost":"","seed_source_timestamp":0,"circlet_count":0,"master_deck":["Demon Form","Wraith Form v2","Echo Form+1","Skewer","Poisoned Stab","Choke+1","Quick Slash","Terror","Slice","Cloak And Dagger+1","Footwork+1","Footwork+1","Finisher","Blade Dance+1","PiercingWail","Dagger Spray","Cloak And Dagger","Calculated Gamble","Accuracy","Backflip","After Image","Endless Agony","A Thousand Cuts","Quick Slash+1","Slice+1","Deflect+1","Dodge and Roll+1","Bullet Time+1","Blur"],"relics":["Ring of the Snake","Girya","Darkstone Periapt","Strawberry","Mercury Hourglass","Centennial Puzzle","WristBlade","Red Mask","Nilry\u0027s Codex","Bag of Preparation","Dodecahedron","Happy Flower","Shuriken","PreservedInsect","Oddly Smooth Stone","Philosopher\u0027s Stone","Pen Nib","The Courier","Mummified Hand"],"potions_floor_usage":[11,20,24,28,45,50,50],"damage_taken":[{"damage":1,"enemies":"Jaw Worm","floor":1,"turns":4},{"damage":5,"enemies":"2 Louse","floor":5,"turns":2},{"damage":18,"enemies":"Lagavulin","floor":6,"turns":5},{"damage":0,"enemies":"Small Slimes","floor":8,"turns":3},{"damage":28,"enemies":"3 Sentries","floor":11,"turns":7},{"damage":2,"enemies":"Looter","floor":12,"turns":2},{"damage":8,"enemies":"Gremlin Nob","floor":14,"turns":5},{"damage":1,"enemies":"Slime Boss","floor":16,"turns":5},{"damage":37,"enemies":"3 Byrds","floor":18,"turns":3},{"damage":23,"enemies":"2 Thieves","floor":19,"turns":3},{"damage":2,"enemies":"Masked Bandits","floor":20,"turns":4},{"damage":3,"enemies":"Gremlin Leader","floor":24,"turns":5},{"damage":24,"enemies":"Snake Plant","floor":28,"turns":4},{"damage":16,"enemies":"Slavers","floor":29,"turns":5},{"damage":9,"enemies":"Champ","floor":33,"turns":8},{"damage":0,"enemies":"3 Darklings","floor":35,"turns":4},{"damage":0,"enemies":"Orb Walker","floor":36,"turns":1},{"damage":5,"enemies":"3 Darklings","floor":37,"turns":3},{"damage":1,"enemies":"Jaw Worm Horde","floor":38,"turns":3},{"damage":0,"enemies":"Giant Head","floor":41,"turns":1},{"damage":0,"enemies":"4 Shapes","floor":44,"turns":3},{"damage":22,"enemies":"Transient","floor":45,"turns":5},{"damage":3,"enemies":"Donu and Deca","floor":50,"turns":8}],"seed_played":"-2611942944509065087","potions_obtained":[{"floor":1,"key":"SneckoOil"},{"floor":8,"key":"PowerPotion"},{"floor":11,"key":"Block Potion"},{"floor":14,"key":"EssenceOfSteel"},{"floor":18,"key":"GhostInAJar"},{"floor":24,"key":"Regen Potion"},{"floor":35,"key":"Explosive Potion"},{"floor":44,"key":"SteroidPotion"},{"floor":45,"key":"Fire Potion"}],"is_trial":true,"path_per_floor":["M","?","?","$","M","E","R","M","T","R","E","M","R","E","R","B",null,"M","M","?","?","T","R","E","$","T","R","M","E","R","?","R","B",null,"M","M","M","M","$","R","E","R","T","M","M","R","?","$","R","B",null],"character_chosen":"THE_SILENT","items_purchased":["Accuracy","Happy Flower","Pen Nib","Blur"],"campfire_rested":6,"item_purchase_floors":[4,25,39,48],"current_hp_per_floor":[69,74,74,74,69,51,51,51,58,58,30,28,28,20,44,43,82,45,22,20,4,4,28,25,25,25,49,34,18,42,42,42,33,82,82,82,77,76,76,76,76,76,76,76,54,78,78,78,82,79],"gold":53,"neow_bonus":"","is_prod":false,"is_daily":false,"chose_seed":false,"campfire_upgraded":6,"win_rate":0,"timestamp":1549048363,"path_taken":["M","?","?","?","M","E","R","?","T","R","E","M","R","E","R","BOSS","M","M","?","?","?","R","E","$","T","R","M","E","R","?","R","BOSS","M","?","M","M","$","R","E","R","T","M","M","R","?","?","R","BOSS"],"build_version":"2019-01-23","purchased_purges":2,"victory":true,"max_hp_per_floor":[70,75,75,75,75,75,75,75,82,82,82,82,82,82,82,82,82,82,82,82,82,82,82,82,82,82,82,82,82,82,82,82,82,82,82,82,82,82,82,82,82,82,82,82,82,82,82,82,82,82],"card_choices":[{"not_picked":["Flying Knee","Underhanded Strike"],"picked":"Deadly Poison","floor":0},{"not_picked":["Predator","Slice"],"picked":"Skewer","floor":0},{"not_picked":["Acrobatics","Expertise"],"picked":"Poisoned Stab","floor":0},{"not_picked":["Predator","Bane"],"picked":"Choke","floor":0},{"not_picked":["Heel Hook","Sucker Punch"],"picked":"Quick Slash","floor":0},{"not_picked":["Bane","Sucker Punch"],"picked":"Terror","floor":0},{"not_picked":["Bouncing Flask","Underhanded Strike"],"picked":"Slice","floor":0},{"not_picked":["Quick Slash","Flying Knee"],"picked":"Cloak And Dagger","floor":0},{"not_picked":["Blade Dance","Acrobatics"],"picked":"Footwork","floor":0},{"not_picked":["Acrobatics","Dodge and Roll"],"picked":"Footwork","floor":0},{"not_picked":["Acrobatics","Dagger Spray"],"picked":"Finisher","floor":0},{"not_picked":["Skewer","Quick Slash"],"picked":"Blade Dance","floor":0},{"not_picked":["Calculated Gamble","Dodge and Roll"],"picked":"PiercingWail","floor":0},{"not_picked":["Poisoned Stab","Underhanded Strike"],"picked":"Dagger Spray","floor":0},{"not_picked":["Heel Hook","Underhanded Strike"],"picked":"Cloak And Dagger","floor":0},{"not_picked":["Prepared","Sucker Punch"],"picked":"Calculated Gamble","floor":1},{"not_picked":["PiercingWail","Predator","Dodge and Roll"],"picked":"SKIP","floor":5},{"not_picked":["Endless Agony","Outmaneuver"],"picked":"Deadly Poison","floor":6},{"not_picked":["Masterful Stab","Flechettes"],"picked":"Backflip","floor":8},{"not_picked":["Predator","Poisoned Stab"],"picked":"After Image","floor":11},{"not_picked":["Well Laid Plans","Concentrate","PiercingWail"],"picked":"SKIP","floor":12},{"not_picked":["Choke","Bouncing Flask"],"picked":"Endless Agony","floor":14},{"not_picked":["Phantasmal Killer","Die Die Die"],"picked":"A Thousand Cuts","floor":16},{"not_picked":["Heel Hook+1","Choke"],"picked":"Quick Slash+1","floor":18},{"not_picked":["Calculated Gamble","Distraction"],"picked":"Slice+1","floor":19},{"not_picked":["Cloak And Dagger","Setup"],"picked":"Deflect+1","floor":24},{"not_picked":["Sucker Punch+1","Deadly Poison"],"picked":"Dodge and Roll+1","floor":28},{"not_picked":["Catalyst","Outmaneuver","Bane"],"picked":"SKIP","floor":29},{"not_picked":["Storm of Steel","Corpse Explosion"],"picked":"Bullet Time","floor":33},{"not_picked":["Slice","Dagger Throw+1","Flechettes"],"picked":"SKIP","floor":35},{"not_picked":["Setup+1","Eviscerate+1","Dagger Spray+1"],"picked":"SKIP","floor":36},{"not_picked":["Dodge and Roll","Dagger Throw+1","Sucker Punch"],"picked":"SKIP","floor":37},{"not_picked":["Expertise+1","Sucker Punch","Prepared+1"],"picked":"SKIP","floor":38},{"not_picked":["Prepared","Reflex","Skewer+1"],"picked":"SKIP","floor":41},{"not_picked":["Bouncing Flask+1","Poisoned Stab+1","Eviscerate+1"],"picked":"SKIP","floor":44},{"not_picked":["Riddle With Holes","Slice+1","Venomology"],"picked":"SKIP","floor":45}],"player_experience":188518,"relics_obtained":[{"floor":6,"key":"Darkstone Periapt"},{"floor":9,"key":"Strawberry"},{"floor":11,"key":"Mercury Hourglass"},{"floor":14,"key":"Centennial Puzzle"},{"floor":20,"key":"Red Mask"},{"floor":21,"key":"Nilry\u0027s Codex"},{"floor":22,"key":"Bag of Preparation"},{"floor":24,"key":"Dodecahedron"},{"floor":26,"key":"Shuriken"},{"floor":29,"key":"PreservedInsect"},{"floor":41,"key":"The Courier"},{"floor":43,"key":"Mummified Hand"}],"event_choices":[{"damage_healed":0,"gold_gain":0,"player_choice":"Donut","damage_taken":0,"max_hp_gain":5,"max_hp_loss":0,"event_name":"Big Fish","floor":2,"gold_loss":0},{"damage_healed":0,"gold_gain":0,"player_choice":"Grow","damage_taken":0,"max_hp_gain":0,"max_hp_loss":0,"event_name":"Living Wall","floor":3,"gold_loss":0,"cards_upgraded":["Echo Form"]},{"damage_healed":0,"gold_gain":0,"player_choice":"Fought Bandits","damage_taken":0,"max_hp_gain":0,"max_hp_loss":0,"event_name":"Masked Bandits","floor":20,"gold_loss":0},{"damage_healed":0,"gold_gain":0,"player_choice":"Obtained Book","damage_taken":16,"max_hp_gain":0,"max_hp_loss":0,"event_name":"Cursed Tome","floor":21,"gold_loss":0},{"damage_healed":0,"gold_gain":0,"player_choice":"Paid Gold","damage_taken":0,"relics_obtained":["Oddly Smooth Stone"],"max_hp_gain":0,"max_hp_loss":0,"event_name":"WeMeetAgain","floor":31,"gold_loss":78},{"damage_healed":0,"gold_gain":0,"player_choice":"0 cards matched","damage_taken":0,"max_hp_gain":0,"max_hp_loss":0,"event_name":"Match and Keep!","floor":47,"gold_loss":0,"cards_obtained":[]}],"is_beta":false,"boss_relics":[{"not_picked":["Empty Cage","Fusion Hammer"],"picked":"WristBlade"},{"not_picked":["White Beast Statue","Eternal Feather"],"picked":"Philosopher\u0027s Stone"}],"items_purged_floors":[25,39],"is_endless":false,"potions_floor_spawned":[1,8,11,14,18,24,35,44,45],"ascension_level":1}