{"gold_per_floor":[110,110,285,300,300,300,320,320,391,425,375,388,404,73,73,175,175,188,9,41,41,51,51,77,77,77,77,77,94,94,104,104,206,206,219,8,230,230,230,230,260,260,284,284,335,351,351,364,364,364],"floor_reached":50,"playtime":2539,"items_purged":["Doubt"],"score":632,"play_id":"c271c470-96d8-40ab-93b4-2766d12ea12a","local_time":"20180703143813","is_ascension_mode":true,"campfire_choices":[{"data":"Entrench","floor":6.0,"key":"SMITH"},{"data":"Bludgeon","floor":8.0,"key":"SMITH"},{"floor":15.0,"key":"REST"},{"data":"Armaments","floor":23.0,"key":"SMITH"},{"data":"Demon Form","floor":25.0,"key":"SMITH"},{"data":"Inflame","floor":27.0,"key":"SMITH"},{"data":"Wild Strike","floor":32.0,"key":"SMITH"},{"data":"Enlightenment","floor":40.0,"key":"SMITH"},{"floor":42,"key":"REST"},{"data":"Apotheosis","floor":47,"key":"SMITH"},{"floor":49,"key":"REST"}],"neow_cost":"","seed_source_timestamp":0,"circlet_count":0,"master_deck":["Strike_R+1","Strike_R+1","Strike_R+1","Defend_R+1","Defend_R+1","Defend_R+1","Defend_R+1","Bash","Bludgeon+1","Entrench+1","Headbutt","Cleave","Thunderclap","Wild Strike+1","Inflame+1","Armaments+1","Demon Form+1","Seeing Red","Twin Strike","Hemokinesis+1","Flex+1","Bloodletting","Double Tap","Combust+1","Dropkick","Heavy Blade","Thunderclap","Spot Weakness","Rupture+1","Apotheosis+1","Secret Weapon","Apotheosis","Enlightenment+1","Madness","Madness"],"special_seed":0,"relics":["Black Blood","Self Forming Clay","Letter Opener","Magic Flower","Regal Pillow","Bag of Marbles","Red Mask","Oddly Smooth Stone","Thread and Needle","Orrery","Singing Bowl","Ancient Tea Set","Anchor"],"potions_floor_usage":[41,50],"damage_taken":[{"damage":5.0,"enemies":"2 Louse","floor":1.0,"turns":3.0},{"damage":0.0,"enemies":"Cultist","floor":4.0,"turns":4.0},{"damage":4.0,"enemies":"Small Slimes","floor":7.0,"turns":3.0},{"damage":36.0,"enemies":"3 Sentries","floor":10.0,"turns":8.0},{"damage":1.0,"enemies":"Looter","floor":12.0,"turns":3.0},{"damage":14.0,"enemies":"Red Slaver","floor":13.0,"turns":2.0},{"damage":36.0,"enemies":"The Guardian","floor":16.0,"turns":11.0},{"damage":24.0,"enemies":"3 Byrds","floor":18.0,"turns":5.0},{"damage":36.0,"floor":20.0,"turns":5.0},{"damage":3.0,"enemies":"2 Thieves","floor":22.0,"turns":2.0},{"damage":29.0,"enemies":"Book of Stabbing","floor":24.0,"turns":4.0},{"damage":2.0,"enemies":"Snake Plant","floor":29.0,"turns":2.0},{"damage":7.0,"enemies":"Snecko","floor":31.0,"turns":4.0},{"damage":78.0,"enemies":"Automaton","floor":33.0,"turns":7.0},{"damage":37.0,"enemies":"3 Shapes","floor":35.0,"turns":4.0},{"damage":49,"enemies":"Nemesis","floor":41,"turns":7},{"damage":2,"enemies":"3 Darklings","floor":46,"turns":3},{"damage":19,"enemies":"Sphere and 2 Shapes","floor":48,"turns":5},{"damage":95,"enemies":"Donu and Deca","floor":50,"turns":7}],"seed_played":"-8676341179395637082","potions_obtained":[{"floor":4.0,"key":"Explosive Potion"},{"floor":7.0,"key":"FairyPotion"},{"floor":13.0,"key":"Weak Potion"},{"floor":22.0,"key":"PowerPotion"},{"floor":28.0,"key":"Regen Potion"},{"floor":31.0,"key":"LiquidBronze"},{"floor":35.0,"key":"GamblersBrew"},{"floor":48,"key":"SpeedPotion"}],"is_trial":false,"path_per_floor":["M","?","?","M","T","R","M","R","T","E","?","M","M","$","R","B",null,"M","$","?","?","M","R","E","R","T","R","?","M","?","M","R","B",null,"M","$","?","?","?","R","E","R","T","?","T","M","R","M","R"],"character_chosen":"IRONCLAD","items_purchased":["Inflame","Regal Pillow","Armaments","Bag of Marbles","Twin Strike","Apotheosis"],"campfire_rested":3,"item_purchase_floors":[],"current_hp_per_floor":[41,41,41,47,47,47,49,49,49,19,19,27,22,22,61,34,80,71,71,50,35,47,47,33,33,33,33,33,54,54,62,62,27,85,63,63,63,63,53,53,21,62,62,51,51,66,66,64,91,0],"gold":364,"neow_bonus":"","is_prod":false,"is_daily":false,"chose_seed":false,"campfire_upgraded":8,"win_rate":0,"timestamp":1530621493,"path_taken":["M","?","?","?","?","R","M","R","T","E","?","?","?","$","R","BOSS","M","$","?","?","?","R","E","R","T","R","?","?","?","M","R","BOSS","M","$","?","?","?","R","E","R","T","?","?","M","R","M","R","BOSS"],"build_version":"2018-06-28","purchased_purges":1,"victory":false,"max_hp_per_floor":[80,80,80,80,80,80,80,80,80,80,80,80,80,80,80,80,80,80,80,80,85,85,85,85,85,85,85,85,85,85,85,85,85,85,85,85,85,85,85,85,87,87,87,87,87,89,89,91,91,91],"card_choices":[{"not_picked":["Dark Embrace","Berserk"],"picked":"Bludgeon","floor":0.0},{"not_picked":["True Grit","Wild Strike"],"picked":"Entrench","floor":1.0},{"not_picked":["Evolve","Perfected Strike"],"picked":"Headbutt","floor":4.0},{"not_picked":["Pummel","Anger"],"picked":"Cleave","floor":7.0},{"not_picked":["Blood for Blood","Pommel Strike"],"picked":"Thunderclap","floor":10.0},{"not_picked":["Intimidate","True Grit","Burning Pact"],"picked":"SKIP","floor":12.0},{"not_picked":["Sword Boomerang","Rupture"],"picked":"Wild Strike","floor":13.0},{"not_picked":["Double Tap","Impervious"],"picked":"Demon Form","floor":16.0},{"not_picked":["Rupture","Disarm"],"picked":"Seeing Red","floor":18.0},{"not_picked":["Pummel","Thunderclap"],"picked":"Clash+1","floor":20.0},{"not_picked":["Pummel","Shockwave","Twin Strike"],"picked":"SKIP","floor":22.0},{"not_picked":["Reckless Charge","Headbutt"],"picked":"Hemokinesis+1","floor":24.0},{"not_picked":["Warcry","Havoc"],"picked":"Flex+1","floor":29.0},{"not_picked":["Thunderclap+1","Perfected Strike+1"],"picked":"Bloodletting","floor":31.0},{"not_picked":["Brutality","Impervious"],"picked":"Double Tap","floor":33.0},{"not_picked":["Flame Barrier","Ghostly Armor"],"picked":"Combust+1","floor":34.0},{"not_picked":["Burning Pact","Body Slam+1"],"picked":"Dropkick","floor":34.0},{"not_picked":["Twin Strike","Cleave"],"picked":"Heavy Blade","floor":34.0},{"not_picked":["Carnage+1","Twin Strike"],"picked":"Thunderclap","floor":34.0},{"not_picked":["Fire Breathing","Flame Barrier"],"picked":"Spot Weakness","floor":34.0},{"not_picked":["Corruption","Shrug It Off"],"picked":"Rupture+1","floor":35.0},{"not_picked":["Panacea","Madness"],"picked":"Secret Weapon","floor":39.0},{"not_picked":["Good Instincts","Dark Shackles"],"picked":"Apotheosis","floor":39.0},{"not_picked":["Bandage Up","Deep Breath"],"picked":"Enlightenment","floor":39.0},{"not_picked":["Body Slam","Carnage+1","Anger+1"],"picked":"Singing Bowl","floor":41},{"not_picked":["Sword Boomerang","Spot Weakness","Headbutt+1"],"picked":"Singing Bowl","floor":46},{"not_picked":["Warcry+1","Intimidate","Whirlwind"],"picked":"Singing Bowl","floor":48}],"player_experience":243181,"relics_obtained":[{"floor":5.0,"key":"Self Forming Clay"},{"floor":9.0,"key":"Letter Opener"},{"floor":10.0,"key":"Magic Flower"},{"floor":20.0,"key":"Red Mask"},{"floor":24.0,"key":"Oddly Smooth Stone"},{"floor":26.0,"key":"Thread and Needle"},{"floor":41,"key":"Singing Bowl"},{"floor":43,"key":"Ancient Tea Set"},{"floor":45,"key":"Anchor"}],"event_choices":[{"event_name":"Bonfire Elementals","player_choice":"BASIC","floor":2.0,"damage_taken":0.0},{"event_name":"Liars Game","player_choice":"agreed","floor":3.0,"damage_taken":0.0},{"event_name":"The Cleric","player_choice":"Card Removal","floor":11.0,"damage_taken":0.0},{"event_name":"Masked Bandits","player_choice":"Fought over 9 gold","floor":20.0,"damage_taken":0.0},{"event_name":"Forgotten Altar","player_choice":"Shed Blood","floor":21.0,"damage_taken":0.0},{"event_name":"The Lab","player_choice":"Got Potions","floor":28.0,"damage_taken":0.0},{"event_name":"Back to Basics","player_choice":"Simplicity","floor":30.0,"damage_taken":0.0},{"event_name":"Tomb of Lord Red Mask","player_choice":"Wore Mask","floor":37.0,"damage_taken":0.0},{"event_name":"Falling","player_choice":"Removed Attack","floor":38.0,"damage_taken":0.0},{"event_name":"SensoryStone","player_choice":"Memory 3","floor":39.0,"damage_taken":0.0},{"event_name":"Winding Halls","player_choice":"Embrace Madness","floor":44,"damage_taken":0}],"boss_relics":[{"not_picked":["Tiny House","Fusion Hammer"],"picked":"Black Blood"},{"not_picked":["Snecko Eye","Empty Cage"],"picked":"Orrery"}],"items_purged_floors":[],"is_endless":false,"potions_floor_spawned":[4,7,13,22,31,35,48],"killed_by":"Donu and Deca","ascension_level":3}