{"gold_per_floor":[118,193,71,88,88,119,119,151,200,200,215,215,215,235,235,235],"floor_reached":16,"playtime":697,"items_purged":["Strike_R"],"score":219,"play_id":"a25f470d-bf7b-4272-9dcd-2fd7860e0b21","local_time":"20181027195741","is_ascension_mode":true,"campfire_choices":[{"data":"Armaments","floor":7,"key":"SMITH"},{"floor":12,"key":"REST"},{"data":"Flex","floor":15,"key":"SMITH"}],"neow_cost":"NONE","seed_source_timestamp":1511265910045905,"circlet_count":0,"master_deck":["Strike_R","Strike_R","Strike_R","Strike_R","Defend_R","Defend_R","Defend_R","Defend_R","Bash","AscendersBane","Thunderclap","Armaments+1","Flex+1","Double Tap","Whirlwind"],"relics":["Burning Blood","NeowsBlessing","Darkstone Periapt","Regal Pillow","Self Forming Clay","Pen Nib","Golden Idol","Potion Belt"],"potions_floor_usage":[],"damage_taken":[{"damage":0,"enemies":"Small Slimes","floor":1,"turns":1},{"damage":0,"enemies":"2 Louse","floor":4,"turns":1},{"damage":0,"enemies":"3 Sentries","floor":6,"turns":1},{"damage":69,"enemies":"Gremlin Nob","floor":8,"turns":6},{"damage":3,"enemies":"Jaw Worm","floor":11,"turns":4},{"damage":9,"enemies":"Looter","floor":14,"turns":3},{"damage":48,"enemies":"Hexaghost","floor":16,"turns":9}],"seed_played":"1216340309301676346","potions_obtained":[{"floor":4,"key":"Dexterity Potion"},{"floor":6,"key":"Regen Potion"}],"is_trial":false,"path_per_floor":["M","?","$","M","T","E","R","E","T","?","M","R","?","M","R"],"character_chosen":"IRONCLAD","items_purchased":["Armaments"],"campfire_rested":1,"item_purchase_floors":[3],"current_hp_per_floor":[78,67,67,73,73,79,79,16,16,16,19,56,49,46,46,0],"gold":235,"neow_bonus":"THREE_ENEMY_KILL","is_prod":false,"is_daily":false,"chose_seed":false,"campfire_upgraded":2,"win_rate":0,"timestamp":1540663061,"path_taken":["M","?","$","M","?","E","R","E","T","?","?","R","?","?","R","BOSS"],"build_version":"2018-10-25v2","purchased_purges":1,"victory":false,"max_hp_per_floor":[80,80,80,80,80,80,80,80,80,74,74,74,74,74,74,74],"card_choices":[{"not_picked":["Warcry","Armaments"],"picked":"Thunderclap","floor":1},{"not_picked":["Perfected Strike","Headbutt","Flex"],"picked":"SKIP","floor":4},{"not_picked":["Perfected Strike","Headbutt"],"picked":"Flex","floor":4},{"not_picked":["Sword Boomerang","Exhume"],"picked":"Double Tap","floor":6},{"not_picked":["Searing Blow","Thunderclap","Anger"],"picked":"SKIP","floor":8},{"not_picked":["Flex","Brutality"],"picked":"Whirlwind","floor":11},{"not_picked":["Perfected Strike","Feel No Pain","Warcry"],"picked":"SKIP","floor":14}],"player_experience":413660,"relics_obtained":[{"floor":5,"key":"Darkstone Periapt"},{"floor":6,"key":"Regal Pillow"},{"floor":8,"key":"Self Forming Clay"},{"floor":9,"key":"Pen Nib"}],"event_choices":[{"damage_healed":0,"gold_gain":75,"player_choice":"Gather Gold","damage_taken":11,"max_hp_gain":0,"max_hp_loss":0,"event_name":"World of Goop","floor":2,"gold_loss":0},{"damage_healed":0,"gold_gain":0,"player_choice":"Lose Max HP","damage_taken":0,"relics_obtained":["Golden Idol"],"max_hp_gain":0,"max_hp_loss":6,"event_name":"Golden Idol","floor":10,"gold_loss":0},{"damage_healed":0,"gold_gain":0,"player_choice":"Success","damage_taken":7,"relics_obtained":["Potion Belt"],"max_hp_gain":0,"max_hp_loss":0,"event_name":"Scrap Ooze","floor":13,"gold_loss":0}],"is_beta":true,"boss_relics":[],"items_purged_floors":[3],"is_endless":false,"potions_floor_spawned":[4,6,8,11],"killed_by":"Hexaghost","ascension_level":13}