{"gold_per_floor":[109,122,139,139,149,149,1,1,28,38,55,88,88,99,99,199,199,212,232,232,26,42,42,58,89,89,89,89,99,113,113,113,216,216,231,247,58,76,90,118,118,118],"floor_reached":42,"playtime":4006,"items_purged":[],"score":605,"play_id":"cba09aea-8a6e-4253-afe0-4a789087ac37","local_time":"20190109230638","is_ascension_mode":true,"campfire_choices":[{"data":"Leap","floor":6,"key":"SMITH"},{"data":"Fission","floor":8,"key":"SMITH"},{"data":"Zap","floor":13,"key":"SMITH"},{"data":"Conserve Battery","floor":15,"key":"SMITH"},{"data":"Creative AI","floor":23,"key":"SMITH"},{"data":"Buffer","floor":28,"key":"SMITH"},{"data":"Streamline","floor":32,"key":"SMITH"},{"floor":41,"key":"REST"}],"neow_cost":"NONE","seed_source_timestamp":33699770558102,"circlet_count":0,"master_deck":["Strike_B+1","Strike_B+1","Strike_B+1","Defend_B+1","Defend_B+1","Defend_B+1","Zap+1","Dualcast","Fission+1","Leap+1","Gash","Rebound","Cold Snap","Coolheaded","Conserve Battery+1","Buffer+1","Cold Snap+1","Undo","Barrage","Creative AI+1","Gash","Cold Snap","Streamline+1","Gash","Gash","Gash+1","Rainbow","Hologram","Scrape+1","Gash+1","Defragment","Fusion+1"],"relics":["Cracked Core","DataDisk","Omamori","Bag of Preparation","Potion Belt","Nuclear Battery","DollysMirror","Prayer Wheel","Bottled Tornado","Inserter","Matryoshka"],"potions_floor_usage":[18,19,19,24,25,33,33,40,40,42,42,42],"damage_taken":[{"damage":0,"enemies":"Small Slimes","floor":1,"turns":4},{"damage":2,"enemies":"Jaw Worm","floor":2,"turns":4},{"damage":0,"enemies":"2 Louse","floor":3,"turns":2},{"damage":3,"enemies":"Blue Slaver","floor":5,"turns":3},{"damage":0,"enemies":"Looter","floor":10,"turns":2},{"damage":0,"enemies":"3 Louse","floor":11,"turns":3},{"damage":7,"enemies":"Gremlin Nob","floor":12,"turns":3},{"damage":3,"enemies":"Large Slime","floor":14,"turns":6},{"damage":13,"enemies":"The Guardian","floor":16,"turns":15},{"damage":0,"enemies":"Chosen","floor":18,"turns":5},{"damage":0,"enemies":"2 Thieves","floor":19,"turns":2},{"damage":0,"enemies":"Centurion and Healer","floor":22,"turns":8},{"damage":15,"enemies":"Cultist and Chosen","floor":24,"turns":7},{"damage":13,"enemies":"Book of Stabbing","floor":25,"turns":7},{"damage":8,"enemies":"Snake Plant","floor":29,"turns":6},{"damage":0,"enemies":"3 Cultists","floor":30,"turns":6},{"damage":0,"enemies":"Automaton","floor":33,"turns":10},{"damage":25,"enemies":"3 Darklings","floor":35,"turns":7},{"damage":0,"enemies":"3 Shapes","floor":36,"turns":4},{"damage":0,"enemies":"Maw","floor":38,"turns":6},{"damage":0,"enemies":"4 Shapes","floor":39,"turns":6},{"damage":25,"enemies":"Nemesis","floor":40,"turns":7},{"damage":54,"enemies":"Giant Head","floor":42,"turns":8}],"seed_played":"5442415548223401640","potions_obtained":[{"floor":1,"key":"GamblersBrew"},{"floor":2,"key":"Explosive Potion"},{"floor":12,"key":"Explosive Potion"},{"floor":16,"key":"Strength Potion"},{"floor":18,"key":"Fire Potion"},{"floor":19,"key":"Dexterity Potion"},{"floor":24,"key":"SkillPotion"},{"floor":29,"key":"PowerPotion"},{"floor":35,"key":"Energy Potion"},{"floor":38,"key":"Dexterity Potion"}],"is_trial":false,"path_per_floor":["M","M","M","?","M","R","$","R","T","M","M","E","R","M","R","B",null,"M","M","?","$","M","R","M","E","T","?","R","M","M","?","R","B",null,"M","M","$","M","M","E","R","E"],"character_chosen":"DEFECT","items_purchased":["Omamori","DollysMirror","Defragment","PowerPotion","AttackPotion","Block Potion"],"campfire_rested":1,"item_purchase_floors":[7,21,37,37,37,37],"current_hp_per_floor":[75,73,73,66,63,63,63,63,63,63,63,56,56,53,53,40,75,75,75,75,75,75,75,60,47,47,47,47,39,39,39,39,39,75,50,50,50,50,50,25,47,0],"gold":118,"neow_bonus":"ONE_RANDOM_RARE_CARD","is_prod":false,"is_daily":false,"chose_seed":false,"campfire_upgraded":7,"win_rate":0,"timestamp":1547071598,"path_taken":["M","M","M","?","M","R","$","R","T","M","M","E","R","M","R","BOSS","M","M","?","$","M","R","M","E","T","?","R","M","M","?","R","BOSS","M","M","$","M","M","E","R","E"],"build_version":"2019-01-03v4","purchased_purges":0,"victory":false,"max_hp_per_floor":[75,75,75,75,75,75,75,75,75,75,75,75,75,75,75,75,75,75,75,75,75,75,75,75,75,75,75,75,75,75,75,75,75,75,75,75,75,75,75,75,75,75],"card_choices":[{"not_picked":["Aggregate","Sweeping Beam"],"picked":"Leap","floor":1},{"not_picked":["Defragment","Turbo"],"picked":"Gash","floor":2},{"not_picked":["Storm","Beam Cell"],"picked":"Rebound","floor":3},{"not_picked":["Hello World","Barrage"],"picked":"Cold Snap","floor":5},{"not_picked":["Barrage","Redo","Hello World"],"picked":"SKIP","floor":10},{"not_picked":["Doom and Gloom","Reinforced Body"],"picked":"Coolheaded","floor":11},{"not_picked":["Thunder Strike","Ball Lightning","Force Field"],"picked":"SKIP","floor":12},{"not_picked":["Beam Cell","Gash"],"picked":"Conserve Battery","floor":14},{"not_picked":["Fission","Hyperbeam"],"picked":"Buffer","floor":16},{"not_picked":["Go for the Eyes","Leap"],"picked":"Cold Snap+1","floor":18},{"not_picked":["Beam Cell","Leap"],"picked":"Undo","floor":19},{"not_picked":["Steam","Turbo"],"picked":"Cold Snap","floor":22},{"not_picked":["Cold Snap+1","BootSequence"],"picked":"Streamline","floor":24},{"not_picked":["Hologram","Storm"],"picked":"Gash","floor":25},{"not_picked":["Biased Cognition","Capacitor"],"picked":"Gash","floor":29},{"not_picked":["Steam Power+1","Reinforced Body","Leap"],"picked":"SKIP","floor":29},{"not_picked":["Cold Snap","Self Repair"],"picked":"Gash+1","floor":30},{"not_picked":["Compile Driver","Steam","Chaos"],"picked":"SKIP","floor":30},{"not_picked":["Compile Driver","Steam","Chaos"],"picked":"SKIP","floor":30},{"not_picked":["Fission","Core Surge"],"picked":"Rainbow","floor":33},{"not_picked":["Gash+1","Sweeping Beam"],"picked":"Hologram","floor":35},{"not_picked":["FTL","Rip and Tear","Loop+1"],"picked":"SKIP","floor":35},{"not_picked":["Conserve Battery+1","Chaos+1"],"picked":"Scrape+1","floor":36},{"not_picked":["Sweeping Beam","Loop+1"],"picked":"Gash+1","floor":36},{"not_picked":["Thunder Strike","Stack+1"],"picked":"Fusion+1","floor":38},{"not_picked":["Turbo","Coolheaded","Storm+1"],"picked":"SKIP","floor":38},{"not_picked":["Coolheaded","Chill","Conserve Battery+1"],"picked":"SKIP","floor":39},{"not_picked":["Stack","Steam","Reinforced Body"],"picked":"SKIP","floor":39},{"not_picked":["Chaos","Steam Power","Steam+1"],"picked":"SKIP","floor":40}],"player_experience":303517,"relics_obtained":[{"floor":9,"key":"Bag of Preparation"},{"floor":12,"key":"Potion Belt"},{"floor":25,"key":"Prayer Wheel"},{"floor":26,"key":"Bottled Tornado"},{"floor":40,"key":"Matryoshka"}],"event_choices":[{"damage_healed":0,"gold_gain":0,"player_choice":"Success","damage_taken":7,"relics_obtained":["DataDisk"],"max_hp_gain":0,"max_hp_loss":0,"event_name":"Scrap Ooze","floor":4,"gold_loss":0},{"damage_healed":0,"gold_gain":0,"cards_transformed":["Strike_B","Defend_B"],"player_choice":"Became Test Subject","damage_taken":0,"max_hp_gain":0,"max_hp_loss":0,"event_name":"Drug Dealer","floor":20,"gold_loss":0,"cards_obtained":["Barrage","Creative AI"]},{"damage_healed":0,"gold_gain":0,"player_choice":"Simplicity","damage_taken":0,"max_hp_gain":0,"max_hp_loss":0,"event_name":"Back to Basics","floor":27,"gold_loss":0,"cards_upgraded":["Strike_B","Strike_B","Strike_B","Defend_B","Defend_B","Defend_B"]},{"damage_healed":0,"gold_gain":0,"player_choice":"Ignored","damage_taken":0,"max_hp_gain":0,"max_hp_loss":0,"event_name":"Vampires","floor":31,"gold_loss":0}],"is_beta":false,"boss_relics":[{"not_picked":["Eternal Feather","Busted Crown"],"picked":"Nuclear Battery"},{"not_picked":["Orrery","Calling Bell"],"picked":"Inserter"}],"items_purged_floors":[],"is_endless":false,"potions_floor_spawned":[1,2,12,16,18,19,24,29,35,38],"killed_by":"Giant Head","ascension_level":3}