{"gold_per_floor":[218,468,468,486,486,486,549,549,549,573,591,7,20,35,35,164,164,164,34,34,34,34,34,34,34,34,34,34,34,34,34],"floor_reached":31,"playtime":2009,"items_purged":["Regret"],"score":323,"play_id":"4f93d835-49d5-4a39-b2c3-42dfa5b0db62","local_time":"20180706144447","is_ascension_mode":true,"campfire_choices":[{"data":"Spot Weakness","floor":6.0,"key":"SMITH"},{"data":"Heavy Blade","floor":8,"key":"SMITH"},{"data":"Jack Of All Trades","floor":15,"key":"SMITH"},{"data":"Limit Break","floor":23,"key":"SMITH"},{"data":"Heavy Blade","floor":25,"key":"SMITH"}],"neow_cost":"NONE","seed_source_timestamp":0,"circlet_count":0,"master_deck":["Strike_R","Strike_R","Strike_R","Strike_R","Strike_R","Defend_R","Defend_R","Defend_R","Defend_R","Bash","Spot Weakness+1","Heavy Blade+1","Flex","Jack Of All Trades+1","Double Tap","Shrug It Off","Limit Break+1","Shrug It Off","Spot Weakness","Heavy Blade+1","Flame Barrier","Ghostly","Ghostly","Ghostly","Ghostly","Ghostly","Flex","Heavy Blade","Dual Wield"],"special_seed":0,"relics":["Burning Blood","Golden Idol","Tiny Chest","Regal Pillow","Lee\u0027s Waffle","Pen Nib","Ectoplasm","Nilry\u0027s Codex","Centennial Puzzle","Ancient Tea Set"],"potions_floor_usage":[7,11,13,14,18,18,24,24,29],"damage_taken":[{"damage":9.0,"enemies":"Jaw Worm","floor":1.0,"turns":4.0},{"damage":1.0,"enemies":"Cultist","floor":4.0,"turns":3.0},{"damage":24,"enemies":"3 Sentries","floor":7,"turns":6},{"damage":3,"enemies":"2 Louse","floor":10,"turns":2},{"damage":3,"enemies":"Blue Slaver","floor":11,"turns":2},{"damage":11,"enemies":"Gremlin Gang","floor":13,"turns":4},{"damage":2,"enemies":"Red Slaver","floor":14,"turns":2},{"damage":27,"enemies":"Slime Boss","floor":16,"turns":10},{"damage":24,"enemies":"3 Byrds","floor":18,"turns":8},{"damage":0,"enemies":"Spheric Guardian","floor":21,"turns":2},{"damage":34,"enemies":"Chosen and Byrds","floor":22,"turns":5},{"damage":5,"enemies":"Slavers","floor":24,"turns":4},{"damage":18,"enemies":"Snake Plant","floor":28,"turns":5},{"damage":1,"enemies":"Sentry and Sphere","floor":29,"turns":5},{"damage":16,"enemies":"Cultist and Chosen","floor":30,"turns":8},{"damage":18,"enemies":"Centurion and Healer","floor":31,"turns":3}],"seed_played":"3684274679844868093","potions_obtained":[{"floor":3.0,"key":"GamblersBrew"},{"floor":3.0,"key":"Strength Potion"},{"floor":3.0,"key":"SneckoOil"},{"floor":7,"key":"Block Potion"},{"floor":10,"key":"Block Potion"},{"floor":11,"key":"Explosive Potion"},{"floor":13,"key":"SkillPotion"},{"floor":21,"key":"Dexterity Potion"},{"floor":22,"key":"SkillPotion"},{"floor":28,"key":"Explosive Potion"},{"floor":30,"key":"Explosive Potion"}],"is_trial":false,"path_per_floor":["M","?","?","M","?","R","E","R","T","M","M","$","M","M","R","B",null,"M","$","?","M","M","R","E","R","T","?","M","M","M"],"character_chosen":"IRONCLAD","items_purchased":["Lee\u0027s Waffle","Pen Nib","Jack Of All Trades","Double Tap","Limit Break","Shrug It Off"],"campfire_rested":0,"item_purchase_floors":[12,12,12,12,19,19],"current_hp_per_floor":[77,77,77,80,60,60,42,42,42,45,48,87,82,86,86,65,87,69,69,53,59,31,31,32,32,32,32,20,25,15,0],"gold":34,"neow_bonus":"HUNDRED_GOLD","is_prod":false,"is_daily":false,"chose_seed":false,"campfire_upgraded":5,"win_rate":0,"timestamp":1530881087,"path_taken":["M","?","?","?","?","R","E","R","T","M","?","$","?","?","R","BOSS","M","$","?","?","?","R","E","R","T","?","M","M","M","M"],"build_version":"2018-07-05","purchased_purges":1,"victory":false,"max_hp_per_floor":[80,80,80,80,80,80,80,80,80,80,80,87,87,87,87,87,87,87,87,87,87,87,87,87,87,87,43,43,43,43,43],"card_choices":[{"not_picked":["Sword Boomerang","True Grit"],"picked":"Spot Weakness","floor":1.0},{"not_picked":["Uppercut","Anger","Disarm"],"picked":"SKIP","floor":4.0},{"not_picked":["Clash","Thunderclap"],"picked":"Heavy Blade","floor":7},{"not_picked":["Iron Wave","Clash","Clothesline"],"picked":"SKIP","floor":10},{"not_picked":["Anger","Infernal Blade"],"picked":"Flex","floor":11},{"not_picked":["Disarm","Exhume"],"picked":"Shrug It Off","floor":13},{"not_picked":["Anger","Pommel Strike","Clothesline"],"picked":"SKIP","floor":14},{"not_picked":["Perfected Strike","Carnage","Uppercut"],"picked":"SKIP","floor":18},{"not_picked":["Evolve","Iron Wave"],"picked":"Spot Weakness","floor":21},{"not_picked":["Bloodletting","Rupture"],"picked":"Heavy Blade","floor":22},{"not_picked":["Clothesline","Entrench"],"picked":"Flame Barrier","floor":24},{"not_picked":["Warcry+1","Cleave"],"picked":"Flex","floor":28},{"not_picked":["Pommel Strike","Infernal Blade"],"picked":"Heavy Blade","floor":29},{"not_picked":["Flame Barrier","Havoc"],"picked":"Dual Wield","floor":30}],"player_experience":282928,"relics_obtained":[{"floor":7,"key":"Tiny Chest"},{"floor":9,"key":"Regal Pillow"},{"floor":20,"key":"Nilry\u0027s Codex"},{"floor":24,"key":"Centennial Puzzle"},{"floor":26,"key":"Ancient Tea Set"}],"event_choices":[{"event_name":"Golden Shrine","player_choice":"Desecrate","floor":2.0,"damage_taken":0.0},{"event_name":"The Lab","player_choice":"Got Potions","floor":3.0,"damage_taken":0.0},{"event_name":"Golden Idol","player_choice":"Take Damage","floor":5.0,"damage_taken":0.0},{"event_name":"Cursed Tome","player_choice":"Obtained Book","floor":20,"damage_taken":0},{"event_name":"Ghosts","player_choice":"Became a Ghost","floor":27,"damage_taken":0}],"boss_relics":[{"not_picked":["Runic Pyramid","Coffee Dripper"],"picked":"Ectoplasm"}],"items_purged_floors":[12],"is_endless":false,"potions_floor_spawned":[7,10,11,13,21,22,28,30],"killed_by":"Centurion and Healer","ascension_level":3}