{"gold_per_floor":[119,294,294,314,314,339,356,372,372,337,360,360,379,379,379,481,531,550,561,561,573,573],"floor_reached":22,"playtime":848,"items_purged":[],"score":210,"play_id":"ebf65f9a-7624-4cb8-aea7-793f17caa160","local_time":"20190203173043","is_ascension_mode":false,"campfire_choices":[{"floor":12,"key":"REST"},{"data":"Noxious Fumes","floor":15,"key":"SMITH"}],"neow_cost":"NONE","seed_source_timestamp":279387400043107,"circlet_count":0,"master_deck":["Defend_G","Defend_G","Defend_G","Defend_G","Defend_G","Strike_G+1","Strike_G","Strike_G","Strike_G","Strike_G","Survivor","Neutralize","Blur","Prepared","Bane","Glass Knife","Noxious Fumes","Escape Plan","Noxious Fumes+1","Envenom","Well Laid Plans","Setup"],"relics":["Ring of the Snake","NeowsBlessing","Ancient Tea Set","Bird Faced Urn","Singing Bowl","Odd Mushroom","Bottled Tornado","Tiny House","Spirit Poop"],"potions_floor_usage":[11,13,16,22,22,22],"damage_taken":[{"damage":0,"enemies":"Small Slimes","floor":1,"turns":1},{"damage":0,"enemies":"Jaw Worm","floor":4,"turns":1},{"damage":0,"enemies":"Lagavulin","floor":6,"turns":1},{"damage":9,"enemies":"2 Louse","floor":7,"turns":3},{"damage":21,"enemies":"2 Fungi Beasts","floor":8,"turns":4},{"damage":17,"enemies":"The Mushroom Lair","floor":11,"turns":4},{"damage":12,"enemies":"Blue Slaver","floor":13,"turns":3},{"damage":9,"enemies":"Hexaghost","floor":16,"turns":9},{"damage":30,"enemies":"3 Byrds","floor":18,"turns":4},{"damage":30,"enemies":"Shell Parasite","floor":19,"turns":6},{"damage":18,"enemies":"Centurion and Healer","floor":21,"turns":6},{"damage":27,"enemies":"Shelled Parasite and Fungi","floor":22,"turns":4}],"seed_played":"3663954193708616738","potions_obtained":[{"floor":4,"key":"Weak Potion"},{"floor":8,"key":"PowerPotion"},{"floor":11,"key":"SkillPotion"},{"floor":17,"key":"EntropicBrew"},{"floor":18,"key":"Dexterity Potion"}],"is_trial":false,"path_per_floor":["M","?","?","M","T","E","M","M","T","?","?","R","M","T","R","B",null,"M","M","?","M","M"],"character_chosen":"THE_SILENT","items_purchased":[],"campfire_rested":1,"item_purchase_floors":[],"current_hp_per_floor":[70,70,70,70,70,70,61,40,40,57,44,65,55,55,55,50,75,51,31,31,21,0],"gold":573,"neow_bonus":"THREE_ENEMY_KILL","is_prod":false,"is_daily":false,"chose_seed":false,"campfire_upgraded":1,"win_rate":0.0,"timestamp":1549186243,"path_taken":["M","?","?","M","?","E","M","M","T","?","?","R","?","?","R","BOSS","M","M","?","?","M"],"build_version":"2019-01-23","purchased_purges":0,"victory":false,"max_hp_per_floor":[70,70,70,70,70,70,70,70,70,70,70,70,70,70,70,70,75,77,79,79,79,79],"card_choices":[{"not_picked":["Dagger Spray","Blade Dance"],"picked":"Blur","floor":1},{"not_picked":["Blade Dance","Deflect"],"picked":"Prepared","floor":4},{"not_picked":["Dagger Spray","Eviscerate"],"picked":"Bane","floor":6},{"not_picked":["Deadly Poison","Riddle With Holes"],"picked":"Glass Knife","floor":7},{"not_picked":["Riddle With Holes","Deflect"],"picked":"Noxious Fumes","floor":8},{"not_picked":["Sucker Punch","Slice"],"picked":"Escape Plan","floor":11},{"not_picked":["Cloak And Dagger","Masterful Stab"],"picked":"Noxious Fumes","floor":13},{"not_picked":["Phantasmal Killer","Night Terror"],"picked":"Envenom","floor":16},{"not_picked":["Blade Dance","Dagger Spray"],"picked":"Well Laid Plans","floor":17},{"not_picked":["Dagger Spray","Expertise+1","Blur"],"picked":"Singing Bowl","floor":18},{"not_picked":["Eviscerate+1","Flying Knee","PiercingWail"],"picked":"Singing Bowl","floor":19},{"not_picked":["Crippling Poison","Dagger Spray"],"picked":"Setup","floor":21}],"player_experience":174365,"relics_obtained":[{"floor":5,"key":"Ancient Tea Set"},{"floor":6,"key":"Bird Faced Urn"},{"floor":9,"key":"Singing Bowl"},{"floor":11,"key":"Odd Mushroom"},{"floor":14,"key":"Bottled Tornado"}],"event_choices":[{"damage_healed":0,"gold_gain":175,"player_choice":"AGREE","damage_taken":0,"max_hp_gain":0,"max_hp_loss":0,"event_name":"Liars Game","floor":2,"gold_loss":0,"cards_obtained":["Doubt"]},{"damage_healed":0,"gold_gain":0,"player_choice":"Ignored","damage_taken":0,"max_hp_gain":0,"max_hp_loss":0,"event_name":"Shining Light","floor":3,"gold_loss":0},{"damage_healed":17,"gold_gain":0,"player_choice":"Healed","damage_taken":0,"max_hp_gain":0,"max_hp_loss":0,"event_name":"The Cleric","floor":10,"gold_loss":35},{"damage_healed":0,"gold_gain":0,"player_choice":"Fought Mushrooms","damage_taken":0,"max_hp_gain":0,"max_hp_loss":0,"event_name":"Mushrooms","floor":11,"gold_loss":0},{"cards_removed":["Doubt"],"damage_healed":0,"gold_gain":0,"player_choice":"Offered Curse","damage_taken":0,"relics_obtained":["Spirit Poop"],"max_hp_gain":0,"max_hp_loss":0,"event_name":"Bonfire Elementals","floor":20,"gold_loss":0}],"is_beta":false,"boss_relics":[{"not_picked":["Calling Bell","Snecko Eye"],"picked":"Tiny House"}],"items_purged_floors":[],"is_endless":false,"potions_floor_spawned":[4,8,11,18],"killed_by":"Shelled Parasite and Fungi","ascension_level":0}