{"gold_per_floor":[114,131,131,131,151,151,168,168,168,178,207,382,394,147,147,251,251,226,226,226,238,238,252,272,272,272,286,286,297,297,327,327,327],"floor_reached":33,"playtime":1779,"items_purged":["Doubt"],"score":251,"play_id":"90fe1134-7e14-4237-9f95-0250e00ca7b3","local_time":"20190205121622","is_ascension_mode":false,"campfire_choices":[{"data":"Neutralize","floor":6,"key":"SMITH"},{"floor":15,"key":"REST"},{"floor":25,"key":"REST"},{"floor":28,"key":"REST"},{"floor":32,"key":"REST"}],"neow_cost":"NONE","seed_source_timestamp":89642746640351,"circlet_count":0,"master_deck":["Defend_G","Defend_G","Defend_G","Defend_G","Defend_G","Strike_G","Strike_G","Strike_G","Strike_G","Survivor","Neutralize+1","Deep Breath","Dagger Throw","Backflip","Bouncing Flask","Backflip","Flechettes","Blade Dance","Flying Knee","Magnetism","Venomology","Glass Knife","Deadly Poison+1","Bouncing Flask+1","Dash","Blade Dance","Sucker Punch+1","Slice+1","Dagger Throw+1","Choke+1","Cloak And Dagger+1","Flying Knee","Prepared"],"relics":["Ring of the Snake","Paper Crane","Bottled Flame","Dream Catcher","Eternal Feather","Anchor","Bottled Lightning"],"potions_floor_usage":[16,16,16,23,23,23,23,24,27,31,33,33,33],"damage_taken":[{"damage":3,"enemies":"Jaw Worm","floor":1,"turns":8},{"damage":2,"enemies":"2 Louse","floor":2,"turns":2},{"damage":2,"enemies":"Cultist","floor":5,"turns":4},{"damage":6,"enemies":"2 Fungi Beasts","floor":7,"turns":4},{"damage":0,"enemies":"Red Slaver","floor":10,"turns":4},{"damage":21,"enemies":"3 Sentries","floor":11,"turns":10},{"damage":0,"enemies":"Looter","floor":13,"turns":3},{"damage":59,"enemies":"Slime Boss","floor":16,"turns":15},{"damage":15,"enemies":"2 Thieves","floor":18,"turns":5},{"damage":17,"enemies":"Shell Parasite","floor":21,"turns":6},{"damage":14,"enemies":"Sentry and Sphere","floor":23,"turns":6},{"damage":15,"enemies":"Snake Plant","floor":24,"turns":6},{"damage":28,"enemies":"Centurion and Healer","floor":27,"turns":6},{"damage":37,"enemies":"Shelled Parasite and Fungi","floor":29,"turns":8},{"damage":10,"enemies":"Chosen and Byrds","floor":31,"turns":7},{"damage":84,"enemies":"Automaton","floor":33,"turns":6}],"seed_played":"9191966163941261739","potions_obtained":[{"floor":2,"key":"FearPotion"},{"floor":10,"key":"Weak Potion"},{"floor":11,"key":"PowerPotion"},{"floor":21,"key":"LiquidBronze"},{"floor":23,"key":"Energy Potion"},{"floor":27,"key":"LiquidBronze"},{"floor":31,"key":"Regen Potion"}],"is_trial":false,"path_per_floor":["M","M","?","?","M","R","M","?","T","M","E","?","M","$","R","B",null,"M","?","?","M","?","M","M","R","T","M","R","M","$","M","R","B"],"character_chosen":"THE_SILENT","items_purchased":["Magnetism"],"campfire_rested":4,"item_purchase_floors":[14],"current_hp_per_floor":[67,65,65,65,63,63,57,57,57,57,36,36,36,36,57,12,70,55,55,55,38,38,24,9,45,45,17,53,16,16,6,45,0],"gold":327,"neow_bonus":"RANDOM_COLORLESS","is_prod":false,"is_daily":false,"chose_seed":false,"campfire_upgraded":1,"win_rate":0.0,"timestamp":1549340182,"path_taken":["M","M","?","?","?","R","M","?","T","?","E","?","M","?","R","BOSS","M","?","?","M","?","M","M","R","T","?","R","M","$","M","R","BOSS"],"build_version":"2019-01-23","purchased_purges":1,"victory":false,"max_hp_per_floor":[70,70,70,70,70,70,70,70,70,70,70,70,70,70,70,70,70,70,70,70,70,70,70,70,70,70,70,70,70,70,70,70,70],"card_choices":[{"not_picked":["Predator","Sucker Punch"],"picked":"Dagger Throw","floor":1},{"not_picked":["Expertise","Dagger Spray"],"picked":"Backflip","floor":2},{"not_picked":["Slice","Backstab"],"picked":"Bouncing Flask","floor":5},{"not_picked":["Riddle With Holes","Bane"],"picked":"Backflip","floor":7},{"not_picked":["Flying Knee","Bane"],"picked":"Flechettes","floor":10},{"not_picked":["Outmaneuver","Prepared"],"picked":"Blade Dance","floor":11},{"not_picked":["PiercingWail","Calculated Gamble"],"picked":"Flying Knee","floor":13},{"not_picked":["PiercingWail","Reflex"],"picked":"Venomology","floor":15},{"not_picked":["Die Die Die","Venomology"],"picked":"Glass Knife","floor":16},{"not_picked":["Prepared","Outmaneuver"],"picked":"Deadly Poison+1","floor":18},{"not_picked":["PiercingWail","Prepared"],"picked":"Bouncing Flask+1","floor":21},{"not_picked":["Deadly Poison","PiercingWail"],"picked":"Blade Dance","floor":23},{"not_picked":["Dodge and Roll+1","Flying Knee"],"picked":"Sucker Punch+1","floor":24},{"not_picked":["Glass Knife","Backflip+1"],"picked":"Slice+1","floor":25},{"not_picked":["Dagger Spray","Quick Slash"],"picked":"Dagger Throw+1","floor":27},{"not_picked":["Poisoned Stab","Quick Slash"],"picked":"Choke+1","floor":28},{"not_picked":["Heel Hook","Dagger Spray+1"],"picked":"Cloak And Dagger+1","floor":29},{"not_picked":["Dash","Acrobatics"],"picked":"Flying Knee","floor":31},{"not_picked":["Glass Knife","Backstab"],"picked":"Prepared","floor":32}],"player_experience":183587,"relics_obtained":[{"floor":9,"key":"Bottled Flame"},{"floor":11,"key":"Dream Catcher"},{"floor":26,"key":"Bottled Lightning"}],"event_choices":[{"damage_healed":0,"gold_gain":0,"player_choice":"Ignored","damage_taken":0,"max_hp_gain":0,"max_hp_loss":0,"event_name":"Shining Light","floor":3,"gold_loss":0},{"damage_healed":0,"gold_gain":0,"player_choice":"Ignored","damage_taken":0,"max_hp_gain":0,"max_hp_loss":0,"event_name":"NoteForYourself","floor":4,"gold_loss":0},{"damage_healed":0,"gold_gain":0,"player_choice":"Gave Potion","damage_taken":0,"relics_obtained":["Paper Crane"],"max_hp_gain":0,"max_hp_loss":0,"event_name":"WeMeetAgain","floor":8,"gold_loss":0},{"damage_healed":0,"gold_gain":175,"player_choice":"AGREE","damage_taken":0,"max_hp_gain":0,"max_hp_loss":0,"event_name":"Liars Game","floor":12,"gold_loss":0,"cards_obtained":["Doubt"]},{"damage_healed":0,"gold_gain":0,"player_choice":"Ignored","damage_taken":0,"max_hp_gain":0,"max_hp_loss":0,"event_name":"Ghosts","floor":19,"gold_loss":0},{"damage_healed":0,"gold_gain":0,"player_choice":"Opened","damage_taken":0,"relics_obtained":["Anchor"],"max_hp_gain":0,"max_hp_loss":0,"event_name":"The Mausoleum","floor":20,"gold_loss":0},{"damage_healed":0,"gold_gain":0,"cards_transformed":["Strike_G"],"player_choice":"Transformed","damage_taken":0,"max_hp_gain":0,"max_hp_loss":0,"event_name":"Transmorgrifier","floor":22,"gold_loss":0,"cards_obtained":["Dash"]}],"is_beta":false,"boss_relics":[{"not_picked":["Cursed Key","Tiny House"],"picked":"Eternal Feather"}],"items_purged_floors":[14],"is_endless":false,"potions_floor_spawned":[2,10,11,21,23,27,31],"killed_by":"Automaton","ascension_level":0}