{"gold_per_floor":[112,131,56,69,144,172,172,137,160,171,183,183,23,23,23,124,124,138,38,57,0,0,0,12,23,23,34,34,54,54],"floor_reached":30,"playtime":1845,"items_purged":["Strike_B","Strike_B"],"score":244,"play_id":"0dc089fa-84d9-44d8-a3bc-ffd2cccb20d8","local_time":"20190130012705","is_ascension_mode":true,"campfire_choices":[{"data":"White Noise","floor":7,"key":"SMITH"},{"data":"Rainbow","floor":12,"key":"SMITH"},{"data":"Conserve Battery","floor":15,"key":"SMITH"},{"data":"Gash","floor":23,"key":"SMITH"},{"floor":28,"key":"REST"}],"neow_cost":"NONE","seed_source_timestamp":1277426287955300,"circlet_count":0,"master_deck":["Strike_B","Strike_B","Defend_B","Defend_B","Defend_B","Defend_B","Zap","Dualcast","Rainbow+1","Conserve Battery+1","White Noise+1","Melter","Melter","Redo","Sunder","Barrage","Enlightenment","All For One","Conserve Battery","Beam Cell","Reprogram","Conserve Battery","Sweeping Beam","Gash+1","Turbo+1","Chill","Steam","Loop","Gash+1"],"relics":["Cracked Core","Art of War","Blood Vial","Letter Opener","Orrery","Blue Candle","Molten Egg 2"],"potions_floor_usage":[6,25,30],"damage_taken":[{"damage":6,"enemies":"Jaw Worm","floor":1,"turns":3},{"damage":0,"enemies":"2 Louse","floor":2,"turns":2},{"damage":1,"enemies":"Small Slimes","floor":4,"turns":2},{"damage":13,"enemies":"3 Sentries","floor":6,"turns":8},{"damage":3,"enemies":"2 Fungi Beasts","floor":10,"turns":4},{"damage":1,"enemies":"Red Slaver","floor":11,"turns":3},{"damage":57,"enemies":"Hexaghost","floor":16,"turns":10},{"damage":22,"enemies":"Shell Parasite","floor":18,"turns":5},{"damage":13,"enemies":"3 Byrds","floor":20,"turns":3},{"damage":20,"enemies":"Cultist and Chosen","floor":24,"turns":6},{"damage":7,"enemies":"Snake Plant","floor":25,"turns":4},{"damage":20,"enemies":"Chosen and Byrds","floor":27,"turns":8},{"damage":14,"enemies":"Centurion and Healer","floor":29,"turns":6},{"damage":20,"enemies":"Snecko","floor":30,"turns":5}],"seed_played":"-956638701222078105","potions_obtained":[{"floor":2,"key":"EssenceOfSteel"},{"floor":11,"key":"Block Potion"},{"floor":20,"key":"FocusPotion"},{"floor":25,"key":"Weak Potion"},{"floor":27,"key":"SpeedPotion"}],"is_trial":false,"path_per_floor":["M","M","$","M","?","E","R","?","T","M","M","R","$","T","R","B",null,"M","$","M","?","?","R","M","M","T","M","R","M","M"],"character_chosen":"DEFECT","items_purchased":["Melter","Enlightenment"],"campfire_rested":1,"item_purchase_floors":[3,13],"current_hp_per_floor":[69,69,69,68,57,44,44,62,62,61,62,62,62,62,62,7,75,53,53,42,42,42,42,24,19,19,1,23,11,0],"gold":54,"neow_bonus":"ONE_RANDOM_RARE_CARD","is_prod":false,"is_daily":false,"chose_seed":false,"campfire_upgraded":4,"win_rate":0,"timestamp":1548829625,"path_taken":["M","M","$","M","?","E","R","?","T","M","M","R","?","?","R","BOSS","M","$","M","?","?","R","M","M","T","M","R","M","?"],"build_version":"2019-01-23","purchased_purges":2,"victory":false,"max_hp_per_floor":[75,75,75,75,75,75,75,75,75,75,75,75,75,75,75,75,75,75,75,75,75,75,75,75,75,75,75,75,75,75],"card_choices":[{"not_picked":["Hologram","Ball Lightning"],"picked":"Conserve Battery","floor":1},{"not_picked":["Redo","Ball Lightning"],"picked":"White Noise","floor":2},{"not_picked":["Lockon","Undo"],"picked":"Melter","floor":4},{"not_picked":["Cold Snap","Streamline"],"picked":"Redo","floor":6},{"not_picked":["Chill","Compile Driver"],"picked":"Sunder","floor":10},{"not_picked":["Coolheaded","Streamline"],"picked":"Barrage","floor":11},{"not_picked":["Machine Learning","Buffer"],"picked":"All For One","floor":16},{"not_picked":["Storm","Sweeping Beam"],"picked":"Conserve Battery","floor":17},{"not_picked":["Melter","Redo"],"picked":"Beam Cell","floor":17},{"not_picked":["Sweeping Beam","Blizzard"],"picked":"Reprogram","floor":17},{"not_picked":["Ball Lightning","Double Energy"],"picked":"Conserve Battery","floor":17},{"not_picked":["Stack","Barrage"],"picked":"Sweeping Beam","floor":17},{"not_picked":["Redo","Turbo"],"picked":"Gash","floor":18},{"not_picked":["Conserve Battery","Force Field"],"picked":"Turbo+1","floor":20},{"not_picked":["Undo","Go for the Eyes"],"picked":"Chill","floor":24},{"not_picked":["Conserve Battery","Hyperbeam"],"picked":"Steam","floor":25},{"not_picked":["Stack","Rebound+1"],"picked":"Loop","floor":27},{"not_picked":["Cold Snap+1","Coolheaded+1"],"picked":"Gash+1","floor":29}],"player_experience":101530,"relics_obtained":[{"floor":6,"key":"Art of War"},{"floor":9,"key":"Blood Vial"},{"floor":14,"key":"Letter Opener"},{"floor":26,"key":"Molten Egg 2"}],"event_choices":[{"damage_healed":0,"gold_gain":75,"player_choice":"Gather Gold","damage_taken":11,"max_hp_gain":0,"max_hp_loss":0,"event_name":"World of Goop","floor":5,"gold_loss":0},{"damage_healed":18,"gold_gain":0,"player_choice":"Healed","damage_taken":0,"max_hp_gain":0,"max_hp_loss":0,"event_name":"The Cleric","floor":8,"gold_loss":35},{"damage_healed":0,"gold_gain":0,"player_choice":"Paid Fearfully","damage_taken":0,"max_hp_gain":0,"max_hp_loss":0,"event_name":"Masked Bandits","floor":21,"gold_loss":57},{"damage_healed":0,"gold_gain":0,"player_choice":"Gave Potion","damage_taken":0,"relics_obtained":["Blue Candle"],"max_hp_gain":0,"max_hp_loss":0,"event_name":"WeMeetAgain","floor":22,"gold_loss":0}],"is_beta":false,"boss_relics":[{"not_picked":["Inserter","Ectoplasm"],"picked":"Orrery"}],"items_purged_floors":[13,19],"is_endless":false,"potions_floor_spawned":[2,11,20,25,27],"killed_by":"Snecko","ascension_level":1}