{"gold_per_floor":[112,128,139,154,171,171,171,171,171,171,25,43,43,67,67,193,193,216,237,237,96,112,112,12,12,57,57,88,109,109],"floor_reached":30,"playtime":1353,"items_purged":["Injury","Strike_B"],"score":240,"play_id":"65915960-50d9-4978-8af6-907f283de2a3","local_time":"20180627004111","is_ascension_mode":false,"campfire_choices":[{"floor":6,"key":"REST"},{"data":"Dualcast","floor":8,"key":"SMITH"},{"floor":13,"key":"REST"},{"data":"Defragment","floor":15,"key":"SMITH"},{"floor":23,"key":"REST"},{"data":"Rainbow","floor":25,"key":"SMITH"}],"neow_cost":"TEN_PERCENT_HP_LOSS","seed_source_timestamp":16544727900707,"circlet_count":0,"master_deck":["Strike_B","Strike_B","Strike_B","Defend_B","Defend_B","Defend_B","Defend_B","Zap+1","Dualcast+1","Electrodynamics","Hologram","Defragment+1","Rainbow+1","Doom and Gloom+1","Necronomicurse","Loop","Chaos","White Noise"],"relics":["Cracked Core","Singing Bowl","Golden Idol","Bag of Preparation","White Beast Statue","Necronomicon","Strawberry","Oddly Smooth Stone"],"potions_floor_usage":[18,22,28,28,28,30],"damage_taken":[{"damage":4,"enemies":"Cultist","floor":1,"turns":4},{"damage":10,"enemies":"Jaw Worm","floor":2,"turns":4},{"damage":8,"enemies":"2 Louse","floor":3,"turns":2},{"damage":9,"enemies":"2 Fungi Beasts","floor":4,"turns":3},{"damage":13,"enemies":"Gremlin Gang","floor":5,"turns":3},{"damage":10,"enemies":"Looter","floor":12,"turns":3},{"damage":46,"enemies":"Hexaghost","floor":16,"turns":9},{"damage":0,"enemies":"Chosen","floor":18,"turns":3},{"damage":20,"enemies":"2 Thieves","floor":19,"turns":2},{"damage":17,"enemies":"Snake Plant","floor":22,"turns":2},{"damage":32,"enemies":"Gremlin Leader","floor":28,"turns":5},{"damage":0,"enemies":"Centurion and Healer","floor":29,"turns":3},{"damage":28,"enemies":"Chosen and Byrds","floor":30,"turns":5}],"seed_played":"-3527402407195184457","potions_obtained":[{"floor":2,"key":"Strength Potion"},{"floor":4,"key":"Weak Potion"},{"floor":16,"key":"SteroidPotion"},{"floor":18,"key":"Weak Potion"},{"floor":19,"key":"AttackPotion"},{"floor":22,"key":"Fire Potion"},{"floor":28,"key":"Fire Potion"},{"floor":29,"key":"Strength Potion"}],"is_trial":false,"path_per_floor":["M","M","M","M","M","R","?","R","T","?","$","M","R","T","R","B",null,"M","M","?","$","M","R","$","R","T","?","E","M"],"character_chosen":"DEFECT","items_purchased":["Defragment","Loop","Chaos"],"campfire_rested":3,"item_purchase_floors":[11,21,21],"current_hp_per_floor":[64,54,46,37,24,44,44,44,44,44,44,36,57,57,57,11,70,70,52,36,36,21,43,43,43,50,50,20,20,0],"gold":109,"neow_bonus":"THREE_RARE_CARDS","is_prod":false,"is_daily":false,"chose_seed":false,"campfire_upgraded":3,"win_rate":0,"timestamp":1530052871,"path_taken":["M","M","?","?","M","R","?","R","T","?","?","M","R","?","R","BOSS","M","M","?","$","M","R","$","R","T","?","E","?","M"],"build_version":"2018-06-21v2","purchased_purges":2,"victory":false,"max_hp_per_floor":[68,68,68,68,68,68,68,68,68,68,68,70,70,70,70,70,70,70,72,72,72,74,74,74,74,81,81,83,83,83],"card_choices":[{"not_picked":["All For One","Buffer"],"picked":"Electrodynamics","floor":0},{"not_picked":["Sweeping Beam","Recycle"],"picked":"Hologram","floor":1},{"not_picked":["Reinforced Body","BootSequence","Compile Driver"],"picked":"SKIP","floor":2},{"not_picked":["Compile Driver","Force Field","Go for the Eyes"],"picked":"SKIP","floor":3},{"not_picked":["Streamline","Heatsinks","Beam Cell"],"picked":"SKIP","floor":4},{"not_picked":["Turbo","Stack","Beam Cell"],"picked":"SKIP","floor":5},{"not_picked":["Stack","Streamline","Hologram"],"picked":"Singing Bowl","floor":12},{"not_picked":["Multi-Cast","Reboot"],"picked":"Rainbow","floor":16},{"not_picked":["Double Energy","Lockon"],"picked":"Doom and Gloom+1","floor":18},{"not_picked":["Melter","Redo","Steam"],"picked":"Singing Bowl","floor":19},{"not_picked":["Coolheaded","Streamline","Gash+1"],"picked":"Singing Bowl","floor":22},{"not_picked":["All For One","Sweeping Beam","Compile Driver"],"picked":"Singing Bowl","floor":28},{"not_picked":["Ball Lightning","Tempest"],"picked":"White Noise","floor":29}],"player_experience":194159,"relics_obtained":[{"floor":9,"key":"Singing Bowl"},{"floor":14,"key":"Bag of Preparation"},{"floor":20,"key":"Necronomicon"},{"floor":26,"key":"Strawberry"},{"floor":28,"key":"Oddly Smooth Stone"}],"event_choices":[{"event_name":"Living Wall","player_choice":"Grow","floor":7,"damage_taken":0},{"event_name":"Golden Idol","player_choice":"Take Wound","floor":10,"damage_taken":0},{"event_name":"Cursed Tome","player_choice":"Obtained Book","floor":20,"damage_taken":0},{"event_name":"Drug Dealer","player_choice":"Ignored","floor":27,"damage_taken":0}],"boss_relics":[{"not_picked":["Lizard Tail","Snecko Eye"],"picked":"White Beast Statue"}],"items_purged_floors":[11,24],"is_endless":false,"potions_floor_spawned":[2,4,16,18,19,22,28,29],"killed_by":"Chosen and Byrds","ascension_level":0}