{"path_per_floor":["M","M","M","?","M","E","?","M","T","M","R","E","R","M","R","B",null,"M","M","$","T","?","R","E","M","T","$","M","E","M","M","R","B",null,"M","$","M","?","M","E","R","?","T","T","M","R","M","M","R","B"],"character_chosen":"IRONCLAD","items_purchased":["Shrug It Off","Seeing Red","Secret Technique"],"gold_per_floor":[117,136,148,148,162,188,188,206,206,217,217,250,250,263,263,363,363,374,394,193,270,195,195,229,240,266,166,182,212,225,241,241,341,341,360,56,69,69,83,115,115,0,0,0,15,15,30,47,47,47],"floor_reached":51,"campfire_rested":2,"playtime":6186,"current_hp_per_floor":[80,80,80,64,70,61,61,52,52,57,57,30,30,33,57,35,80,80,80,80,90,90,90,66,56,56,56,56,34,40,46,73,79,90,90,90,90,80,78,84,84,84,84,84,86,86,86,88,88,46],"items_purged":["Strike_R","Strike_R","Strike_R"],"gold":47,"play_id":"cf62c177-1ce5-4b6e-824c-0f0280ac953e","is_prod":false,"is_daily":false,"campfire_rituals":0,"campfire_upgraded":6,"is_hardmode":false,"path_taken":["M","M","M","?","M","E","?","M","T","M","R","E","R","M","R","BOSS","M","?","$","?","?","R","E","M","T","$","M","E","?","M","R","BOSS","M","$","M","?","M","E","R","?","T","?","M","R","M","M","R","BOSS"],"build_version":"2018-01-18-PROD4","purchased_purges":3,"victory":true,"master_deck":["Strike_R","Defend_R","Defend_R","Defend_R","Defend_R","Flame Barrier","Second Wind","Sword Boomerang","Battle Trance","Twin Strike","Body Slam","Bash","Body Slam","Body Slam","Shrug It Off","Barricade","Iron Wave","Shrug It Off","Seeing Red","Armaments","Power Through","Juggernaut","Secret Technique","Feel No Pain","Madness","Madness","Offering","Shrug It Off"],"max_hp_per_floor":[80,80,80,80,80,80,80,80,80,80,80,80,80,80,80,80,80,80,80,80,90,90,90,90,90,90,90,90,90,90,90,90,90,90,90,90,90,90,90,90,90,90,90,90,90,90,90,90,90,90],"relics":["Burning Blood","Orichalcum","Dream Catcher","Red Skull","Sozu","Pear","Self Forming Clay","Bag of Preparation","Thread and Needle","Black Star","Kunai","Smiling Mask","Red Mask","Bottled Flame","Shuriken"],"campfire_meditates":0,"card_choices":[{"not_picked":["Cleave","Dual Wield"],"picked":"Second Wind"},{"not_picked":["Twin Strike","Fire Breathing"],"picked":"Sword Boomerang"},{"not_picked":["Rage","Evolve"],"picked":"Battle Trance"},{"not_picked":["Clash","Evolve"],"picked":"Twin Strike"},{"not_picked":["Rupture","Pummel"],"picked":"Body Slam"},{"not_picked":["Immolate","Disarm"],"picked":"Body Slam"},{"not_picked":["Pommel Strike","Feel No Pain"],"picked":"Body Slam"},{"not_picked":["Cleave","Feel No Pain"],"picked":"Shrug It Off"},{"not_picked":["Double Tap","Impervious"],"picked":"Barricade"},{"not_picked":["Seeing Red","Combust"],"picked":"Iron Wave"},{"not_picked":["Perfected Strike","Wild Strike"],"picked":"Armaments"},{"not_picked":["Anger","Cleave"],"picked":"Power Through"},{"not_picked":["Brutality","Immolate"],"picked":"Juggernaut"},{"not_picked":["Shrug It Off","Flex"],"picked":"Feel No Pain"},{"not_picked":["Sword Boomerang","Clothesline"],"picked":"Offering"},{"not_picked":["Heavy Blade","Anger"],"picked":"Shrug It Off"}],"player_experience":51625,"potions_floor_usage":[6,14,16],"damage_taken":[{"damage":5,"enemies":"Small Slimes","floor":1,"turns":6},{"damage":0,"enemies":"Cultist","floor":2,"turns":5},{"damage":6,"enemies":"Jaw Worm","floor":3,"turns":4},{"damage":0,"enemies":"3 Louse","floor":5,"turns":4},{"damage":15,"enemies":"3 Sentries","floor":6,"turns":6},{"damage":15,"enemies":"Exordium Thugs","floor":8,"turns":6},{"damage":1,"enemies":"Gremlin Gang","floor":10,"turns":5},{"damage":33,"enemies":"Lagavulin","floor":12,"turns":10},{"damage":3,"enemies":"Lots of Slimes","floor":14,"turns":3},{"damage":28,"enemies":"The Guardian","floor":16,"turns":10},{"damage":4,"enemies":"Shell Parasite","floor":18,"turns":5},{"damage":2,"enemies":"Spheric Guardian","floor":19,"turns":4},{"damage":30,"enemies":"Slavers","floor":24,"turns":7},{"damage":16,"enemies":"Centurion and Healer","floor":25,"turns":6},{"damage":6,"enemies":"Slaver and Parasite","floor":28,"turns":6},{"damage":28,"enemies":"Book of Stabbing","floor":29,"turns":6},{"damage":0,"enemies":"Chosen and Byrds","floor":30,"turns":6},{"damage":0,"enemies":"Snake Plant","floor":31,"turns":3},{"damage":0,"enemies":"Champ","floor":33,"turns":7},{"damage":0,"enemies":"Orb Walker","floor":35,"turns":4},{"damage":0,"enemies":"3 Shapes","floor":37,"turns":6},{"damage":8,"enemies":"Maw","floor":39,"turns":7},{"damage":0,"enemies":"Giant Head","floor":40,"turns":6},{"damage":4,"enemies":"4 Shapes","floor":45,"turns":8},{"damage":6,"enemies":"Sphere and 2 Shapes","floor":47,"turns":5},{"damage":4,"enemies":"Maw","floor":48,"turns":6},{"damage":48,"enemies":"Awakened One","floor":50,"turns":13}],"event_choices":[{"event_name":"Shining Light","player_choice":"Entered Light","floor":4,"damage_taken":0},{"event_name":"Match and Keep!","player_choice":"1 cards matched","floor":7,"damage_taken":0},{"event_name":"Beggar","player_choice":"Gave Gold","floor":22,"damage_taken":0},{"event_name":"Winding Halls","player_choice":"Embrace Madness","floor":38,"damage_taken":0},{"event_name":"Tomb of Lord Red Mask","player_choice":"Paid","floor":42,"damage_taken":0}],"boss_relics":[{"not_picked":["Snecko Eye","Orrery"],"picked":"Sozu"},{"not_picked":["Philosopher\u0027s Stone","Question Card"],"picked":"Black Star"}],"potions_floor_spawned":[1,3,5,14,16,19,24,29,37,45,47],"seed_played":"-4969473722617721344","is_trial":false}