{"gold_per_floor":[116,116,66,66,81,81,100,134,134,153,167,198,278,278,278,406,406,390,406,406,420,43,43,82,82,105,139,164,164,182,107,107,236,236,254,254,254,379,379,379,712,712,764,776,786,786,800,331,331,331],"floor_reached":51,"playtime":3999,"items_purged":["Strike_R","Strike_R"],"score":852,"play_id":"88c63e5c-9941-4f4f-9793-1231d275a57a","local_time":"20190130170948","is_ascension_mode":true,"campfire_choices":[{"data":"Corruption","floor":6,"key":"SMITH"},{"floor":15,"key":"REST"},{"data":"Armaments","floor":23,"key":"SMITH"},{"floor":32,"key":"REST"},{"data":"Barricade","floor":40,"key":"SMITH"},{"data":"Whirlwind","floor":42,"key":"SMITH"},{"data":"Limit Break","floor":49,"key":"SMITH"}],"neow_cost":"NONE","seed_source_timestamp":15116912614900,"circlet_count":0,"master_deck":["Strike_R","Defend_R","Defend_R","Defend_R","Defend_R","Bash+1","Pommel Strike+1","Corruption+1","Iron Wave+1","Armaments+1","Sentinel","Clothesline","Inflame","Barricade+1","Juggernaut","Carnage","Shrug It Off","Feel No Pain","Cleave","Whirlwind+1","Battle Trance+1","Body Slam+1","Iron Wave+1","Bludgeon","Demon Form","Inflame+1","Madness","Madness","Seeing Red","PanicButton","Uppercut","Spot Weakness+1","Limit Break+1"],"relics":["Burning Blood","Question Card","Strawberry","Self Forming Clay","Lantern","Letter Opener","Velvet Choker","Bird Faced Urn","Bottled Flame","Whetstone","Calipers","Regal Pillow","Snecko Eye","Pocketwatch","Orichalcum","Toxic Egg 2"],"potions_floor_usage":[8,16,16,19,24,27,38,47,50,50,50],"damage_taken":[{"damage":7,"enemies":"Jaw Worm","floor":1,"turns":3},{"damage":2,"enemies":"2 Louse","floor":5,"turns":2},{"damage":0,"enemies":"Small Slimes","floor":7,"turns":3},{"damage":8,"enemies":"Gremlin Nob","floor":8,"turns":3},{"damage":16,"enemies":"Exordium Thugs","floor":10,"turns":5},{"damage":9,"enemies":"Large Slime","floor":11,"turns":7},{"damage":29,"enemies":"3 Sentries","floor":12,"turns":10},{"damage":28,"enemies":"Hexaghost","floor":16,"turns":10},{"damage":30,"enemies":"2 Thieves","floor":18,"turns":4},{"damage":20,"enemies":"Shell Parasite","floor":19,"turns":5},{"damage":5,"enemies":"Snecko","floor":21,"turns":3},{"damage":2,"enemies":"Gremlin Leader","floor":24,"turns":4},{"damage":29,"enemies":"Slavers","floor":27,"turns":6},{"damage":22,"enemies":"Shelled Parasite and Fungi","floor":28,"turns":4},{"damage":12,"enemies":"Cultist and Chosen","floor":30,"turns":7},{"damage":77,"enemies":"Collector","floor":33,"turns":11},{"damage":0,"enemies":"Orb Walker","floor":35,"turns":2},{"damage":22,"enemies":"Mind Bloom Boss Battle","floor":38,"turns":5},{"damage":5,"enemies":"3 Darklings","floor":44,"turns":4},{"damage":13,"enemies":"Spire Growth","floor":45,"turns":4},{"damage":16,"enemies":"Transient","floor":47,"turns":5},{"damage":82,"enemies":"Awakened One","floor":50,"turns":8}],"seed_played":"-6155047712133725230","potions_obtained":[{"floor":1,"key":"AttackPotion"},{"floor":10,"key":"FearPotion"},{"floor":12,"key":"EssenceOfSteel"},{"floor":16,"key":"AttackPotion"},{"floor":18,"key":"Block Potion"},{"floor":19,"key":"Energy Potion"},{"floor":30,"key":"GamblersBrew"},{"floor":35,"key":"Swift Potion"},{"floor":44,"key":"Explosive Potion"},{"floor":47,"key":"Dexterity Potion"}],"is_trial":false,"path_per_floor":["M","?","?","?","M","R","M","E","T","M","M","E","T","?","R","B",null,"M","M","?","M","$","R","E","$","T","E","M","T","M","$","R","B",null,"M","?","?","?","?","R","?","R","T","M","M","?","M","$","R","B",null],"character_chosen":"IRONCLAD","items_purchased":["Whirlwind","Bird Faced Urn","SteroidPotion","Limit Break","Toxic Egg 2"],"campfire_rested":2,"item_purchase_floors":[22,22,48,48,48],"current_hp_per_floor":[79,72,72,72,76,76,80,85,85,75,72,49,49,28,54,32,87,63,49,49,50,50,50,62,62,62,45,31,31,33,33,74,13,87,87,87,76,74,74,74,74,74,74,85,86,86,77,77,77,13],"gold":331,"neow_bonus":"THREE_CARDS","is_prod":false,"is_daily":false,"chose_seed":false,"campfire_upgraded":5,"win_rate":0,"timestamp":1548839388,"path_taken":["M","?","?","?","M","R","?","E","T","M","M","E","?","?","R","BOSS","M","M","?","M","$","R","E","$","T","E","M","?","M","$","R","BOSS","M","?","?","?","?","R","?","R","T","M","?","?","M","$","R","BOSS"],"build_version":"2019-01-23","purchased_purges":2,"victory":true,"max_hp_per_floor":[80,80,80,80,80,80,80,87,87,87,87,87,87,87,87,87,87,87,87,87,87,87,87,87,87,87,87,87,87,87,87,87,87,87,87,87,87,87,87,87,87,87,87,87,87,87,87,87,87,87],"card_choices":[{"not_picked":["Metallicize","Iron Wave"],"picked":"Pommel Strike","floor":0},{"not_picked":["Fire Breathing","Clash"],"picked":"Corruption","floor":1},{"not_picked":["True Grit","Body Slam","Cleave"],"picked":"Iron Wave","floor":5},{"not_picked":["Corruption","Sword Boomerang","Infernal Blade"],"picked":"Armaments","floor":7},{"not_picked":["Heavy Blade","Thunderclap","Sword Boomerang"],"picked":"Sentinel","floor":8},{"not_picked":["Heavy Blade","Blood for Blood","Cleave"],"picked":"Clothesline","floor":10},{"not_picked":["Corruption","Ghostly Armor","Shrug It Off"],"picked":"Inflame","floor":11},{"not_picked":["Pommel Strike","Intimidate","Clash"],"picked":"Barricade","floor":12},{"not_picked":["Dark Embrace","Barricade","Reaper"],"picked":"Juggernaut","floor":16},{"not_picked":["Rage","Rupture","Uppercut"],"picked":"Carnage","floor":18},{"not_picked":["Headbutt+1","Cleave","Burning Pact+1"],"picked":"Shrug It Off","floor":19},{"not_picked":["Sword Boomerang","Headbutt+1","Wild Strike"],"picked":"Cleave","floor":21},{"not_picked":["Reckless Charge","Bludgeon","Twin Strike"],"picked":"Battle Trance+1","floor":24},{"not_picked":["Reckless Charge","Havoc","Sever Soul"],"picked":"Body Slam+1","floor":27},{"not_picked":["Thunderclap+1","Wild Strike+1","Warcry"],"picked":"Iron Wave+1","floor":28},{"not_picked":["Flex","Clash","Pommel Strike"],"picked":"Bludgeon","floor":30},{"not_picked":["Reaper","Exhume","Dark Embrace"],"picked":"Demon Form","floor":33},{"not_picked":["Reckless Charge+1","Havoc","Infernal Blade+1"],"picked":"Inflame+1","floor":35},{"not_picked":["Shrug It Off+1","Rage","Clothesline"],"picked":"Seeing Red","floor":38},{"not_picked":["Magnetism","Sadistic Nature","Impatience"],"picked":"PanicButton","floor":39},{"not_picked":["Warcry+1","Twin Strike+1","Flex"],"picked":"Uppercut","floor":44},{"not_picked":["Dual Wield","Havoc","Sword Boomerang+1","Carnage+1"],"picked":"SKIP","floor":45},{"not_picked":["Clothesline+1","Thunderclap+1","Seeing Red+1"],"picked":"Spot Weakness+1","floor":47}],"player_experience":196346,"relics_obtained":[{"floor":8,"key":"Strawberry"},{"floor":9,"key":"Self Forming Clay"},{"floor":12,"key":"Lantern"},{"floor":13,"key":"Letter Opener"},{"floor":24,"key":"Bottled Flame"},{"floor":26,"key":"Whetstone"},{"floor":27,"key":"Calipers"},{"floor":29,"key":"Regal Pillow"},{"floor":38,"key":"Pocketwatch"},{"floor":43,"key":"Orichalcum"}],"event_choices":[{"damage_healed":0,"gold_gain":0,"player_choice":"Success","damage_taken":7,"relics_obtained":["Question Card"],"max_hp_gain":0,"max_hp_loss":0,"event_name":"Scrap Ooze","floor":2,"gold_loss":0},{"cards_removed":["Strike_R"],"damage_healed":0,"gold_gain":0,"player_choice":"Card Removal","damage_taken":0,"max_hp_gain":0,"max_hp_loss":0,"event_name":"The Cleric","floor":3,"gold_loss":50},{"damage_healed":0,"gold_gain":0,"player_choice":"Upgraded","damage_taken":0,"max_hp_gain":0,"max_hp_loss":0,"event_name":"Upgrade Shrine","floor":4,"gold_loss":0,"cards_upgraded":["Bash"]},{"damage_healed":0,"gold_gain":0,"player_choice":"Take Damage","damage_taken":21,"relics_obtained":["Golden Idol"],"max_hp_gain":0,"max_hp_loss":0,"event_name":"Golden Idol","floor":14,"gold_loss":0},{"damage_healed":0,"gold_gain":0,"player_choice":"Read","damage_taken":0,"max_hp_gain":0,"max_hp_loss":0,"event_name":"The Library","floor":20,"gold_loss":0,"cards_obtained":["Feel No Pain"]},{"damage_healed":0,"gold_gain":0,"player_choice":"Ignored","damage_taken":0,"max_hp_gain":0,"max_hp_loss":0,"event_name":"Tomb of Lord Red Mask","floor":36,"gold_loss":0},{"damage_healed":0,"gold_gain":0,"player_choice":"Embrace Madness","damage_taken":11,"max_hp_gain":0,"max_hp_loss":0,"event_name":"Winding Halls","floor":37,"gold_loss":0,"cards_obtained":["Madness","Madness"]},{"damage_healed":0,"gold_gain":0,"player_choice":"Fight","damage_taken":0,"max_hp_gain":0,"max_hp_loss":0,"event_name":"MindBloom","floor":38,"gold_loss":0},{"damage_healed":0,"gold_gain":0,"player_choice":"Memory 1","damage_taken":0,"max_hp_gain":0,"max_hp_loss":0,"event_name":"SensoryStone","floor":39,"gold_loss":0},{"damage_healed":0,"gold_gain":333,"player_choice":"Gave Idol","damage_taken":0,"max_hp_gain":0,"max_hp_loss":0,"event_name":"The Moai Head","floor":41,"relics_lost":["Golden Idol"],"gold_loss":0},{"cards_removed":["Strike_R"],"damage_healed":0,"gold_gain":0,"player_choice":"Card Removal","damage_taken":0,"max_hp_gain":0,"max_hp_loss":0,"event_name":"Wheel of Change","floor":46,"gold_loss":0}],"is_beta":false,"boss_relics":[{"not_picked":["Tiny House","Philosopher\u0027s Stone"],"picked":"Velvet Choker"},{"not_picked":["Lizard Tail","Eternal Feather"],"picked":"Snecko Eye"}],"items_purged_floors":[31,48],"is_endless":false,"potions_floor_spawned":[1,10,12,16,18,19,30,35,44,47],"ascension_level":4}