{"path_per_floor":["M","M","M","M","M","E","R","M","T","M","M","M","R","T","R","B",null,"M","?","M","$","?","E"],"character_chosen":"THE_SILENT","items_purchased":["Escape Plan","Dash","Accuracy"],"gold_per_floor":[118,132,148,158,168,199,199,217,217,233,249,260,260,260,260,361,361,381,296,312,51,21,54,54],"floor_reached":24,"campfire_rested":2,"playtime":4857,"item_purchase_floors":[21,21,21],"current_hp_per_floor":[70,70,70,70,69,40,61,59,59,59,54,54,54,54,70,32,70,59,59,52,52,52,13,0],"items_purged":["Strike_G"],"gold":54,"score":222,"play_id":"befb1d08-c88f-4137-8452-c75d5ffcaa21","local_time":"20180604183245","is_prod":false,"is_daily":false,"chose_seed":false,"is_ascension_mode":false,"campfire_upgraded":1,"win_rate":0,"timestamp":1528129965,"campfire_choices":[{"floor":7,"key":"REST"},{"data":"Bane","floor":13,"key":"SMITH"},{"floor":15,"key":"REST"}],"path_taken":["M","M","?","M","M","E","R","M","T","M","M","M","R","?","R","BOSS","M","?","M","$","?","E","M"],"build_version":"2018-05-31","seed_source_timestamp":1519319257569,"purchased_purges":1,"victory":false,"master_deck":["Defend_G","Defend_G","Defend_G","Defend_G","Defend_G","Strike_G","Strike_G","Strike_G","Strike_G","Survivor","Neutralize","Dagger Spray","Dodge and Roll","Backstab","Acrobatics","Poisoned Stab","Slice","Dagger Spray","Sucker Punch","Infinite Blades","Bane+1","Bullet Time","Bane","Flying Knee","Escape Plan","Dash","Accuracy","Outmaneuver+1"],"max_hp_per_floor":[70,70,70,70,70,70,70,70,70,70,70,70,70,70,70,70,70,70,70,70,70,70,70,70],"relics":["Ring of the Snake","Oddly Smooth Stone","Mummified Hand","Tingsha","Black Star","Vajra","Centennial Puzzle","Matryoshka"],"card_choices":[{"not_picked":["Bane","Quick Slash"],"picked":"Dagger Spray","floor":1},{"not_picked":["All Out Attack","Accuracy"],"picked":"Dodge and Roll","floor":2},{"not_picked":["Dagger Spray","Quick Slash"],"picked":"Backstab","floor":3},{"not_picked":["Leg Sweep","Bouncing Flask"],"picked":"Acrobatics","floor":4},{"not_picked":["Deadly Poison","Quick Slash"],"picked":"Poisoned Stab","floor":5},{"not_picked":["Deadly Poison","Prepared"],"picked":"Slice","floor":6},{"not_picked":["Noxious Fumes","Calculated Gamble"],"picked":"Dagger Spray","floor":8},{"not_picked":["Reflex","Dodge and Roll"],"picked":"Sucker Punch","floor":10},{"not_picked":["Backflip","Prepared"],"picked":"Infinite Blades","floor":11},{"not_picked":["Poisoned Stab","Skewer"],"picked":"Bane","floor":12},{"not_picked":["Tools of the Trade","Tactician"],"picked":"Bullet Time","floor":16},{"not_picked":["Distraction","Noxious Fumes"],"picked":"Bane","floor":18},{"not_picked":["Backflip","PiercingWail"],"picked":"Flying Knee","floor":20},{"not_picked":["Backstab","Backflip"],"picked":"Outmaneuver+1","floor":23}],"player_experience":158096,"potions_floor_usage":[],"damage_taken":[{"damage":0,"enemies":"Cultist","floor":1,"turns":5},{"damage":0,"enemies":"2 Louse","floor":2,"turns":2},{"damage":0,"enemies":"Small Slimes","floor":3,"turns":4},{"damage":0,"enemies":"3 Louse","floor":4,"turns":3},{"damage":1,"enemies":"Looter","floor":5,"turns":4},{"damage":29,"enemies":"Gremlin Nob","floor":6,"turns":5},{"damage":2,"enemies":"Gremlin Gang","floor":8,"turns":6},{"damage":0,"enemies":"3 Louse","floor":10,"turns":5},{"damage":5,"enemies":"Large Slime","floor":11,"turns":7},{"damage":0,"enemies":"2 Fungi Beasts","floor":12,"turns":3},{"damage":38,"enemies":"Hexaghost","floor":16,"turns":12},{"damage":11,"enemies":"3 Byrds","floor":18,"turns":6},{"damage":7,"enemies":"Chosen","floor":20,"turns":5},{"damage":39,"enemies":"Book of Stabbing","floor":23,"turns":7},{"damage":15,"enemies":"Snecko","floor":24,"turns":4}],"relics_obtained":[{"floor":6,"key":"Oddly Smooth Stone"},{"floor":9,"key":"Mummified Hand"},{"floor":14,"key":"Tingsha"},{"floor":23,"key":"Centennial Puzzle"},{"floor":23,"key":"Matryoshka"}],"event_choices":[{"event_name":"Addict","player_choice":"Obtained Relic","floor":19,"damage_taken":0},{"event_name":"The Woman in Blue","player_choice":"Bought 2 Potions","floor":22,"damage_taken":0}],"boss_relics":[{"not_picked":["Philosopher\u0027s Stone","Sozu"],"picked":"Black Star"}],"items_purged_floors":[21],"potions_floor_spawned":[5,6,11,12,16,23],"seed_played":"6380185810303262158","killed_by":"Snecko","ascension_level":0,"potions_obtained":[{"floor":5,"key":"SkillPotion"},{"floor":6,"key":"Weak Potion"},{"floor":11,"key":"SteroidPotion"},{"floor":12,"key":"LiquidBronze"},{"floor":16,"key":"Energy Potion"},{"floor":22,"key":"GhostInAJar"},{"floor":22,"key":"SmokeBomb"},{"floor":23,"key":"LiquidBronze"}],"is_trial":false}