{"gold_per_floor":[217,217,167,179,196,196,223,223,223,398,423,436,41,61,61,163,163,179,0,0,0,10,36,36],"floor_reached":24,"playtime":963,"items_purged":["Doubt"],"score":302,"play_id":"3b520afd-8034-45a8-be94-0b29836c237d","local_time":"20190129125705","is_ascension_mode":true,"campfire_choices":[{"data":"Whirlwind","floor":6.0,"key":"SMITH"},{"floor":8.0,"key":"REST"},{"data":"Spot Weakness","floor":15.0,"key":"SMITH"}],"neow_cost":"NONE","seed_source_timestamp":0,"circlet_count":0,"master_deck":["Strike_R","Strike_R","Strike_R","Strike_R","Defend_R","Defend_R","Defend_R","Defend_R","Bash","Iron Wave","Clothesline","Whirlwind+1","Pommel Strike","True Grit","Spot Weakness+1","Disarm","Double Tap","Shrug It Off","Bloodletting","Spot Weakness","Shockwave","Shrug It Off"],"special_seed":0,"relics":["Burning Blood","Anchor","Mummified Hand","Blue Candle","Pantograph","Orrery","MutagenicStrength","FossilizedHelix"],"potions_floor_usage":[23,24],"damage_taken":[{"damage":6.0,"enemies":"Cultist","floor":1.0,"turns":3.0},{"damage":5.0,"enemies":"2 Louse","floor":4.0,"turns":4.0},{"damage":2.0,"enemies":"Jaw Worm","floor":5.0,"turns":5.0},{"damage":39.0,"enemies":"Gremlin Nob","floor":7.0,"turns":5.0},{"damage":10.0,"enemies":"3 Sentries","floor":11.0,"turns":3.0},{"damage":0.0,"enemies":"2 Fungi Beasts","floor":12.0,"turns":3.0},{"damage":7.0,"enemies":"Large Slime","floor":14.0,"turns":3.0},{"damage":25.0,"enemies":"Slime Boss","floor":16.0,"turns":7.0},{"damage":23.0,"enemies":"3 Byrds","floor":18.0,"turns":5.0},{"damage":15,"enemies":"Shell Parasite","floor":22,"turns":7},{"damage":43,"enemies":"Slavers","floor":23,"turns":4},{"damage":24,"enemies":"Sentry and Sphere","floor":24,"turns":5}],"seed_played":"9061163979573821371","potions_obtained":[{"floor":5.0,"key":"SpeedPotion"},{"floor":11.0,"key":"LiquidBronze"},{"floor":12.0,"key":"AttackPotion"},{"floor":14.0,"key":"SkillPotion"},{"floor":22,"key":"Regen Potion"}],"is_trial":false,"path_per_floor":["M","?","?","M","M","R","E","R","T","?","E","M","$","M","R","B",null,"M","?","?","?","M","E","M"],"character_chosen":"IRONCLAD","items_purchased":["Disarm","Pantograph"],"campfire_rested":1,"item_purchase_floors":[13,13],"current_hp_per_floor":[72,72,72,73,77,77,44,68,68,68,64,70,70,69,69,61,75,58,58,58,58,49,24,0],"gold":36,"neow_bonus":"HUNDRED_GOLD","is_prod":false,"is_daily":false,"chose_seed":false,"campfire_upgraded":2,"win_rate":0,"timestamp":1548784625,"path_taken":["M","?","?","?","M","R","E","R","T","?","E","M","$","M","R","BOSS","M","?","?","?","M","E","?"],"build_version":"2019-01-23","purchased_purges":1,"victory":false,"max_hp_per_floor":[80,80,80,80,80,80,80,80,80,80,80,80,80,80,80,80,80,80,80,80,80,80,80,80],"card_choices":[{"not_picked":["Thunderclap","Sword Boomerang"],"picked":"Iron Wave","floor":1.0},{"not_picked":["Armaments","Disarm"],"picked":"Clothesline","floor":4.0},{"not_picked":["Clash","Clothesline"],"picked":"Whirlwind","floor":5.0},{"not_picked":["Reckless Charge","Heavy Blade"],"picked":"Pommel Strike","floor":7.0},{"not_picked":["Searing Blow","Havoc"],"picked":"True Grit","floor":11.0},{"not_picked":["Reckless Charge","Rampage"],"picked":"Spot Weakness","floor":12.0},{"not_picked":["Headbutt","Entrench","Reckless Charge"],"picked":"SKIP","floor":14.0},{"not_picked":["Exhume","Barricade"],"picked":"Double Tap","floor":16.0},{"not_picked":["Body Slam","Perfected Strike"],"picked":"Shrug It Off","floor":17.0},{"not_picked":["Rampage","Iron Wave"],"picked":"Bloodletting","floor":17.0},{"not_picked":["Twin Strike","Cleave"],"picked":"Spot Weakness","floor":17.0},{"not_picked":["Uppercut","Heavy Blade"],"picked":"Shockwave","floor":18.0},{"not_picked":["Evolve","Immolate","Spot Weakness"],"picked":"SKIP","floor":22},{"not_picked":["Headbutt","Pommel Strike+1","Body Slam"],"picked":"SKIP","floor":23}],"player_experience":161358,"relics_obtained":[{"floor":7.0,"key":"Anchor"},{"floor":9.0,"key":"Mummified Hand"},{"floor":11.0,"key":"Blue Candle"},{"floor":23,"key":"FossilizedHelix"}],"event_choices":[{"damage_healed":0.0,"max_hp_gain":0.0,"max_hp_loss":0.0,"gold_gain":0.0,"event_name":"Shining Light","player_choice":"Ignored","floor":2.0,"gold_loss":0.0,"damage_taken":0.0},{"cards_removed":["Strike_R"],"damage_healed":0.0,"max_hp_gain":0.0,"max_hp_loss":0.0,"gold_gain":0.0,"event_name":"The Cleric","player_choice":"Card Removal","floor":3.0,"gold_loss":50.0,"damage_taken":0.0},{"damage_healed":0.0,"max_hp_gain":0.0,"max_hp_loss":0.0,"gold_gain":175.0,"event_name":"Liars Game","player_choice":"AGREE","floor":10.0,"gold_loss":0.0,"damage_taken":0.0,"cards_obtained":["Doubt"]},{"damage_healed":0,"gold_gain":0,"player_choice":"Paid Fearfully","damage_taken":0,"max_hp_gain":0,"max_hp_loss":0,"event_name":"Masked Bandits","floor":19,"gold_loss":179},{"damage_healed":0,"gold_gain":0,"player_choice":"Inject Mutagens","damage_taken":0,"relics_obtained":["MutagenicStrength"],"max_hp_gain":0,"max_hp_loss":0,"event_name":"Drug Dealer","floor":20,"gold_loss":0},{"damage_healed":0,"gold_gain":0,"player_choice":"Copied","damage_taken":0,"max_hp_gain":0,"max_hp_loss":0,"event_name":"Duplicator","floor":21,"gold_loss":0,"cards_obtained":["Shrug It Off"]}],"is_beta":false,"boss_relics":[{"not_picked":["Calling Bell","Runic Cube"],"picked":"Orrery"}],"items_purged_floors":[13],"is_endless":false,"potions_floor_spawned":[5,11,12,14,22],"killed_by":"Sentry and Sphere","ascension_level":7}