{"gold_per_floor":[116,391,407,407,195,195,230,12,12,32,32,67,67,115,115,194,194,210,228,31,43,53,53,78,98,98,127,127,227,259,277,277,350,350,370,370,383,483,506,538,553,566,617,646,660,5,5,30,30,30,30],"floor_reached":52,"playtime":5415,"items_purged":["Regret"],"score":2191,"play_id":"8ddacaa7-cf0b-4ca7-924f-6a20857dea27","local_time":"20190124215831","is_ascension_mode":true,"campfire_choices":[{"data":"Dualcast","floor":6.0,"key":"SMITH"},{"floor":11.0,"key":"REST"},{"data":"Conserve Battery","floor":13.0,"key":"SMITH"},{"data":"Doom and Gloom","floor":15.0,"key":"SMITH"},{"floor":23.0,"key":"REST"},{"floor":28.0,"key":"REST"},{"floor":32.0,"key":"REST"},{"data":"Apotheosis","floor":47.0,"key":"SMITH"},{"floor":49.0,"key":"REST"}],"neow_cost":"NONE","seed_source_timestamp":0,"circlet_count":0,"master_deck":["AscendersBane","Strike_B","Strike_B","Strike_B","Strike_B","Defend_B","Defend_B","Defend_B","Defend_B","Zap+1","Dualcast+1","Conserve Battery+1","Chill","Doom and Gloom+1","Seek","Defragment","Echo Form","Chill","Biased Cognition","Go for the Eyes","Redo+1","Loop","Darkness+1","Reinforced Body","Biased Cognition","Conserve Battery","Echo Form","Reinforced Body","Capacitor+1","PanicButton","Redo","White Noise+1","Hologram+1","Darkness","Capacitor","Defragment","Redo","Buffer+1","Redo+1","Apotheosis+1","Aggregate+1","Hologram+1"],"special_seed":0,"relics":["Cracked Core","Tiny Chest","PreservedInsect","Medical Kit","Lantern","Oddly Smooth Stone","Ancient Tea Set","Runic Pyramid","Gremlin Horn","Prayer Wheel","Smiling Mask","Torii","Symbiotic Virus","Nunchaku","Black Star","Mango","DataDisk","Orichalcum","Blood Vial","Dream Catcher","Ginger","Frozen Egg 2","Membership Card","Unceasing Top","Thread and Needle","Incense Burner","Pen Nib"],"potions_floor_usage":[51,51],"damage_taken":[{"damage":7.0,"enemies":"Jaw Worm","floor":1.0,"turns":3.0},{"damage":8.0,"enemies":"Cultist","floor":3.0,"turns":4.0},{"damage":33.0,"enemies":"3 Sentries","floor":7.0,"turns":8.0},{"damage":2.0,"enemies":"Small Slimes","floor":10.0,"turns":4.0},{"damage":7.0,"enemies":"Lagavulin","floor":12.0,"turns":6.0},{"damage":24.0,"enemies":"Hexaghost","floor":16.0,"turns":10.0},{"damage":1.0,"enemies":"2 Thieves","floor":18.0,"turns":3.0},{"damage":3.0,"enemies":"Spheric Guardian","floor":19.0,"turns":4.0},{"damage":8.0,"enemies":"Chosen and Byrds","floor":21.0,"turns":6.0},{"damage":9.0,"enemies":"Centurion and Healer","floor":22.0,"turns":7.0},{"damage":14.0,"enemies":"Slavers","floor":24.0,"turns":5.0},{"damage":2.0,"enemies":"Snecko","floor":25.0,"turns":4.0},{"damage":14.0,"enemies":"Book of Stabbing","floor":27.0,"turns":4.0},{"damage":30.0,"enemies":"Colosseum Slavers","floor":29.0,"turns":3.0},{"damage":9.0,"enemies":"Colosseum Nobs","floor":29.0,"turns":4.0},{"damage":0.0,"enemies":"Gremlin Leader","floor":30.0,"turns":5.0},{"damage":0.0,"enemies":"Cultist and Chosen","floor":31.0,"turns":6.0},{"damage":8.0,"enemies":"Champ","floor":33.0,"turns":7.0},{"damage":0.0,"enemies":"Orb Walker","floor":35.0,"turns":4.0},{"damage":1.0,"enemies":"3 Shapes","floor":37.0,"turns":7.0},{"damage":0.0,"enemies":"Mind Bloom Boss Battle","floor":38.0,"turns":5.0},{"damage":6.0,"enemies":"Nemesis","floor":40.0,"turns":5.0},{"damage":0.0,"enemies":"Maw","floor":41.0,"turns":5.0},{"damage":0.0,"enemies":"Spire Growth","floor":42.0,"turns":6.0},{"damage":11.0,"enemies":"Reptomancer","floor":44.0,"turns":7.0},{"damage":17.0,"enemies":"3 Darklings","floor":45.0,"turns":4.0},{"damage":0.0,"enemies":"Nemesis","floor":48.0,"turns":5.0},{"damage":20,"enemies":"Donu and Deca","floor":50,"turns":9},{"damage":50,"enemies":"Awakened One","floor":51,"turns":7}],"seed_played":"-530266797022120621","potions_obtained":[{"floor":1.0,"key":"Energy Potion"},{"floor":10.0,"key":"Block Potion"},{"floor":12.0,"key":"EssenceOfSteel"},{"floor":16.0,"key":"SteroidPotion"},{"floor":18.0,"key":"SteroidPotion"},{"floor":24.0,"key":"LiquidBronze"},{"floor":25.0,"key":"Ancient Potion"},{"floor":30.0,"key":"Regen Potion"},{"floor":31.0,"key":"FocusPotion"},{"floor":35.0,"key":"Regen Potion"},{"floor":38.0,"key":"Block Potion"},{"floor":44.0,"key":"Regen Potion"}],"is_trial":false,"path_per_floor":["M","?","M","$","$","R","E","$","T","M","R","E","R","T","R","B",null,"M","M","$","M","M","R","E","M","T","E","R","?","E","M","R","B",null,"M","?","M","?","T","E","M","M","T","E","M","$","R","E","R","B","B",null],"character_chosen":"DEFECT","items_purchased":["Tiny Chest","Medical Kit","Echo Form","Chill","Membership Card","Unceasing Top","Apotheosis","Thread and Needle"],"campfire_rested":5,"item_purchase_floors":[5,8,20,20,46,46,46,46],"current_hp_per_floor":[57,57,49,49,49,49,16,16,16,14,35,28,28,28,28,4,54,53,50,50,42,33,54,40,38,38,24,45,6,6,21,42,34,62,62,62,61,75,75,69,71,73,73,64,49,49,49,51,76,58,55],"gold":30,"neow_bonus":"UPGRADE_CARD","is_prod":false,"is_daily":false,"chose_seed":false,"campfire_upgraded":4,"win_rate":0,"timestamp":1548385111,"path_taken":["M","?","?","?","$","R","E","$","T","M","R","E","R","?","R","BOSS","M","M","$","M","M","R","E","M","T","E","R","?","E","M","R","BOSS","BOSS","M","?","M","?","?","E","?","M","T","E","M","$","R","E","R","BOSS","BOSS"],"build_version":"2019-01-23","purchased_purges":1,"victory":true,"max_hp_per_floor":[71,71,71,71,71,71,71,71,71,71,71,71,71,71,71,71,71,71,71,71,71,71,71,71,71,71,71,71,71,71,71,71,71,71,71,71,71,85,85,85,85,85,85,85,85,85,85,85,85,85,85],"card_choices":[{"not_picked":["Static Discharge","Barrage","Ball Lightning"],"picked":"SKIP","floor":1.0},{"not_picked":["Rebound","Redo"],"picked":"Conserve Battery","floor":3.0},{"not_picked":["Coolheaded","Barrage"],"picked":"Chill","floor":7.0},{"not_picked":["Turbo","Beam Cell","Heatsinks"],"picked":"SKIP","floor":10.0},{"not_picked":["Turbo","Beam Cell","Heatsinks"],"picked":"SKIP","floor":10.0},{"not_picked":["Meteor Strike","Aggregate"],"picked":"Doom and Gloom","floor":12.0},{"not_picked":["Fission","All For One"],"picked":"Seek","floor":16.0},{"not_picked":["Conserve Battery","Stack"],"picked":"Defragment","floor":18.0},{"not_picked":["Gash","Turbo","Coolheaded"],"picked":"SKIP","floor":19.0},{"not_picked":["Aggregate","Conserve Battery"],"picked":"Biased Cognition","floor":21.0},{"not_picked":["Ball Lightning","Scrape+1"],"picked":"Go for the Eyes","floor":22.0},{"not_picked":["Glacier","Beam Cell"],"picked":"Redo+1","floor":24.0},{"not_picked":["Undo","Gash"],"picked":"Loop","floor":25.0},{"not_picked":["Static Discharge","Compile Driver"],"picked":"Darkness+1","floor":27.0},{"not_picked":["Gash","Ball Lightning"],"picked":"Reinforced Body","floor":30.0},{"not_picked":["Consume","Genetic Algorithm+1"],"picked":"Biased Cognition","floor":31.0},{"not_picked":["Cold Snap","Consume"],"picked":"Conserve Battery","floor":31.0},{"not_picked":["Buffer","Amplify"],"picked":"Echo Form","floor":33.0},{"not_picked":["Rebound+1","Streamline"],"picked":"Reinforced Body","floor":35.0},{"not_picked":["Blizzard+1","Conserve Battery"],"picked":"Capacitor+1","floor":35.0},{"not_picked":["Blind","Mind Blast"],"picked":"PanicButton","floor":36.0},{"not_picked":["Glacier+1","Force Field"],"picked":"Redo","floor":37.0},{"not_picked":["Coolheaded+1","Ball Lightning+1"],"picked":"White Noise+1","floor":37.0},{"not_picked":["Go for the Eyes","Melter"],"picked":"Hologram+1","floor":38.0},{"not_picked":["Static Discharge","Turbo"],"picked":"Darkness","floor":40.0},{"not_picked":["White Noise","Compile Driver"],"picked":"Capacitor","floor":41.0},{"not_picked":["Barrage+1","Stack"],"picked":"Defragment","floor":41.0},{"not_picked":["Cold Snap+1","Beam Cell"],"picked":"Redo","floor":42.0},{"not_picked":["Rebound+1","Compile Driver","Rainbow"],"picked":"SKIP","floor":42.0},{"not_picked":["Turbo+1","Compile Driver","Lockon"],"picked":"SKIP","floor":44.0},{"not_picked":["Aggregate","Rebound"],"picked":"Buffer+1","floor":45.0},{"not_picked":["Stack","Hologram"],"picked":"Redo+1","floor":45.0},{"not_picked":["Go for the Eyes","Reinforced Body"],"picked":"Aggregate+1","floor":48.0},{"not_picked":["Ball Lightning","Scrape+1"],"picked":"Hologram+1","floor":49.0}],"player_experience":529761,"relics_obtained":[{"floor":7.0,"key":"PreservedInsect"},{"floor":9.0,"key":"Lantern"},{"floor":12.0,"key":"Oddly Smooth Stone"},{"floor":14.0,"key":"Ancient Tea Set"},{"floor":24.0,"key":"Gremlin Horn"},{"floor":26.0,"key":"Prayer Wheel"},{"floor":27.0,"key":"Smiling Mask"},{"floor":29.0,"key":"Torii"},{"floor":29.0,"key":"Symbiotic Virus"},{"floor":30.0,"key":"Nunchaku"},{"floor":38.0,"key":"Mango"},{"floor":39.0,"key":"DataDisk"},{"floor":40.0,"key":"Orichalcum"},{"floor":40.0,"key":"Blood Vial"},{"floor":43.0,"key":"Dream Catcher"},{"floor":44.0,"key":"Ginger"},{"floor":44.0,"key":"Frozen Egg 2"},{"floor":48.0,"key":"Incense Burner"},{"floor":48.0,"key":"Pen Nib"}],"event_choices":[{"damage_healed":0.0,"max_hp_gain":0.0,"max_hp_loss":0.0,"gold_gain":275.0,"event_name":"Golden Shrine","player_choice":"Desecrate","floor":2.0,"gold_loss":0.0,"damage_taken":0.0,"cards_obtained":["Regret"]},{"damage_healed":0.0,"max_hp_gain":0.0,"max_hp_loss":0.0,"gold_gain":0.0,"event_name":"Colosseum","player_choice":"Fight","floor":29.0,"gold_loss":0.0,"damage_taken":0.0},{"damage_healed":0.0,"max_hp_gain":0.0,"max_hp_loss":0.0,"gold_gain":0.0,"event_name":"Colosseum","player_choice":"Fought Nobs","floor":29.0,"gold_loss":0.0,"damage_taken":0.0},{"damage_healed":0.0,"max_hp_gain":0.0,"max_hp_loss":0.0,"gold_gain":0.0,"event_name":"SensoryStone","player_choice":"Memory 1","floor":36.0,"gold_loss":0.0,"damage_taken":0.0},{"damage_healed":0.0,"max_hp_gain":0.0,"max_hp_loss":0.0,"gold_gain":0.0,"event_name":"MindBloom","player_choice":"Fight","floor":38.0,"gold_loss":0.0,"damage_taken":0.0}],"is_beta":false,"boss_relics":[{"not_picked":["Pandora\u0027s Box","Orrery"],"picked":"Runic Pyramid"},{"not_picked":["Lizard Tail","Cursed Key"],"picked":"Black Star"}],"items_purged_floors":[5],"is_endless":false,"potions_floor_spawned":[1,10,12,16,18,24,25,29,30,31,35,38,42,44],"ascension_level":20}