{"gold_per_floor":[114,114,133,18,36,69,84,114,114,114],"floor_reached":10,"playtime":480,"items_purged":["Doubt"],"score":68,"play_id":"f58af8a4-7486-42a4-a9e7-b6337025b31d","local_time":"20190131171533","is_ascension_mode":false,"campfire_choices":[],"neow_cost":"CURSE","seed_source_timestamp":1717341133517885,"circlet_count":0,"master_deck":["Strike_R","Strike_R","Strike_R","Strike_R","Strike_R","Defend_R","Defend_R","Bash","Reaper","Fiend Fire","Sentinel","Clothesline","Corruption","Warcry","Metallicize","Anger"],"relics":["Burning Blood","Golden Idol","Potion Belt","Bronze Scales"],"potions_floor_usage":[6,6],"damage_taken":[{"damage":0,"enemies":"Small Slimes","floor":1,"turns":3},{"damage":5,"enemies":"2 Louse","floor":3,"turns":3},{"damage":11,"enemies":"Jaw Worm","floor":5,"turns":4},{"damage":51,"enemies":"3 Sentries","floor":6,"turns":13},{"damage":10,"enemies":"2 Fungi Beasts","floor":7,"turns":4},{"damage":26,"enemies":"The Mushroom Lair","floor":10,"turns":2}],"seed_played":"1741203220760710972","potions_obtained":[{"floor":3,"key":"SteroidPotion"},{"floor":5,"key":"SteroidPotion"}],"is_trial":false,"path_per_floor":["M","?","M","$","M","E","M","?","T","?"],"character_chosen":"IRONCLAD","items_purchased":["Corruption"],"campfire_rested":0,"item_purchase_floors":[4],"current_hp_per_floor":[80,60,69,69,64,23,19,19,19,0],"gold":114,"neow_bonus":"TRANSFORM_TWO_CARDS","is_prod":false,"is_daily":false,"chose_seed":false,"campfire_upgraded":0,"win_rate":0,"timestamp":1548933333,"path_taken":["M","?","M","$","M","E","M","?","T","?"],"build_version":"2019-01-23","purchased_purges":1,"victory":false,"max_hp_per_floor":[80,80,80,80,80,80,80,80,80,80],"card_choices":[{"not_picked":["Power Through","Searing Blow"],"picked":"Sentinel","floor":1},{"not_picked":["Seeing Red","Intimidate"],"picked":"Clothesline","floor":3},{"not_picked":["Iron Wave","Anger"],"picked":"Warcry","floor":5},{"not_picked":["Sword Boomerang","Infernal Blade"],"picked":"Metallicize","floor":6},{"not_picked":["Cleave","Clothesline"],"picked":"Anger","floor":7}],"player_experience":702577,"relics_obtained":[{"floor":6,"key":"Potion Belt"},{"floor":9,"key":"Bronze Scales"}],"event_choices":[{"damage_healed":0,"gold_gain":0,"player_choice":"Take Damage","damage_taken":20,"relics_obtained":["Golden Idol"],"max_hp_gain":0,"max_hp_loss":0,"event_name":"Golden Idol","floor":2,"gold_loss":0},{"damage_healed":0,"gold_gain":30,"player_choice":"Searched \u00272\u0027 times","damage_taken":0,"max_hp_gain":0,"max_hp_loss":0,"event_name":"Dead Adventurer","floor":8,"gold_loss":0},{"damage_healed":0,"gold_gain":0,"player_choice":"Fought Mushrooms","damage_taken":0,"max_hp_gain":0,"max_hp_loss":0,"event_name":"Mushrooms","floor":10,"gold_loss":0}],"is_beta":false,"boss_relics":[],"items_purged_floors":[4],"is_endless":false,"potions_floor_spawned":[3,5],"killed_by":"The Mushroom Lair","ascension_level":0}