{"gold_per_floor":[116,116,15,26,45,45,60,60,60,60,60,77,92,92,92,195,195,210,224,224,5,5,5],"floor_reached":23,"playtime":5698,"items_purged":["Defend_G"],"score":190,"play_id":"feb049c5-0685-49d4-80ca-374d0ca2ad92","local_time":"20180923214642","is_ascension_mode":true,"campfire_choices":[{"data":"All Out Attack","floor":6,"key":"SMITH"},{"data":"Skewer","floor":8,"key":"SMITH"},{"data":"Deadly Poison","floor":15,"key":"SMITH"}],"neow_cost":"NONE","seed_source_timestamp":30550289187848,"circlet_count":0,"master_deck":["Survivor","Neutralize","All Out Attack+1","Flying Knee+1","Escape Plan","Dodge and Roll","Skewer+1","Parasite","Infinite Blades","Deadly Poison+1","Unload","Distraction","Deadly Poison","Dagger Spray","Blade Dance","Backflip","Poisoned Stab","Underhanded Strike","Blur","Flying Knee","Impatience","Noxious Fumes","Cloak And Dagger"],"relics":["Ring of the Snake","Bronze Scales","Pandora\u0027s Box"],"potions_floor_usage":[16,16,23],"damage_taken":[{"damage":2,"enemies":"Small Slimes","floor":1,"turns":6},{"damage":1,"enemies":"2 Louse","floor":4,"turns":2},{"damage":0,"enemies":"Cultist","floor":5,"turns":3},{"damage":0,"enemies":"Exordium Wildlife","floor":7,"turns":3},{"damage":0,"enemies":"3 Louse","floor":12,"turns":1},{"damage":3,"enemies":"Looter","floor":13,"turns":4},{"damage":45,"enemies":"The Guardian","floor":16,"turns":11},{"damage":0,"enemies":"Chosen","floor":18,"turns":4},{"damage":22,"enemies":"2 Thieves","floor":19,"turns":4},{"damage":49,"enemies":"Book of Stabbing","floor":23,"turns":5}],"seed_played":"-7684217193734782432","potions_obtained":[{"floor":0,"key":"SkillPotion"},{"floor":0,"key":"EntropicBrew"},{"floor":0,"key":"GamblersBrew"},{"floor":1,"key":"Weak Potion"},{"floor":5,"key":"Dexterity Potion"},{"floor":13,"key":"Ancient Potion"},{"floor":19,"key":"Poison Potion"}],"is_trial":false,"path_per_floor":["M","?","$","M","M","R","M","R","T","?","?","M","M","?","R","B",null,"M","M","?","$","?"],"character_chosen":"THE_SILENT","items_purchased":["Flying Knee","Impatience","Noxious Fumes","Cloak And Dagger"],"campfire_rested":0,"item_purchase_floors":[3,21,21,21],"current_hp_per_floor":[68,61,61,60,60,60,60,60,60,60,70,70,67,67,67,22,70,70,48,48,48,48,0],"gold":5,"neow_bonus":"THREE_SMALL_POTIONS","is_prod":false,"is_daily":false,"chose_seed":false,"campfire_upgraded":3,"win_rate":0,"timestamp":1537732002,"path_taken":["M","?","$","M","M","R","M","R","T","?","?","?","M","?","R","BOSS","M","M","?","?","?","E"],"build_version":"2018-09-20","purchased_purges":1,"victory":false,"max_hp_per_floor":[70,70,70,70,70,70,70,70,70,70,70,70,70,70,70,70,70,70,70,70,70,70,70],"card_choices":[{"not_picked":["Eviscerate","PiercingWail"],"picked":"All Out Attack","floor":1},{"not_picked":["Choke","Masterful Stab"],"picked":"Escape Plan","floor":4},{"not_picked":["Slice","Distraction"],"picked":"Dodge and Roll","floor":5},{"not_picked":["Expertise","Underhanded Strike"],"picked":"Skewer","floor":7},{"not_picked":["Tools of the Trade","Skewer"],"picked":"Infinite Blades","floor":12},{"not_picked":["Expertise","Predator"],"picked":"Deadly Poison","floor":13},{"not_picked":["Glass Knife","Venomology"],"picked":"Unload","floor":16},{"not_picked":["Slice","Riddle With Holes","Heel Hook"],"picked":"SKIP","floor":18},{"not_picked":["Quick Slash","Heel Hook"],"picked":"Blur","floor":19}],"player_experience":290302,"relics_obtained":[{"floor":9,"key":"Bronze Scales"}],"event_choices":[{"event_name":"Golden Wing","player_choice":"Card Removal","floor":2,"damage_taken":0},{"event_name":"Liars Game","player_choice":"disagreed","floor":10,"damage_taken":0},{"event_name":"Mushrooms","player_choice":"Healed and dodged fight","floor":11,"damage_taken":0},{"event_name":"Accursed Blacksmith","player_choice":"Forge","floor":14,"damage_taken":0},{"event_name":"Transmorgrifier","player_choice":"Transform","floor":20,"damage_taken":0},{"event_name":"Vampires","player_choice":"Ignored","floor":22,"damage_taken":0}],"is_beta":false,"boss_relics":[{"not_picked":["Fusion Hammer","Calling Bell"],"picked":"Pandora\u0027s Box"}],"items_purged_floors":[3],"is_endless":false,"potions_floor_spawned":[1,5,13,19],"killed_by":"Book of Stabbing","ascension_level":1}