{"gold_per_floor":[360,360,10,30,44,70,70,102,102,121,121,121],"floor_reached":12,"playtime":580,"items_purged":["Pain"],"score":128,"play_id":"30061e61-ca29-4eb3-9f52-337480df5538","local_time":"20190128165602","is_ascension_mode":true,"campfire_choices":[{"floor":7,"key":"REST"},{"floor":11,"key":"REST"}],"neow_cost":"CURSE","seed_source_timestamp":1456868344056155,"circlet_count":0,"master_deck":["Strike_B","Strike_B","Strike_B","Strike_B","Defend_B","Defend_B","Defend_B","Defend_B","Zap","Dualcast","Compile Driver","Self Repair","Sweeping Beam","Glacier","Chill","Streamline"],"relics":["Cracked Core","CultistMask","OrangePellets","Shovel","Darkstone Periapt","Incense Burner"],"potions_floor_usage":[6,6],"damage_taken":[{"damage":12,"enemies":"Jaw Worm","floor":1,"turns":3},{"damage":1,"enemies":"Cultist","floor":4,"turns":3},{"damage":12,"enemies":"Small Slimes","floor":5,"turns":2},{"damage":33,"enemies":"Gremlin Nob","floor":6,"turns":5},{"damage":38,"enemies":"3 Sentries","floor":8,"turns":12},{"damage":8,"enemies":"2 Fungi Beasts","floor":10,"turns":5},{"damage":33,"enemies":"Lagavulin","floor":12,"turns":5}],"seed_played":"883597259105427724","potions_obtained":[{"floor":4,"key":"Dexterity Potion"},{"floor":5,"key":"SpeedPotion"},{"floor":8,"key":"AttackPotion"}],"is_trial":false,"path_per_floor":["M","?","$","M","M","E","R","E","T","M","R","E"],"character_chosen":"DEFECT","items_purchased":["OrangePellets","Self Repair"],"campfire_rested":2,"item_purchase_floors":[3,3],"current_hp_per_floor":[56,56,56,62,50,24,46,15,15,7,29,0],"gold":121,"neow_bonus":"TWO_FIFTY_GOLD","is_prod":false,"is_daily":false,"chose_seed":false,"campfire_upgraded":0,"win_rate":0,"timestamp":1548672962,"path_taken":["M","?","$","M","?","E","R","E","T","M","R","E"],"build_version":"2019-01-23","purchased_purges":1,"victory":false,"max_hp_per_floor":[75,75,75,75,75,75,75,75,75,75,75,75],"card_choices":[{"not_picked":["Turbo","Beam Cell"],"picked":"Compile Driver","floor":1},{"not_picked":["Aggregate","Hello World","Hologram"],"picked":"SKIP","floor":4},{"not_picked":["Aggregate","Hello World","Hologram"],"picked":"SKIP","floor":4},{"not_picked":["Turbo","Coolheaded"],"picked":"Sweeping Beam","floor":5},{"not_picked":["Double Energy","Coolheaded"],"picked":"Glacier","floor":6},{"not_picked":["Redo","Sunder"],"picked":"Chill","floor":8},{"not_picked":["Reprogram","Force Field"],"picked":"Streamline","floor":10}],"player_experience":678192,"relics_obtained":[{"floor":6,"key":"Shovel"},{"floor":8,"key":"Darkstone Periapt"},{"floor":9,"key":"Incense Burner"}],"event_choices":[{"damage_healed":0,"gold_gain":0,"player_choice":"Trade","damage_taken":0,"relics_obtained":["CultistMask"],"max_hp_gain":0,"max_hp_loss":0,"event_name":"FaceTrader","floor":2,"gold_loss":0}],"is_beta":false,"boss_relics":[],"items_purged_floors":[3],"is_endless":false,"potions_floor_spawned":[4,5,8],"killed_by":"Lagavulin","ascension_level":9}