{"gold_per_floor":[111,111,111,111,128,128,145,145,145,145,220,220,39,56,56,159,159,169,187,197,197,197,197,104,124,124,39,57,57,76,94,94,194,194,210,210,221,221,221,255,270,270,315,328,342,54,54,68,68,68],"floor_reached":51,"playtime":1820,"items_purged":["Defend_B"],"score":769,"play_id":"23e023af-480b-4e34-ba1b-cb69fa620311","local_time":"20190203162822","is_ascension_mode":false,"campfire_choices":[{"data":"Zap","floor":6.0,"key":"SMITH"},{"data":"Dualcast","floor":8.0,"key":"SMITH"},{"data":"1","floor":10.0,"key":"LIFT"},{"data":"2","floor":12.0,"key":"LIFT"},{"data":"3","floor":15.0,"key":"LIFT"},{"data":"Tempest","floor":23.0,"key":"SMITH"},{"data":"Tempest","floor":29.0,"key":"SMITH"},{"data":"Seek","floor":32.0,"key":"SMITH"},{"data":"Beam Cell","floor":47,"key":"SMITH"},{"data":"Beam Cell","floor":49,"key":"SMITH"}],"neow_cost":"CURSE","seed_source_timestamp":6294956242489,"circlet_count":0,"master_deck":["Strike_B","Strike_B","Strike_B","Strike_B","Defend_B","Defend_B+1","Zap+1","Dualcast+1","Finesse","Dark Shackles","Conserve Battery+1","Conserve Battery","FTL","FTL","Seek+1","Conserve Battery+1","Ball Lightning","Tempest+1","Ghostly","Ghostly","Ghostly","Ghostly","Ghostly","Tempest+1","Ball Lightning","Self Repair","Leap+1","White Noise+1","Biased Cognition+1","All For One","Storm+1","Hello World+1","Sadistic Nature+1","Beam Cell+1","Force Field+1","Conserve Battery","FTL","Beam Cell+1"],"special_seed":0,"relics":["Cracked Core","Orichalcum","Girya","Philosopher\u0027s Stone","Dead Branch","Frozen Egg 2","Sozu","Nunchaku","DataDisk","Shuriken"],"potions_floor_usage":[50,50,50],"damage_taken":[{"damage":4.0,"enemies":"Small Slimes","floor":1.0,"turns":3.0},{"damage":0.0,"enemies":"Cultist","floor":5.0,"turns":4.0},{"damage":0.0,"enemies":"Jaw Worm","floor":7.0,"turns":3.0},{"damage":0.0,"enemies":"Blue Slaver","floor":14.0,"turns":3.0},{"damage":6.0,"enemies":"Slime Boss","floor":16.0,"turns":8.0},{"damage":0.0,"enemies":"3 Byrds","floor":18.0,"turns":4.0},{"damage":1.0,"enemies":"2 Thieves","floor":19.0,"turns":4.0},{"damage":0.0,"enemies":"Cultist and Chosen","floor":20.0,"turns":5.0},{"damage":0.0,"enemies":"Chosen and Byrds","floor":25.0,"turns":5.0},{"damage":0.0,"enemies":"Snake Plant","floor":28.0,"turns":3.0},{"damage":0.0,"enemies":"Snecko","floor":30.0,"turns":3.0},{"damage":0.0,"enemies":"Shelled Parasite and Fungi","floor":31.0,"turns":5.0},{"damage":10,"enemies":"Automaton","floor":33,"turns":11},{"damage":0,"enemies":"Orb Walker","floor":35,"turns":2},{"damage":0,"enemies":"3 Shapes","floor":37,"turns":3},{"damage":0,"enemies":"Reptomancer","floor":40,"turns":4},{"damage":0,"enemies":"Spire Growth","floor":41,"turns":3},{"damage":0,"enemies":"4 Shapes","floor":44,"turns":3},{"damage":0,"enemies":"Writhing Mass","floor":45,"turns":3},{"damage":0,"enemies":"Maw","floor":48,"turns":5},{"damage":28,"enemies":"Awakened One","floor":50,"turns":8}],"seed_played":"-8719358940677702181","potions_obtained":[{"floor":5.0,"key":"FocusPotion"},{"floor":16.0,"key":"Explosive Potion"},{"floor":18.0,"key":"Swift Potion"},{"floor":20.0,"key":"GamblersBrew"},{"floor":30.0,"key":"Ancient Potion"},{"floor":31.0,"key":"Dexterity Potion"},{"floor":33,"key":"Regen Potion"}],"is_trial":false,"path_per_floor":["M","?","?","?","M","R","M","R","T","R","?","R","$","M","R","B",null,"M","M","M","?","?","R","$","M","T","?","M","R","M","M","R","B",null,"M","?","M","?","?","E","M","?","T","M","M","$","R","M","R","B",null],"character_chosen":"DEFECT","items_purchased":["Conserve Battery","FTL","Ball Lightning","Self Repair","Shuriken","FTL"],"campfire_rested":0,"item_purchase_floors":[13,13,24,24,46,46],"current_hp_per_floor":[71,56,56,56,56,56,56,56,56,56,45,45,45,45,45,39,75,75,74,74,37,37,37,37,37,37,37,37,37,37,37,37,34,37,37,35,35,35,35,35,35,35,35,35,35,35,35,35,35,29],"gold":68,"neow_bonus":"RANDOM_COLORLESS_2","is_prod":false,"is_daily":false,"chose_seed":false,"campfire_upgraded":7,"win_rate":0,"timestamp":1549232902,"path_taken":["M","?","?","?","?","R","M","R","T","R","?","R","$","M","R","BOSS","M","M","M","?","?","R","$","?","T","?","M","R","M","M","R","BOSS","M","?","M","?","?","E","M","?","T","M","M","$","R","M","R","BOSS"],"build_version":"2019-01-23","purchased_purges":1,"victory":true,"max_hp_per_floor":[75,75,75,75,75,75,75,75,75,75,75,75,75,75,75,75,75,75,75,75,37,37,37,37,37,37,37,37,37,37,37,37,37,37,37,35,35,35,35,35,35,35,35,35,35,35,35,35,35,35],"card_choices":[{"not_picked":["Chill","Coolheaded"],"picked":"Conserve Battery","floor":1.0},{"not_picked":["Redo","Sweeping Beam","Static Discharge"],"picked":"SKIP","floor":5.0},{"not_picked":["Redo","Sweeping Beam","Static Discharge"],"picked":"SKIP","floor":5.0},{"not_picked":["Gash","Steam Power","Redo"],"picked":"SKIP","floor":7.0},{"not_picked":["Barrage","Rainbow"],"picked":"FTL","floor":14.0},{"not_picked":["Multi-Cast","Rainbow"],"picked":"Seek","floor":16.0},{"not_picked":["Compile Driver","Barrage+1"],"picked":"Conserve Battery+1","floor":18.0},{"not_picked":["Gash","Sweeping Beam"],"picked":"Ball Lightning","floor":19.0},{"not_picked":["Gash+1","Hologram"],"picked":"Tempest","floor":20.0},{"not_picked":["Auto Shields+1","Sweeping Beam"],"picked":"Leap+1","floor":25.0},{"not_picked":["Redo","Coolheaded","Streamline"],"picked":"SKIP","floor":28.0},{"not_picked":["Compile Driver+1","Sunder"],"picked":"White Noise+1","floor":30.0},{"not_picked":["Force Field","Barrage"],"picked":"Biased Cognition+1","floor":31.0},{"not_picked":["Meteor Strike","Rainbow"],"picked":"All For One","floor":33},{"not_picked":["Blizzard","Barrage+1"],"picked":"Storm+1","floor":35},{"not_picked":["Steam+1","Turbo"],"picked":"Hello World+1","floor":37},{"not_picked":["Forethought","Enlightenment"],"picked":"Sadistic Nature+1","floor":38},{"not_picked":["Double Energy","Sweeping Beam","Hologram"],"picked":"SKIP","floor":40},{"not_picked":["Hologram","Barrage+1"],"picked":"Beam Cell","floor":41},{"not_picked":["Sweeping Beam","Redo+1"],"picked":"Force Field+1","floor":44},{"not_picked":["Blizzard","Stack+1"],"picked":"Conserve Battery","floor":45},{"not_picked":["Leap+1","Scrape+1"],"picked":"Beam Cell","floor":48}],"player_experience":716601,"relics_obtained":[{"floor":4.0,"key":"Orichalcum"},{"floor":9.0,"key":"Girya"},{"floor":26.0,"key":"Dead Branch"},{"floor":40,"key":"Nunchaku"},{"floor":43,"key":"DataDisk"}],"event_choices":[{"damage_healed":0.0,"max_hp_gain":0.0,"max_hp_loss":0.0,"gold_gain":0.0,"event_name":"Shining Light","player_choice":"Entered Light","floor":2.0,"gold_loss":0.0,"damage_taken":15.0,"cards_upgraded":["Conserve Battery","Defend_B"]},{"cards_removed":["Pain"],"damage_healed":0.0,"max_hp_gain":0.0,"max_hp_loss":0.0,"gold_gain":0.0,"event_name":"Living Wall","player_choice":"Forget","floor":3.0,"gold_loss":0.0,"damage_taken":0.0},{"damage_healed":0.0,"max_hp_gain":0.0,"max_hp_loss":0.0,"gold_gain":0.0,"event_name":"Wheel of Change","player_choice":"Relic","floor":4.0,"gold_loss":0.0,"damage_taken":0.0},{"damage_healed":0.0,"max_hp_gain":0.0,"max_hp_loss":0.0,"gold_gain":75.0,"event_name":"World of Goop","player_choice":"Gather Gold","floor":11.0,"gold_loss":0.0,"damage_taken":11.0},{"damage_healed":0.0,"max_hp_gain":0.0,"max_hp_loss":38.0,"gold_gain":0.0,"event_name":"Ghosts","player_choice":"Became a Ghost","floor":21.0,"gold_loss":0.0,"damage_taken":0.0,"cards_obtained":["Ghostly","Ghostly","Ghostly","Ghostly","Ghostly"]},{"damage_healed":0.0,"max_hp_gain":0.0,"max_hp_loss":0.0,"gold_gain":0.0,"event_name":"Duplicator","player_choice":"Copied","floor":22.0,"gold_loss":0.0,"damage_taken":0.0,"cards_obtained":["Tempest"]},{"damage_healed":0.0,"max_hp_gain":0.0,"max_hp_loss":0.0,"gold_gain":0.0,"event_name":"Addict","player_choice":"Obtained Relic","floor":27.0,"gold_loss":85.0,"damage_taken":0.0,"relics_obtained":["Frozen Egg 2"]},{"damage_healed":0,"gold_gain":0,"player_choice":"Max HP","damage_taken":0,"max_hp_gain":0,"max_hp_loss":2,"event_name":"Winding Halls","floor":36,"gold_loss":0},{"damage_healed":0,"gold_gain":0,"player_choice":"Memory 1","damage_taken":0,"max_hp_gain":0,"max_hp_loss":0,"event_name":"SensoryStone","floor":38,"gold_loss":0},{"damage_healed":0,"gold_gain":0,"player_choice":"Ignored","damage_taken":0,"max_hp_gain":0,"max_hp_loss":0,"event_name":"Tomb of Lord Red Mask","floor":39,"gold_loss":0},{"cards_removed":["Defend_B"],"damage_healed":0,"gold_gain":0,"player_choice":"Removed Skill","damage_taken":0,"max_hp_gain":0,"max_hp_loss":0,"event_name":"Falling","floor":42,"gold_loss":0}],"is_beta":false,"boss_relics":[{"not_picked":["FrozenCore","Coffee Dripper"],"picked":"Philosopher\u0027s Stone"},{"not_picked":["Inserter","Lizard Tail"],"picked":"Sozu"}],"items_purged_floors":[13],"is_endless":false,"potions_floor_spawned":[5,16,18,20,30,31,33,35,41,44],"ascension_level":0}