{"gold_per_floor":[109,31,47,47,67,67,86,86,136,136,136,136,154,21,21,97,97,110,110,128,148,198,198,198],"floor_reached":24,"playtime":1064,"items_purged":[],"score":353,"play_id":"e90b7f42-9bd2-49f3-9768-85fce50f55dc","local_time":"20190205101031","is_ascension_mode":true,"campfire_choices":[{"data":"Entrench","floor":6,"key":"SMITH"},{"data":"Juggernaut","floor":8,"key":"SMITH"},{"data":"Shrug It Off","floor":10,"key":"SMITH"},{"data":"Feel No Pain","floor":15,"key":"SMITH"},{"data":"Dark Embrace","floor":23,"key":"SMITH"}],"neow_cost":"NONE","seed_source_timestamp":1462885504435838,"circlet_count":0,"master_deck":["AscendersBane","Strike_R","Strike_R","Strike_R","Strike_R","Strike_R","Defend_R","Defend_R+1","Defend_R+1","Defend_R","Bash","Juggernaut+1","Cleave","Entrench+1","Shrug It Off+1","Headbutt","Good Instincts","Feel No Pain+1","Dark Embrace+1","Seeing Red"],"relics":["Burning Blood","PreservedInsect","Incense Burner","Velvet Choker"],"potions_floor_usage":[7,18,21],"damage_taken":[{"damage":1,"enemies":"Cultist","floor":1,"turns":4},{"damage":9,"enemies":"Jaw Worm","floor":3,"turns":4},{"damage":7,"enemies":"2 Louse","floor":5,"turns":4},{"damage":14,"enemies":"Gremlin Gang","floor":7,"turns":4},{"damage":15,"enemies":"Exordium Wildlife","floor":13,"turns":4},{"damage":11,"enemies":"The Guardian","floor":16,"turns":13},{"damage":12,"enemies":"Chosen","floor":18,"turns":4},{"damage":48,"enemies":"3 Byrds","floor":20,"turns":6},{"damage":11,"enemies":"Cultist and Chosen","floor":21,"turns":7},{"damage":21,"enemies":"Shelled Parasite and Fungi","floor":24,"turns":1}],"seed_played":"38836756264481958","potions_obtained":[{"floor":4,"key":"Block Potion"},{"floor":4,"key":"SkillPotion"},{"floor":7,"key":"Poison Potion"},{"floor":16,"key":"Regen Potion"},{"floor":20,"key":"GamblersBrew"},{"floor":21,"key":"EssenceOfSteel"}],"is_trial":false,"path_per_floor":["M","$","M","?","M","R","M","R","T","R","T","?","M","$","R","B",null,"M","?","M","M","?","R","M"],"character_chosen":"IRONCLAD","items_purchased":["Entrench","Good Instincts","Feel No Pain"],"campfire_rested":0,"item_purchase_floors":[2,14,14],"current_hp_per_floor":[73,73,70,70,69,69,61,61,61,61,61,38,29,29,29,24,62,56,49,7,17,17,17,0],"gold":198,"neow_bonus":"ONE_RANDOM_RARE_CARD","is_prod":false,"is_daily":false,"chose_seed":false,"campfire_upgraded":5,"win_rate":0,"timestamp":1549357831,"path_taken":["M","$","?","?","?","R","M","R","T","R","?","?","M","?","R","BOSS","M","?","?","M","?","R","M"],"build_version":"2019-01-23","purchased_purges":0,"victory":false,"max_hp_per_floor":[75,75,75,75,75,75,75,75,75,75,75,75,75,75,75,75,75,75,75,75,75,75,75,75],"card_choices":[{"not_picked":["Headbutt","Hemokinesis"],"picked":"Cleave","floor":1},{"not_picked":["Twin Strike","Warcry","Heavy Blade"],"picked":"SKIP","floor":3},{"not_picked":["Headbutt","Pummel"],"picked":"Shrug It Off","floor":5},{"not_picked":["Corruption","Uppercut"],"picked":"Headbutt","floor":7},{"not_picked":["Combust","True Grit","Heavy Blade"],"picked":"SKIP","floor":13},{"not_picked":["Brutality","Demon Form"],"picked":"Dark Embrace","floor":16},{"not_picked":["Rupture","Anger"],"picked":"Seeing Red","floor":18},{"not_picked":["Clash","Pommel Strike","Anger"],"picked":"SKIP","floor":20},{"not_picked":["Perfected Strike","Armaments","Dual Wield+1"],"picked":"SKIP","floor":21}],"player_experience":696187,"relics_obtained":[{"floor":9,"key":"PreservedInsect"},{"floor":11,"key":"Incense Burner"}],"event_choices":[{"damage_healed":0,"gold_gain":0,"player_choice":"Got Potions","damage_taken":0,"max_hp_gain":0,"max_hp_loss":0,"event_name":"Lab","floor":4,"gold_loss":0},{"damage_healed":0,"gold_gain":0,"player_choice":"Entered Light","damage_taken":23,"max_hp_gain":0,"max_hp_loss":0,"event_name":"Shining Light","floor":12,"gold_loss":0,"cards_upgraded":["Defend_R","Defend_R"]},{"damage_healed":0,"gold_gain":0,"player_choice":"","damage_taken":7,"max_hp_gain":0,"max_hp_loss":0,"event_name":"Knowing Skull","floor":19,"potions_obtained":[],"gold_loss":0,"cards_obtained":[]},{"damage_healed":0,"gold_gain":50,"player_choice":"Pray","damage_taken":0,"max_hp_gain":0,"max_hp_loss":0,"event_name":"Golden Shrine","floor":22,"gold_loss":0}],"is_beta":true,"boss_relics":[{"not_picked":["Runic Cube","Pandora\u0027s Box"],"picked":"Velvet Choker"}],"items_purged_floors":[],"is_endless":false,"potions_floor_spawned":[5,7,16,20,21],"killed_by":"Shelled Parasite and Fungi","ascension_level":18}