{"gold_per_floor":[111,111,131,56,17,17,45,45,45,76,88,102,132,152,152,257,257,271,291,216,116,132,159,159],"floor_reached":24,"playtime":1407,"items_purged":["Strike_B","Strike_B"],"score":392,"play_id":"efc1b489-4671-418e-96c3-60857a7a50ad","local_time":"20181103123452","is_ascension_mode":true,"campfire_choices":[{"data":"Zap","floor":6.0,"key":"SMITH"},{"data":"Auto Shields","floor":8.0,"key":"SMITH"},{"data":"Cold Snap","floor":15.0,"key":"SMITH"}],"neow_cost":"NONE","seed_source_timestamp":513799203571879,"circlet_count":0,"master_deck":["AscendersBane","Defend_B","Defend_B","Defend_B","Defend_B","Zap+1","Dualcast","Cold Snap+1","Compile Driver","Auto Shields+1","Steam","Cold Snap","BootSequence","Reboot","Steam","Fission","Barrage","Cold Snap","Conserve Battery+1"],"special_seed":0,"relics":["Cracked Core","NeowsBlessing","Calipers","Blue Candle","Strawberry","Letter Opener","Cursed Key","Sundial"],"potions_floor_usage":[23],"damage_taken":[{"damage":0.0,"enemies":"Jaw Worm","floor":1.0,"turns":1.0},{"damage":0.0,"enemies":"Cultist","floor":3.0,"turns":1.0},{"damage":0.0,"enemies":"Lagavulin","floor":7.0,"turns":1.0},{"damage":15.0,"enemies":"Gremlin Nob","floor":10.0,"turns":5.0},{"damage":0.0,"enemies":"2 Louse","floor":11.0,"turns":2.0},{"damage":0.0,"enemies":"Exordium Wildlife","floor":12.0,"turns":3.0},{"damage":9.0,"enemies":"Lagavulin","floor":13.0,"turns":9.0},{"damage":1.0,"enemies":"Looter","floor":14.0,"turns":3.0},{"damage":36.0,"enemies":"Hexaghost","floor":16.0,"turns":16.0},{"damage":0.0,"enemies":"3 Byrds","floor":18.0,"turns":5.0},{"damage":7.0,"enemies":"2 Thieves","floor":19.0,"turns":4.0},{"damage":20.0,"enemies":"Snake Plant","floor":22.0,"turns":6.0},{"damage":34,"enemies":"Slavers","floor":23,"turns":6},{"damage":11,"enemies":"Masked Bandits","floor":24,"turns":2}],"seed_played":"243879464831946251","potions_obtained":[{"floor":3.0,"key":"Ancient Potion"},{"floor":7.0,"key":"SteroidPotion"},{"floor":12.0,"key":"SneckoOil"},{"floor":22.0,"key":"LiquidBronze"},{"floor":23,"key":"Ancient Potion"}],"is_trial":false,"path_per_floor":["M","?","M","$","$","R","E","R","T","E","M","M","E","M","R","B",null,"M","M","?","$","M","E","?"],"character_chosen":"DEFECT","items_purchased":["Auto Shields"],"campfire_rested":0,"item_purchase_floors":[5],"current_hp_per_floor":[68,68,68,68,68,68,68,68,68,60,60,60,51,50,50,14,65,65,58,58,58,38,4,0],"gold":159,"neow_bonus":"THREE_ENEMY_KILL","is_prod":false,"is_daily":false,"chose_seed":false,"campfire_upgraded":3,"win_rate":0,"timestamp":1541244892,"path_taken":["M","?","?","?","$","R","E","R","T","E","M","M","E","M","R","BOSS","M","M","?","$","M","E","?"],"build_version":"2018-11-02","purchased_purges":2,"victory":false,"max_hp_per_floor":[75,75,75,75,75,75,75,75,75,82,82,82,82,82,82,82,82,82,82,82,82,82,82,82],"card_choices":[{"not_picked":["Go for the Eyes","Sweeping Beam"],"picked":"Cold Snap","floor":1.0},{"not_picked":["Steam Power","Rebound"],"picked":"Compile Driver","floor":3.0},{"not_picked":["Reprogram","Barrage"],"picked":"Steam","floor":7.0},{"not_picked":["Scrape","Aggregate"],"picked":"Cold Snap","floor":10.0},{"not_picked":["Stack","Auto Shields"],"picked":"BootSequence","floor":11.0},{"not_picked":["Barrage","Coolheaded"],"picked":"Reboot","floor":12.0},{"not_picked":["Steam Power","Sweeping Beam","Storm"],"picked":"SKIP","floor":13.0},{"not_picked":["Stack","Aggregate"],"picked":"Steam","floor":14.0},{"not_picked":["Seek","Core Surge"],"picked":"Fission","floor":16.0},{"not_picked":["Go for the Eyes","Sunder"],"picked":"Barrage","floor":18.0},{"not_picked":["Melter+1","Redo"],"picked":"Cold Snap","floor":19.0},{"not_picked":["Reprogram","Rebound","Sweeping Beam+1"],"picked":"SKIP","floor":22.0},{"not_picked":["Turbo+1","Undo"],"picked":"Conserve Battery+1","floor":23}],"player_experience":480525,"relics_obtained":[{"floor":7.0,"key":"Calipers"},{"floor":9.0,"key":"Blue Candle"},{"floor":10.0,"key":"Strawberry"},{"floor":13.0,"key":"Letter Opener"},{"floor":23,"key":"Sundial"}],"event_choices":[{"cards_removed":["Strike_B"],"damage_healed":0.0,"max_hp_gain":0.0,"max_hp_loss":0.0,"gold_gain":0.0,"event_name":"Purifier","player_choice":"Purged","floor":2.0,"gold_loss":0.0,"damage_taken":0.0},{"cards_removed":["Strike_B"],"damage_healed":0.0,"max_hp_gain":0.0,"max_hp_loss":0.0,"gold_gain":0.0,"event_name":"Beggar","player_choice":"Gave Gold","floor":20.0,"gold_loss":75.0,"damage_taken":0.0},{"damage_healed":0,"gold_gain":0,"player_choice":"Fought Bandits","damage_taken":0,"max_hp_gain":0,"max_hp_loss":0,"event_name":"Masked Bandits","floor":24,"gold_loss":0}],"is_beta":true,"boss_relics":[{"not_picked":["Busted Crown","Lizard Tail"],"picked":"Cursed Key"}],"items_purged_floors":[4,21],"is_endless":false,"potions_floor_spawned":[3,7,12,14,22,23],"killed_by":"Masked Bandits","ascension_level":10}