{"path_per_floor":["M","?","?","M","M","R","E","M","T","?","M","E","M","?","R"],"character_chosen":"DEFECT","items_purchased":[],"gold_per_floor":[115,115,115,131,149,149,180,203,203,153,166,209,224,399,399,399],"floor_reached":16,"campfire_rested":1,"playtime":14621,"item_purchase_floors":[],"current_hp_per_floor":[75,86,86,83,78,78,34,33,33,33,21,19,19,19,45,0],"items_purged":[],"gold":399,"score":112,"play_id":"37ed4b11-f09e-4e43-bded-9229df46eac4","local_time":"20180607134334","is_prod":false,"is_daily":false,"chose_seed":false,"is_ascension_mode":false,"campfire_upgraded":1,"win_rate":0.0,"timestamp":1528371814,"campfire_choices":[{"data":"Zap","floor":6,"key":"SMITH"},{"floor":15,"key":"REST"}],"path_taken":["M","?","?","M","M","R","E","M","T","?","?","E","M","?","R","BOSS"],"build_version":"2018-05-31","seed_source_timestamp":133193650377,"purchased_purges":0,"victory":false,"master_deck":["Strike_B","Strike_B","Strike_B","Strike_B","Defend_B","Defend_B","Defend_B","Defend_B","Zap+1","Dualcast","Streamline","Doom and Gloom","Redo","Chaos","Ball Lightning","Fusion","Leap","Redo","Doubt"],"max_hp_per_floor":[75,89,89,89,89,89,89,89,89,89,89,89,89,89,89,89],"relics":["Cracked Core","Mango","Golden Idol","Unceasing Top","Calipers","Letter Opener"],"card_choices":[{"not_picked":["Cold Snap","Genetic Algorithm"],"picked":"Streamline","floor":1},{"not_picked":["Chaos","Compile Driver"],"picked":"Doom and Gloom","floor":4},{"not_picked":["FTL","Cold Snap"],"picked":"Redo","floor":5},{"not_picked":["Stack","Conserve Battery"],"picked":"Chaos","floor":7},{"not_picked":["Capacitor","Redo"],"picked":"Ball Lightning","floor":8},{"not_picked":["Genetic Algorithm","Stack"],"picked":"Fusion","floor":11},{"not_picked":["All For One","Tempest"],"picked":"Leap","floor":12},{"not_picked":["Streamline","Stack"],"picked":"Redo","floor":13}],"player_experience":162953,"potions_floor_usage":[12,12],"damage_taken":[{"damage":0,"enemies":"2 Louse","floor":1,"turns":3},{"damage":3,"enemies":"Small Slimes","floor":4,"turns":3},{"damage":5,"enemies":"Jaw Worm","floor":5,"turns":4},{"damage":44,"enemies":"Lagavulin","floor":7,"turns":6},{"damage":1,"enemies":"Large Slime","floor":8,"turns":3},{"damage":12,"enemies":"Blue Slaver","floor":11,"turns":2},{"damage":14,"enemies":"Gremlin Nob","floor":12,"turns":4},{"damage":0,"enemies":"2 Fungi Beasts","floor":13,"turns":2},{"damage":46,"enemies":"Hexaghost","floor":16,"turns":8}],"relics_obtained":[{"floor":7,"key":"Unceasing Top"},{"floor":9,"key":"Calipers"},{"floor":12,"key":"Letter Opener"}],"event_choices":[{"event_name":"Scrap Ooze","player_choice":"success","floor":2,"damage_taken":3},{"event_name":"Golden Idol","player_choice":"Take Wound","floor":3,"damage_taken":0},{"event_name":"The Cleric","player_choice":"Card Removal","floor":10,"damage_taken":0},{"event_name":"Liars Game","player_choice":"agreed","floor":14,"damage_taken":0}],"boss_relics":[],"items_purged_floors":[],"potions_floor_spawned":[8,11,12],"seed_played":"217005125237842983","killed_by":"Hexaghost","ascension_level":0,"potions_obtained":[{"floor":8,"key":"Regen Potion"},{"floor":11,"key":"SpeedPotion"},{"floor":12,"key":"SmokeBomb"}],"is_trial":false}