{"gold_per_floor":[20,32,32,32,55,95,95,129,129,129,153,167,167,187,187,281,281,299,88,106,19,19,62,82,103,127,40,40,76,126,150,150,248,248,267,281,302,72,72,108,108,141,141,141,141,154,190,190,190,190,190,190,190,24,64,64],"floor_reached":56,"playtime":3935,"items_purged":[],"score":2020,"play_id":"0bc7f48d-a321-43b8-84c4-9b20653b351a","local_time":"20190121192711","is_ascension_mode":true,"campfire_choices":[{"data":"Juggernaut","floor":7.0,"key":"SMITH"},{"data":"Limit Break","floor":10.0,"key":"SMITH"},{"data":"Inflame","floor":13.0,"key":"SMITH"},{"data":"Spot Weakness","floor":15.0,"key":"SMITH"},{"floor":32.0,"key":"REST"},{"floor":41.0,"key":"REST"},{"floor":44.0,"key":"RECALL"},{"floor":49.0,"key":"REST"},{"floor":53.0,"key":"REST"}],"neow_cost":"NO_GOLD","seed_source_timestamp":0,"circlet_count":0,"master_deck":["AscendersBane","Defend_R","Defend_R","Defend_R","Defend_R","Bash","Shrug It Off","Juggernaut+1","Limit Break+1","Spot Weakness+1","Inflame+1","Inflame","Offering","Shrug It Off+1","Apotheosis","Heavy Blade","Pummel","Bite+1","Bite","Bite","Bite","Disarm","Inflame","Battle Trance","Feed","Offering","Iron Wave+1","Impervious","Uppercut","Metallicize","Limit Break+1","Impervious","Heavy Blade","Shrug It Off","Headbutt"],"special_seed":0,"relics":["Burning Blood","Thread and Needle","Golden Idol","Red Skull","Gremlin Horn","Pen Nib","Fusion Hammer","Happy Flower","PreservedInsect","Blood Vial","Black Star","DollysMirror","Omamori","Vajra","Bronze Scales","Whetstone","Art of War","Dream Catcher","Centennial Puzzle","Strawberry","Oddly Smooth Stone"],"potions_floor_usage":[56,56],"damage_taken":[{"damage":9.0,"enemies":"2 Louse","floor":1.0,"turns":3.0},{"damage":8.0,"enemies":"Jaw Worm","floor":2.0,"turns":4.0},{"damage":3.0,"enemies":"Small Slimes","floor":5.0,"turns":3.0},{"damage":16.0,"enemies":"Gremlin Nob","floor":6.0,"turns":4.0},{"damage":17.0,"enemies":"Lagavulin","floor":8.0,"turns":7.0},{"damage":0.0,"enemies":"3 Louse","floor":11.0,"turns":3.0},{"damage":0.0,"enemies":"Exordium Wildlife","floor":12.0,"turns":5.0},{"damage":0.0,"enemies":"2 Fungi Beasts","floor":14.0,"turns":3.0},{"damage":43.0,"enemies":"Hexaghost","floor":16.0,"turns":7.0},{"damage":23.0,"enemies":"Spheric Guardian","floor":18.0,"turns":4.0},{"damage":21.0,"enemies":"2 Thieves","floor":20.0,"turns":4.0},{"damage":20.0,"enemies":"Gremlin Leader","floor":23.0,"turns":4.0},{"damage":6.0,"enemies":"Snecko","floor":24.0,"turns":4.0},{"damage":15.0,"enemies":"Shelled Parasite and Fungi","floor":25.0,"turns":3.0},{"damage":2.0,"enemies":"Slavers","floor":29.0,"turns":2.0},{"damage":13.0,"enemies":"Sentry and Sphere","floor":31.0,"turns":4.0},{"damage":31.0,"enemies":"Automaton","floor":33.0,"turns":5.0},{"damage":30.0,"enemies":"3 Darklings","floor":35.0,"turns":5.0},{"damage":10.0,"enemies":"Orb Walker","floor":36.0,"turns":3.0},{"damage":26.0,"enemies":"3 Darklings","floor":37.0,"turns":4.0},{"damage":22.0,"enemies":"Giant Head","floor":40.0,"turns":5.0},{"damage":32.0,"enemies":"Nemesis","floor":42.0,"turns":3.0},{"damage":6.0,"enemies":"4 Shapes","floor":46.0,"turns":6.0},{"damage":17.0,"enemies":"Giant Head","floor":47.0,"turns":4.0},{"damage":36.0,"enemies":"Awakened One","floor":50.0,"turns":8.0},{"damage":15.0,"enemies":"Donu and Deca","floor":51.0,"turns":4.0},{"damage":20.0,"enemies":"Shield and Spear","floor":55.0,"turns":5.0},{"damage":68,"enemies":"The Heart","floor":56,"turns":5}],"seed_played":"6449430282293798118","potions_obtained":[{"floor":2.0,"key":"EssenceOfSteel"},{"floor":5.0,"key":"BloodPotion"},{"floor":8.0,"key":"Fire Potion"},{"floor":11.0,"key":"Poison Potion"},{"floor":20.0,"key":"Regen Potion"},{"floor":24.0,"key":"Fire Potion"},{"floor":25.0,"key":"SkillPotion"},{"floor":29.0,"key":"SkillPotion"},{"floor":36.0,"key":"Ancient Potion"},{"floor":40.0,"key":"Explosive Potion"},{"floor":55.0,"key":"FearPotion"}],"is_trial":false,"path_per_floor":["M","M","?","?","M","E","R","E","T","R","M","M","R","M","R","B",null,"M","$","M","$","?","E","M","M","T","$","?","E","?","M","R","B",null,"M","M","M","$","?","E","R","E","T","R","?","M","E","?","R","B","B",null,"R","$","E","B"],"character_chosen":"IRONCLAD","items_purchased":["Apotheosis","Pummel","Battle Trance","DollysMirror","Centennial Puzzle"],"campfire_rested":4,"item_purchase_floors":[19,21,27,38,54],"current_hp_per_floor":[65,63,63,63,66,56,56,51,51,51,57,63,63,68,68,31,59,42,42,27,27,27,37,43,40,40,40,40,49,49,46,53,39,50,49,53,45,45,45,40,50,24,24,24,24,35,35,35,51,42,41,53,57,57,58,0],"gold":64,"neow_bonus":"ONE_RARE_RELIC","is_prod":false,"is_daily":false,"chose_seed":false,"campfire_upgraded":4,"win_rate":0,"timestamp":1548116831,"path_taken":["M","M","?","?","?","E","R","E","T","R","M","M","R","M","R","BOSS","M","$","M","$","?","E","M","M","T","$","?","E","?","M","R","BOSS","M","M","M","$","?","E","R","E","T","R","?","M","E","?","R","BOSS","BOSS","R","$","E","BOSS"],"build_version":"2019-01-17v2","purchased_purges":0,"victory":false,"max_hp_per_floor":[75,75,75,68,68,68,68,68,68,68,68,68,68,68,68,68,68,68,68,68,68,47,47,47,47,47,47,47,50,50,53,53,53,53,53,53,53,53,50,50,50,50,50,50,50,54,54,54,54,57,57,57,57,57,64,64],"card_choices":[{"not_picked":["Thunderclap","Armaments"],"picked":"Shrug It Off","floor":1.0},{"not_picked":["Sword Boomerang","Seeing Red"],"picked":"Juggernaut","floor":2.0},{"not_picked":["Searing Blow","Heavy Blade","Pommel Strike"],"picked":"SKIP","floor":5.0},{"not_picked":["Pommel Strike","Sword Boomerang"],"picked":"Limit Break","floor":6.0},{"not_picked":["Thunderclap","Dual Wield"],"picked":"Spot Weakness","floor":8.0},{"not_picked":["Clothesline","Body Slam","Pommel Strike"],"picked":"SKIP","floor":11.0},{"not_picked":["Thunderclap","Rupture"],"picked":"Inflame","floor":12.0},{"not_picked":["Hemokinesis","Burning Pact"],"picked":"Inflame","floor":14.0},{"not_picked":["Double Tap","Fiend Fire"],"picked":"Offering","floor":16.0},{"not_picked":["Flex","Thunderclap"],"picked":"Shrug It Off+1","floor":18.0},{"not_picked":["Seeing Red","Sword Boomerang"],"picked":"Heavy Blade","floor":20.0},{"not_picked":["Cleave","True Grit","Feel No Pain"],"picked":"SKIP","floor":23.0},{"not_picked":["Searing Blow+1","Havoc"],"picked":"Disarm","floor":24.0},{"not_picked":["Sever Soul","Searing Blow"],"picked":"Inflame","floor":25.0},{"not_picked":["Body Slam+1","Infernal Blade"],"picked":"Offering","floor":29.0},{"not_picked":["Clothesline","True Grit"],"picked":"Iron Wave","floor":31.0},{"not_picked":["Dark Embrace","Juggernaut"],"picked":"Impervious","floor":33.0},{"not_picked":["Anger","Wild Strike"],"picked":"Uppercut","floor":35.0},{"not_picked":["Shrug It Off","Power Through"],"picked":"Metallicize","floor":36.0},{"not_picked":["Seeing Red","Metallicize","Flex"],"picked":"SKIP","floor":37.0},{"not_picked":["True Grit","Havoc","Perfected Strike"],"picked":"SKIP","floor":40.0},{"not_picked":["Feel No Pain","Rage+1"],"picked":"Impervious","floor":42.0},{"not_picked":["Armaments","Uppercut","Inflame"],"picked":"SKIP","floor":46.0},{"not_picked":["Power Through+1","Dual Wield","Rupture"],"picked":"SKIP","floor":47.0},{"not_picked":["True Grit","Dropkick"],"picked":"Heavy Blade","floor":49.0},{"not_picked":["Cleave","Clothesline"],"picked":"Shrug It Off","floor":53.0},{"not_picked":["Dual Wield","Dropkick"],"picked":"Headbutt","floor":55.0}],"player_experience":501827,"relics_obtained":[{"floor":6.0,"key":"Red Skull"},{"floor":8.0,"key":"Gremlin Horn"},{"floor":9.0,"key":"Pen Nib"},{"floor":23.0,"key":"Happy Flower"},{"floor":26.0,"key":"PreservedInsect"},{"floor":29.0,"key":"Blood Vial"},{"floor":40.0,"key":"Omamori"},{"floor":40.0,"key":"Vajra"},{"floor":42.0,"key":"Bronze Scales"},{"floor":42.0,"key":"Whetstone"},{"floor":47.0,"key":"Art of War"},{"floor":47.0,"key":"Dream Catcher"},{"floor":55.0,"key":"Strawberry"},{"floor":55.0,"key":"Oddly Smooth Stone"}],"event_choices":[{"damage_healed":0.0,"max_hp_gain":0.0,"max_hp_loss":0.0,"gold_gain":0.0,"event_name":"The Cleric","player_choice":"Leave","floor":3.0,"gold_loss":0.0,"damage_taken":0.0},{"damage_healed":0.0,"max_hp_gain":0.0,"max_hp_loss":7.0,"gold_gain":0.0,"event_name":"Golden Idol","player_choice":"Lose Max HP","floor":4.0,"gold_loss":0.0,"damage_taken":0.0,"relics_obtained":["Golden Idol"]},{"damage_healed":0.0,"max_hp_gain":0.0,"max_hp_loss":21.0,"gold_gain":0.0,"event_name":"Vampires","player_choice":"Became a vampire","floor":22.0,"gold_loss":0.0,"damage_taken":0.0,"cards_obtained":["Bite","Bite","Bite","Bite","Bite"]},{"damage_healed":0.0,"max_hp_gain":0.0,"max_hp_loss":0.0,"gold_gain":0.0,"event_name":"The Library","player_choice":"Read","floor":28.0,"gold_loss":0.0,"damage_taken":0.0,"cards_obtained":["Feed"]},{"damage_healed":0.0,"max_hp_gain":0.0,"max_hp_loss":0.0,"gold_gain":50.0,"event_name":"Nest","player_choice":"Stole From Cult","floor":30.0,"gold_loss":0.0,"damage_taken":0.0},{"damage_healed":0.0,"max_hp_gain":0.0,"max_hp_loss":3.0,"gold_gain":0.0,"event_name":"Winding Halls","player_choice":"Max HP","floor":39.0,"gold_loss":0.0,"damage_taken":0.0},{"cards_removed":["Bite"],"damage_healed":0.0,"max_hp_gain":0.0,"max_hp_loss":0.0,"gold_gain":0.0,"event_name":"Falling","player_choice":"Removed Attack","floor":45.0,"gold_loss":0.0,"damage_taken":0.0},{"damage_healed":0.0,"max_hp_gain":0.0,"max_hp_loss":0.0,"gold_gain":0.0,"event_name":"Tomb of Lord Red Mask","player_choice":"Ignored","floor":48.0,"gold_loss":0.0,"damage_taken":0.0}],"is_beta":false,"boss_relics":[{"not_picked":["Black Blood","Pandora\u0027s Box"],"picked":"Fusion Hammer"},{"not_picked":["Empty Cage","Runic Dome"],"picked":"Black Star"}],"items_purged_floors":[],"is_endless":false,"potions_floor_spawned":[2,5,8,11,20,24,25,29,36,40,47,55],"killed_by":"The Heart","ascension_level":20}