{"gold_per_floor":[115,115,133,149,11,43,43,63,118,130,188,188,200,220,220,317,317,330,180,180,1,1,1,19,19,72,72,72,103,103,123,123,123],"floor_reached":33,"playtime":2019,"items_purged":["Strike_B","Strike_B"],"score":345,"play_id":"f30ce366-e8b1-4dee-8964-d790ca75d6a1","local_time":"20180709172248","is_ascension_mode":true,"campfire_choices":[{"data":"Dualcast","floor":7,"key":"SMITH"},{"data":"Self Repair","floor":12,"key":"SMITH"},{"data":"Conserve Battery","floor":15,"key":"SMITH"},{"data":"Go for the Eyes","floor":23,"key":"SMITH"},{"data":"Reprogram","floor":25,"key":"SMITH"},{"data":"All For One","floor":27,"key":"SMITH"},{"data":"Swift Strike","floor":30,"key":"SMITH"},{"data":"Hologram","floor":32,"key":"SMITH"}],"neow_cost":"","seed_source_timestamp":1201165558319,"circlet_count":0,"master_deck":["Defend_B","Defend_B","Defend_B","Defend_B","Zap+1","Dualcast+1","Gash","Swift Strike+1","Genetic Algorithm","Self Repair+1","Hologram+1","Gash","Conserve Battery+1","Heatsinks","Gash","All For One+1","Scrape","Go for the Eyes+1","Turbo","Reprogram+1","Melter","Go for the Eyes"],"relics":["Cracked Core","Mummified Hand","Potion Belt","Tiny Chest","Eternal Feather","Bag of Preparation","Letter Opener","Boot"],"potions_floor_usage":[6,6,11,16],"damage_taken":[{"damage":10,"enemies":"2 Louse","floor":1,"turns":3},{"damage":1,"enemies":"Cultist","floor":3,"turns":3},{"damage":3,"enemies":"Small Slimes","floor":4,"turns":3},{"damage":11,"enemies":"3 Sentries","floor":6,"turns":7},{"damage":23,"enemies":"Exordium Wildlife","floor":8,"turns":6},{"damage":0,"enemies":"2 Fungi Beasts","floor":10,"turns":3},{"damage":18,"enemies":"Lagavulin","floor":11,"turns":5},{"damage":1,"enemies":"Looter","floor":13,"turns":3},{"damage":5,"enemies":"Red Slaver","floor":14,"turns":4},{"damage":15,"enemies":"Slime Boss","floor":16,"turns":9},{"damage":0,"enemies":"Chosen","floor":18,"turns":3},{"damage":1,"enemies":"3 Byrds","floor":24,"turns":4},{"damage":0,"enemies":"Gremlin Leader","floor":29,"turns":5},{"damage":0,"enemies":"Sentry and Sphere","floor":31,"turns":3},{"damage":79,"enemies":"Collector","floor":33,"turns":7}],"seed_played":"3058937778938846327","potions_obtained":[{"floor":1,"key":"Energy Potion"},{"floor":4,"key":"Swift Potion"},{"floor":10,"key":"Explosive Potion"},{"floor":13,"key":"Poison Potion"},{"floor":14,"key":"Regen Potion"}],"is_trial":false,"path_per_floor":["M","?","M","M","$","E","R","M","T","M","E","R","M","M","R","B",null,"M","$","?","$","?","R","M","R","T","R","T","E","R","M","R"],"character_chosen":"DEFECT","items_purchased":["Swift Strike","Genetic Algorithm","Go for the Eyes","Turbo","Reprogram"],"campfire_rested":0,"item_purchase_floors":[5,5,19,19,21],"current_hp_per_floor":[65,65,64,61,61,50,50,34,34,41,30,30,39,44,44,39,75,75,75,75,75,75,75,75,75,75,75,75,75,75,75,75,0],"gold":123,"neow_bonus":"","is_prod":false,"is_daily":false,"chose_seed":false,"campfire_upgraded":8,"win_rate":0,"timestamp":1531149768,"path_taken":["M","?","M","?","$","E","R","M","T","M","E","R","M","M","R","BOSS","M","?","?","$","?","R","M","R","T","R","?","E","R","M","R","BOSS"],"build_version":"2018-07-05","purchased_purges":2,"victory":false,"max_hp_per_floor":[75,75,75,75,75,75,75,75,75,75,75,75,75,75,75,75,75,75,75,75,75,75,75,75,75,75,75,75,75,75,75,75,75],"card_choices":[{"not_picked":["White Noise","Cold Snap","Rip and Tear"],"picked":"SKIP","floor":1},{"not_picked":["Stack","Cold Snap","Compile Driver"],"picked":"SKIP","floor":3},{"not_picked":["Stack","Sunder"],"picked":"Gash","floor":4},{"not_picked":["Stack","Rebound"],"picked":"Self Repair","floor":6},{"not_picked":["Static Discharge","Loop"],"picked":"Hologram","floor":8},{"not_picked":["Creative AI","Genetic Algorithm"],"picked":"Gash","floor":10},{"not_picked":["Rebound","Redo"],"picked":"Conserve Battery","floor":11},{"not_picked":["Cold Snap","Stack"],"picked":"Heatsinks","floor":13},{"not_picked":["Defragment","Hyperbeam"],"picked":"Gash","floor":14},{"not_picked":["Thunder Strike","Multi-Cast"],"picked":"All For One","floor":16},{"not_picked":["Recycle","Cold Snap"],"picked":"Scrape","floor":18},{"not_picked":["Redo","Coolheaded"],"picked":"Melter","floor":24},{"not_picked":["Turbo+1","Glacier","Conserve Battery"],"picked":"SKIP","floor":29},{"not_picked":["Cold Snap","Steam"],"picked":"Go for the Eyes","floor":31}],"player_experience":288283,"relics_obtained":[{"floor":6,"key":"Mummified Hand"},{"floor":9,"key":"Potion Belt"},{"floor":11,"key":"Tiny Chest"},{"floor":26,"key":"Bag of Preparation"},{"floor":28,"key":"Letter Opener"},{"floor":29,"key":"Boot"}],"event_choices":[{"event_name":"Accursed Blacksmith","player_choice":"Forge","floor":2,"damage_taken":0},{"event_name":"Back to Basics","player_choice":"Elegance","floor":20,"damage_taken":0},{"event_name":"Bonfire Elementals","player_choice":"BASIC","floor":22,"damage_taken":0}],"boss_relics":[{"not_picked":["Fusion Hammer","White Beast Statue"],"picked":"Eternal Feather"}],"items_purged_floors":[19,21],"is_endless":false,"potions_floor_spawned":[1,4,10,13,14],"killed_by":"Collector","ascension_level":3}