{"gold_per_floor":[118,45,45,69,344,377,377,402,402,577,577,577,615,629,629,629],"floor_reached":16,"playtime":687,"items_purged":[],"score":124,"play_id":"ad48d5cd-4cc6-4a5a-ba15-5cd4ae958c3e","local_time":"20190111144438","is_ascension_mode":true,"campfire_choices":[{"data":"Hemokinesis","floor":7,"key":"SMITH"},{"data":"True Grit","floor":12,"key":"SMITH"},{"floor":15,"key":"REST"}],"neow_cost":"NONE","seed_source_timestamp":279449823939,"circlet_count":0,"master_deck":["Strike_R","Strike_R","Strike_R","Strike_R","Strike_R","Defend_R","Defend_R","Defend_R","Defend_R","Bash","Heavy Blade","Reckless Charge","Pummel","Regret","Hemokinesis+1","True Grit+1","Regret","Doubt","Metallicize","Infernal Blade"],"relics":["Cursed Key","Golden Idol","Gremlin Horn","Ancient Tea Set","Champion Belt","Darkstone Periapt"],"potions_floor_usage":[13,16],"damage_taken":[{"damage":2,"enemies":"Jaw Worm","floor":1,"turns":3},{"damage":0,"enemies":"Cultist","floor":4,"turns":2},{"damage":24,"enemies":"Gremlin Nob","floor":6,"turns":4},{"damage":2,"enemies":"Small Slimes","floor":8,"turns":2},{"damage":32,"enemies":"3 Sentries","floor":13,"turns":8},{"damage":2,"enemies":"3 Louse","floor":14,"turns":3},{"damage":34,"enemies":"The Guardian","floor":16,"turns":5}],"seed_played":"-8554382060927518933","potions_obtained":[{"floor":1,"key":"Ancient Potion"},{"floor":6,"key":"BloodPotion"},{"floor":13,"key":"Strength Potion"}],"is_trial":false,"path_per_floor":["M","$","?","M","?","E","R","M","T","?","?","R","E","M","R","B"],"character_chosen":"IRONCLAD","items_purchased":["Reckless Charge"],"campfire_rested":1,"item_purchase_floors":[2],"current_hp_per_floor":[78,78,58,58,58,34,34,32,32,32,32,32,8,6,30,0],"gold":629,"neow_bonus":"BOSS_RELIC","is_prod":false,"is_daily":false,"chose_seed":false,"campfire_upgraded":2,"win_rate":0,"timestamp":1547214278,"path_taken":["M","$","?","M","?","E","R","?","T","?","?","R","E","M","R","BOSS"],"build_version":"2019-01-10","purchased_purges":0,"victory":false,"max_hp_per_floor":[80,80,80,80,80,80,80,80,80,80,80,80,80,80,80,80],"card_choices":[{"not_picked":["Ghostly Armor","Flame Barrier"],"picked":"Heavy Blade","floor":1},{"not_picked":["Warcry","Twin Strike"],"picked":"Pummel","floor":4},{"not_picked":["Ghostly Armor","Sever Soul"],"picked":"Hemokinesis","floor":6},{"not_picked":["Hemokinesis","Iron Wave"],"picked":"True Grit","floor":8},{"not_picked":["Battle Trance","Twin Strike"],"picked":"Metallicize","floor":13},{"not_picked":["Limit Break","Entrench"],"picked":"Infernal Blade","floor":14}],"player_experience":307523,"relics_obtained":[{"floor":6,"key":"Gremlin Horn"},{"floor":9,"key":"Ancient Tea Set"},{"floor":13,"key":"Darkstone Periapt"}],"event_choices":[{"damage_healed":0,"gold_gain":0,"player_choice":"Take Damage","damage_taken":20,"relics_obtained":["Golden Idol"],"max_hp_gain":0,"max_hp_loss":0,"event_name":"Golden Idol","floor":3,"gold_loss":0},{"damage_healed":0,"gold_gain":275,"player_choice":"Desecrate","damage_taken":0,"max_hp_gain":0,"max_hp_loss":0,"event_name":"Golden Shrine","floor":5,"gold_loss":0,"cards_obtained":["Regret"]},{"damage_healed":0,"gold_gain":175,"player_choice":"AGREE","damage_taken":0,"max_hp_gain":0,"max_hp_loss":0,"event_name":"Liars Game","floor":10,"gold_loss":0,"cards_obtained":["Doubt"]},{"damage_healed":0,"gold_gain":0,"player_choice":"Searched \u00271\u0027 times","damage_taken":0,"relics_obtained":["Champion Belt"],"max_hp_gain":0,"max_hp_loss":0,"event_name":"Dead Adventurer","floor":11,"gold_loss":0}],"is_beta":false,"boss_relics":[],"items_purged_floors":[],"is_endless":false,"potions_floor_spawned":[1,6,13],"killed_by":"The Guardian","ascension_level":3}