{"path_per_floor":["M","M","M","M","?","E","R","E","T","R","M","R","M","$","R","B",null,"M","M","M","M"],"character_chosen":"IRONCLAD","items_purchased":["Madness","Bottled Lightning","Armaments"],"gold_per_floor":[111,124,144,156,256,284,284,314,364,364,378,378,392,16,16,114,114,127,145,156,171,171],"floor_reached":22,"campfire_rested":0,"playtime":1810,"current_hp_per_floor":[80,78,80,80,80,77,77,42,42,42,48,48,45,45,45,38,80,69,68,43,30,0],"items_purged":[],"gold":171,"score":200,"play_id":"b1aa3f1f-a02c-4b76-a81d-9a2864293122","local_time":"20180504023421","is_prod":false,"is_daily":false,"chose_seed":false,"is_ascension_mode":false,"campfire_upgraded":4,"timestamp":1525394061,"path_taken":["M","M","M","M","?","E","R","E","T","R","M","R","M","$","R","BOSS","M","M","M","?","M"],"build_version":"2018-04-28v2","seed_source_timestamp":28698980526135,"purchased_purges":0,"victory":false,"master_deck":["Strike_R","Strike_R","Strike_R","Strike_R","Strike_R","Defend_R","Defend_R","Defend_R","Defend_R","Bash+1","Feel No Pain","Shrug It Off","Twin Strike","Anger","Fire Breathing+1","Second Wind","Twin Strike","Thunderclap+1","Cleave","Madness+1","Armaments","Demon Form","Cleave","Headbutt","Flex","Flex"],"max_hp_per_floor":[80,80,80,80,80,80,80,80,80,80,80,80,80,80,80,80,80,80,80,80,80,80],"relics":["Burning Blood","Anchor","Centennial Puzzle","Vajra","Bottled Lightning","Sozu"],"card_choices":[{"not_picked":["True Grit","Disarm"],"picked":"Feel No Pain","floor":0},{"not_picked":["Body Slam","Hemokinesis"],"picked":"Shrug It Off","floor":1},{"not_picked":["Disarm","Headbutt"],"picked":"Twin Strike","floor":2},{"not_picked":["Clash","Juggernaut"],"picked":"Anger","floor":3},{"not_picked":["Burning Pact","True Grit"],"picked":"Fire Breathing","floor":4},{"not_picked":["Bludgeon","Rupture"],"picked":"Second Wind","floor":6},{"not_picked":["Flame Barrier","Disarm"],"picked":"Twin Strike","floor":8},{"not_picked":["Second Wind","Combust"],"picked":"Thunderclap","floor":11},{"not_picked":["Twin Strike","Armaments"],"picked":"Cleave","floor":13},{"not_picked":["Bludgeon","Impervious"],"picked":"Demon Form","floor":16},{"not_picked":["Bloodletting","Sever Soul"],"picked":"Cleave","floor":18},{"not_picked":["Body Slam","Warcry"],"picked":"Headbutt","floor":19},{"not_picked":["Armaments","Perfected Strike"],"picked":"Flex","floor":20},{"not_picked":["Sever Soul","Whirlwind"],"picked":"Flex","floor":21}],"player_experience":9849,"potions_floor_usage":[6,8,16,16],"damage_taken":[{"damage":6,"enemies":"2 Louse","floor":1,"turns":2},{"damage":8,"enemies":"Cultist","floor":2,"turns":5},{"damage":2,"enemies":"Jaw Worm","floor":3,"turns":4},{"damage":2,"enemies":"Red Slaver","floor":4,"turns":4},{"damage":9,"enemies":"3 Sentries","floor":6,"turns":8},{"damage":41,"enemies":"Lagavulin","floor":8,"turns":7},{"damage":0,"enemies":"Looter","floor":11,"turns":3},{"damage":9,"enemies":"2 Fungi Beasts","floor":13,"turns":3},{"damage":13,"enemies":"Slime Boss","floor":16,"turns":7},{"damage":17,"enemies":"Spheric Guardian","floor":18,"turns":4},{"damage":7,"enemies":"Chosen","floor":19,"turns":5},{"damage":31,"enemies":"Slaver and Parasite","floor":20,"turns":7},{"damage":19,"enemies":"3 Cultists","floor":21,"turns":4},{"damage":30,"enemies":"Snake Plant","floor":22,"turns":3}],"event_choices":[{"event_name":"Golden Shrine","player_choice":"Pray","floor":5,"damage_taken":0}],"boss_relics":[{"not_picked":["Orrery","Philosopher\u0027s Stone"],"picked":"Sozu"}],"potions_floor_spawned":[2,4,8,11,19],"seed_played":"-658556740687136216","killed_by":"Snake Plant","ascension_level":0,"is_trial":false}