{"path_per_floor":["M","M","M","$","M","R","M","R","T","?","E","?","T","M","R","B",null,"M","M","M","M","?","E","?","M","T","E","M","$","?","E","R","B",null,"M","$","?","?","M","R","E","R","T","T","M","M","R","M","R","B"],"character_chosen":"THE_SILENT","items_purchased":["Mummified Hand","Footwork"],"gold_per_floor":[117,135,153,78,98,98,115,115,140,140,173,173,173,187,187,289,289,309,322,338,349,349,374,289,305,331,390,406,58,0,27,27,131,131,146,71,171,171,191,191,221,221,221,221,238,257,257,275,275,275],"floor_reached":51,"campfire_rested":3,"playtime":4086,"current_hp_per_floor":[69,69,69,69,43,43,43,43,43,43,43,29,29,27,48,11,70,67,67,67,53,53,42,42,42,42,41,41,41,41,38,59,55,70,70,70,70,70,70,70,52,52,52,52,52,54,54,54,74,55],"items_purged":["Defend_G","Strike_G"],"gold":275,"score":739,"play_id":"56cd4d94-a481-4173-8a53-a9603651234d","local_time":"20180511185208","is_prod":false,"is_daily":false,"chose_seed":false,"is_ascension_mode":false,"campfire_upgraded":5,"timestamp":1526057528,"path_taken":["M","?","M","?","M","R","?","R","T","?","E","?","?","?","R","BOSS","M","M","M","M","?","E","?","?","T","E","M","$","?","E","R","BOSS","M","$","?","?","M","R","E","R","T","?","M","M","R","?","R","BOSS"],"build_version":"2018-05-10","seed_source_timestamp":40251282491217,"purchased_purges":2,"victory":true,"master_deck":["Defend_G","Defend_G","Defend_G","Defend_G+1","Strike_G+1","Survivor+1","Neutralize+1","Cloak And Dagger+1","Accuracy+1","Footwork+1","Adrenaline","Tools of the Trade","Flechettes+1","Dash+1","Blade Dance+1","Choke+1","Cloak And Dagger+1","Accuracy+1","Blade Dance","Accuracy+1","A Thousand Cuts","Blade Dance","Footwork+1","Infinite Blades+1"],"max_hp_per_floor":[70,70,70,70,70,70,70,70,70,70,70,70,70,70,70,70,70,70,70,70,70,70,70,70,70,70,70,70,70,70,70,70,70,70,70,70,70,70,70,70,70,70,70,70,70,72,72,74,74,74],"relics":["Ring of the Snake","Happy Flower","Orichalcum","Letter Opener","Astrolabe","Bag of Marbles","Bag of Preparation","Pen Nib","Tiny Chest","Mummified Hand","Ginger","Sozu","Paper Crane","Whetstone","Singing Bowl"],"card_choices":[{"not_picked":["Prepared","Backflip"],"picked":"Cloak And Dagger","floor":1},{"not_picked":["Poisoned Stab","Outmaneuver"],"picked":"Accuracy","floor":3},{"not_picked":["Dagger Spray","Dagger Throw"],"picked":"Footwork","floor":7},{"not_picked":["Dodge and Roll","Deadly Poison"],"picked":"Adrenaline","floor":11},{"not_picked":["Tactician","Unload"],"picked":"Tools of the Trade","floor":16},{"not_picked":["Acrobatics","Slice"],"picked":"Choke","floor":18},{"not_picked":["Skewer","Accuracy"],"picked":"Cloak And Dagger","floor":19},{"not_picked":["PiercingWail","Flechettes"],"picked":"Blade Dance","floor":25},{"not_picked":["Endless Agony","Dagger Throw"],"picked":"Accuracy","floor":31},{"not_picked":["Venomology","Die Die Die"],"picked":"A Thousand Cuts","floor":33},{"not_picked":["Malaise","Calculated Gamble"],"picked":"Blade Dance","floor":35},{"not_picked":["Dagger Spray","Prepared"],"picked":"Infinite Blades","floor":45}],"player_experience":116002,"potions_floor_usage":[11,16,20,27,27,31,48,50],"damage_taken":[{"damage":1,"enemies":"Cultist","floor":1,"turns":4},{"damage":0,"enemies":"2 Louse","floor":2,"turns":4},{"damage":0,"enemies":"Jaw Worm","floor":3,"turns":7},{"damage":26,"enemies":"Exordium Thugs","floor":5,"turns":10},{"damage":0,"enemies":"Looter","floor":7,"turns":3},{"damage":0,"enemies":"Lagavulin","floor":11,"turns":8},{"damage":2,"enemies":"Blue Slaver","floor":14,"turns":4},{"damage":37,"enemies":"Slime Boss","floor":16,"turns":19},{"damage":3,"enemies":"Shell Parasite","floor":18,"turns":4},{"damage":0,"enemies":"Spheric Guardian","floor":19,"turns":3},{"damage":0,"enemies":"Centurion and Healer","floor":20,"turns":4},{"damage":14,"enemies":"Sentry and Sphere","floor":21,"turns":6},{"damage":11,"enemies":"Gremlin Leader","floor":23,"turns":6},{"damage":0,"enemies":"Snecko","floor":25,"turns":1},{"damage":1,"enemies":"Book of Stabbing","floor":27,"turns":4},{"damage":0,"enemies":"Snake Plant","floor":28,"turns":3},{"damage":3,"enemies":"Gremlin Leader","floor":31,"turns":3},{"damage":4,"enemies":"Automaton","floor":33,"turns":6},{"damage":0,"enemies":"Orb Walker","floor":35,"turns":1},{"damage":0,"enemies":"3 Darklings","floor":39,"turns":2},{"damage":18,"enemies":"2 Orb Walkers","floor":41,"turns":4},{"damage":0,"enemies":"4 Shapes","floor":45,"turns":2},{"damage":0,"enemies":"Sphere and 2 Shapes","floor":46,"turns":1},{"damage":2,"enemies":"3 Darklings","floor":48,"turns":3},{"damage":19,"enemies":"Donu and Deca","floor":50,"turns":7}],"event_choices":[{"event_name":"Living Wall","player_choice":"Grow","floor":10,"damage_taken":0},{"event_name":"Shining Light","player_choice":"Entered Light","floor":12,"damage_taken":0},{"event_name":"Duplicator","player_choice":"One dupe","floor":22,"damage_taken":0},{"event_name":"Addict","player_choice":"Obtained Relic","floor":24,"damage_taken":0},{"event_name":"Masked Bandits","player_choice":"Paid Bandits 58 gold","floor":30,"damage_taken":0},{"event_name":"Golden Shrine","player_choice":"Pray","floor":37,"damage_taken":0},{"event_name":"SensoryStone","player_choice":"Memory 1","floor":38,"damage_taken":0}],"boss_relics":[{"not_picked":["Runic Dome","Runic Pyramid"],"picked":"Astrolabe"},{"not_picked":["Cursed Key","Orrery"],"picked":"Sozu"}],"potions_floor_spawned":[5,11,19,20,23,27,28,31,39],"seed_played":"8738328393055093511","ascension_level":0,"is_trial":false}