{"gold_per_floor":[113,188,188,204,204,230,230,262,262,276,276,296,296],"floor_reached":13,"playtime":401,"items_purged":[],"score":171,"play_id":"da48e9d7-09f8-47ad-87dd-2656cf9c85da","local_time":"20190201130519","is_ascension_mode":true,"campfire_choices":[{"data":"Dualcast","floor":7,"key":"SMITH"},{"data":"Conserve Battery","floor":11,"key":"SMITH"}],"neow_cost":"NONE","seed_source_timestamp":1435141899846,"circlet_count":0,"master_deck":["Strike_B","Strike_B","Strike_B","Strike_B","Defend_B","Defend_B","Defend_B","Defend_B","Zap+1","Dualcast+1","Sweeping Beam","Sweeping Beam","Cold Snap","Turbo","Conserve Battery+1","Self Repair"],"relics":["Cracked Core","NeowsBlessing","Letter Opener","DataDisk","Shuriken","Question Card"],"potions_floor_usage":[],"damage_taken":[{"damage":0,"enemies":"Small Slimes","floor":1,"turns":1},{"damage":0,"enemies":"Cultist","floor":4,"turns":1},{"damage":0,"enemies":"Lagavulin","floor":6,"turns":1},{"damage":22,"enemies":"3 Sentries","floor":8,"turns":5},{"damage":7,"enemies":"Jaw Worm","floor":10,"turns":2},{"damage":0,"enemies":"3 Louse","floor":12,"turns":2},{"damage":28,"enemies":"Lagavulin","floor":13,"turns":6}],"seed_played":"7916056854227831811","potions_obtained":[{"floor":1,"key":"PowerPotion"},{"floor":10,"key":"LiquidBronze"}],"is_trial":false,"path_per_floor":["M","?","?","M","?","E","R","E","T","M","R","M","E"],"character_chosen":"DEFECT","items_purchased":[],"campfire_rested":0,"item_purchase_floors":[],"current_hp_per_floor":[68,57,57,57,57,57,57,35,35,28,28,28,0],"gold":296,"neow_bonus":"THREE_ENEMY_KILL","is_prod":false,"is_daily":false,"chose_seed":false,"campfire_upgraded":2,"win_rate":0,"timestamp":1549004719,"path_taken":["M","?","?","M","?","E","R","E","T","M","R","M","E"],"build_version":"2019-01-23","purchased_purges":0,"victory":false,"max_hp_per_floor":[75,75,75,75,75,75,75,75,75,75,75,75,75],"card_choices":[{"not_picked":["Fusion","Hologram"],"picked":"Sweeping Beam","floor":1},{"not_picked":["Conserve Battery","Stack"],"picked":"Sweeping Beam","floor":4},{"not_picked":["Leap","Stack"],"picked":"Cold Snap","floor":6},{"not_picked":["Buffer","Loop"],"picked":"Turbo","floor":8},{"not_picked":["Coolheaded","Ball Lightning","Rebound"],"picked":"Conserve Battery","floor":10},{"not_picked":["Go for the Eyes","Reinforced Body","Leap"],"picked":"Self Repair","floor":12}],"player_experience":705316,"relics_obtained":[{"floor":6,"key":"DataDisk"},{"floor":8,"key":"Shuriken"},{"floor":9,"key":"Question Card"}],"event_choices":[{"damage_healed":0,"gold_gain":75,"player_choice":"Gather Gold","damage_taken":11,"max_hp_gain":0,"max_hp_loss":0,"event_name":"World of Goop","floor":2,"gold_loss":0},{"damage_healed":0,"gold_gain":0,"player_choice":"Grow","damage_taken":0,"max_hp_gain":0,"max_hp_loss":0,"event_name":"Living Wall","floor":3,"gold_loss":0,"cards_upgraded":["Zap"]},{"damage_healed":0,"gold_gain":0,"player_choice":"Gave Potion","damage_taken":0,"relics_obtained":["Letter Opener"],"max_hp_gain":0,"max_hp_loss":0,"event_name":"WeMeetAgain","floor":5,"gold_loss":0}],"is_beta":false,"boss_relics":[],"items_purged_floors":[],"is_endless":false,"potions_floor_spawned":[1,10],"killed_by":"Lagavulin","ascension_level":9}