{"gold_per_floor":[209,15,27,39,214,214,248,260,283,295,321,333,365,13,13,110,110,124,37,53,152,169,169,194,194,270,280,280,312,331,246,246,246],"floor_reached":33,"playtime":1229,"items_purged":["Strike_R","Strike_R"],"score":416,"play_id":"662c3731-1720-4a5f-b2b8-4ba2fe0933c5","local_time":"20190130235116","is_ascension_mode":true,"campfire_choices":[{"data":"Apotheosis","floor":6.0,"key":"SMITH"},{"floor":10.0,"key":"REST"},{"floor":15,"key":"REST"},{"floor":23,"key":"REST"},{"floor":25,"key":"REST"},{"data":"Infernal Blade","floor":28,"key":"SMITH"},{"floor":32,"key":"REST"}],"neow_cost":"NONE","seed_source_timestamp":0,"circlet_count":0,"master_deck":["Strike_R","Strike_R","Strike_R","Defend_R","Defend_R","Defend_R","Defend_R","Bash","Shrug It Off","Apotheosis+1","Infernal Blade+1","Combust","Clothesline","Havoc","Combust","True Grit+1","Reaper","Shrug It Off+1","Rupture","Warcry+1","Combust","Whirlwind"],"special_seed":0,"relics":["Burning Blood","Orichalcum","MawBank","Membership Card","Toxic Egg 2","Sozu","Pen Nib","Mercury Hourglass","Vajra","Dodecahedron"],"potions_floor_usage":[29,33],"damage_taken":[{"damage":10.0,"enemies":"Small Slimes","floor":1.0,"turns":3.0},{"damage":5.0,"enemies":"2 Louse","floor":3.0,"turns":4.0},{"damage":2.0,"enemies":"Jaw Worm","floor":4.0,"turns":3.0},{"damage":36.0,"enemies":"Gremlin Nob","floor":7.0,"turns":4.0},{"damage":0.0,"enemies":"2 Fungi Beasts","floor":8.0,"turns":3.0},{"damage":18.0,"enemies":"Lots of Slimes","floor":11.0,"turns":7.0},{"damage":11,"enemies":"3 Louse","floor":13,"turns":3},{"damage":41,"enemies":"Slime Boss","floor":16,"turns":9},{"damage":14,"enemies":"Shell Parasite","floor":18,"turns":6},{"damage":21,"enemies":"2 Thieves","floor":20,"turns":4},{"damage":19,"enemies":"Snecko","floor":22,"turns":7},{"damage":53,"enemies":"Slavers","floor":24,"turns":7},{"damage":8,"enemies":"Chosen and Byrds","floor":27,"turns":4},{"damage":51,"enemies":"Book of Stabbing","floor":29,"turns":5},{"damage":20,"enemies":"Sentry and Sphere","floor":30,"turns":4},{"damage":72,"enemies":"Collector","floor":33,"turns":7}],"seed_played":"6033467659419603760","potions_obtained":[{"floor":3.0,"key":"FearPotion"},{"floor":13,"key":"Dexterity Potion"},{"floor":16,"key":"Poison Potion"}],"is_trial":false,"path_per_floor":["M","$","M","M","?","R","E","M","T","R","M","?","M","$","R","B",null,"M","$","M","?","M","R","E","R","T","M","R","E","M","?","R","B"],"character_chosen":"IRONCLAD","items_purchased":["Apotheosis","Membership Card","Toxic Egg 2","True Grit+1","Rupture"],"campfire_rested":5,"item_purchase_floors":[2,14,14,14,19],"current_hp_per_floor":[68,68,69,73,73,73,43,49,49,73,61,54,49,49,73,38,70,67,67,60,60,56,80,33,57,57,64,64,43,29,29,53,0],"gold":246,"neow_bonus":"HUNDRED_GOLD","is_prod":false,"is_daily":false,"chose_seed":false,"campfire_upgraded":2,"win_rate":0,"timestamp":1548910276,"path_taken":["M","$","M","M","?","R","E","M","T","R","M","?","M","$","R","BOSS","M","$","M","?","M","R","E","R","T","M","R","E","M","?","R","BOSS"],"build_version":"2019-01-23","purchased_purges":2,"victory":false,"max_hp_per_floor":[80,80,80,80,80,80,80,80,80,80,80,80,80,80,80,80,80,80,80,80,80,80,80,80,80,80,80,80,80,80,80,80,80],"card_choices":[{"not_picked":["Iron Wave","Feel No Pain"],"picked":"Shrug It Off","floor":1.0},{"not_picked":["Clash","Bloodletting"],"picked":"Infernal Blade","floor":3.0},{"not_picked":["Headbutt","Sever Soul"],"picked":"Combust","floor":4.0},{"not_picked":["Shrug It Off","Sentinel"],"picked":"Clothesline","floor":7.0},{"not_picked":["Armaments","Thunderclap","Reckless Charge"],"picked":"SKIP","floor":8.0},{"not_picked":["Perfected Strike","Wild Strike"],"picked":"Havoc","floor":11.0},{"not_picked":["Fiend Fire","Perfected Strike"],"picked":"Combust","floor":13},{"not_picked":["Offering+1","Feed"],"picked":"Reaper","floor":16},{"not_picked":["Sword Boomerang","True Grit+1"],"picked":"Shrug It Off+1","floor":18},{"not_picked":["Shrug It Off+1","Heavy Blade"],"picked":"Warcry+1","floor":20},{"not_picked":["Heavy Blade","Twin Strike","Sentinel+1"],"picked":"SKIP","floor":22},{"not_picked":["Warcry+1","Wild Strike","Pommel Strike"],"picked":"SKIP","floor":24},{"not_picked":["Body Slam","Fire Breathing+1"],"picked":"Combust","floor":27},{"not_picked":["Demon Form","Havoc+1"],"picked":"Whirlwind","floor":29},{"not_picked":["Cleave","Iron Wave","Perfected Strike"],"picked":"SKIP","floor":30}],"player_experience":181644,"relics_obtained":[{"floor":7.0,"key":"Orichalcum"},{"floor":9.0,"key":"MawBank"},{"floor":24,"key":"Pen Nib"},{"floor":26,"key":"Mercury Hourglass"},{"floor":29,"key":"Vajra"}],"event_choices":[{"damage_healed":0.0,"max_hp_gain":0.0,"max_hp_loss":0.0,"gold_gain":175.0,"event_name":"Liars Game","player_choice":"AGREE","floor":5.0,"gold_loss":0.0,"damage_taken":0.0,"cards_obtained":["Doubt"]},{"cards_removed":["Doubt"],"damage_healed":0,"gold_gain":0,"player_choice":"Card Removal","damage_taken":7,"max_hp_gain":0,"max_hp_loss":0,"event_name":"Golden Wing","floor":12,"gold_loss":0},{"damage_healed":0,"gold_gain":99,"player_choice":"Stole From Cult","damage_taken":0,"max_hp_gain":0,"max_hp_loss":0,"event_name":"Nest","floor":21,"gold_loss":0},{"damage_healed":0,"gold_gain":0,"player_choice":"Obtained Relic","damage_taken":0,"relics_obtained":["Dodecahedron"],"max_hp_gain":0,"max_hp_loss":0,"event_name":"Addict","floor":31,"gold_loss":85}],"is_beta":false,"boss_relics":[{"not_picked":["White Beast Statue","Tiny House"],"picked":"Sozu"}],"items_purged_floors":[14,19],"is_endless":false,"potions_floor_spawned":[3,13,16,24,29,30],"killed_by":"Collector","ascension_level":9}