{"gold_per_floor":[113,113,124,140,159,159,188,188,234,244,258,272,290,300,300,396,396,409,425,444,394,8,8],"floor_reached":23,"playtime":2258,"items_purged":["Reflex"],"score":209,"play_id":"ab99603f-cee1-4f30-8dd2-cb7c0b0b0762","local_time":"20190131205412","is_ascension_mode":true,"campfire_choices":[{"data":"Blade Dance","floor":6,"key":"SMITH"},{"floor":8,"key":"REST"},{"data":"Accuracy","floor":15,"key":"SMITH"}],"neow_cost":"NONE","seed_source_timestamp":1433439314628400,"circlet_count":0,"master_deck":["Survivor","Neutralize","Acrobatics","All Out Attack","Cloak And Dagger","Endless Agony","Blade Dance+1","PiercingWail","Cloak And Dagger","Accuracy+1","Malaise","Phantasmal Killer","Burst","Caltrops","Venomology","Sucker Punch","Concentrate","Deflect","Flying Knee","Dagger Spray","Cloak And Dagger+1","Accuracy","Calculated Gamble"],"relics":["Ring of the Snake","Kunai","Bag of Marbles","Pandora\u0027s Box","Bottled Flame"],"potions_floor_usage":[16,16,19,20,23],"damage_taken":[{"damage":0,"enemies":"2 Louse","floor":1,"turns":2},{"damage":0,"enemies":"Jaw Worm","floor":3,"turns":4},{"damage":0,"enemies":"Cultist","floor":4,"turns":3},{"damage":20,"enemies":"Exordium Wildlife","floor":5,"turns":7},{"damage":24,"enemies":"Lagavulin","floor":7,"turns":7},{"damage":0,"enemies":"Looter","floor":10,"turns":2},{"damage":0,"enemies":"Large Slime","floor":11,"turns":5},{"damage":1,"enemies":"Gremlin Gang","floor":12,"turns":4},{"damage":0,"enemies":"Exordium Thugs","floor":13,"turns":4},{"damage":0,"enemies":"Blue Slaver","floor":14,"turns":3},{"damage":12,"enemies":"Slime Boss","floor":16,"turns":11},{"damage":19,"enemies":"Spheric Guardian","floor":18,"turns":5},{"damage":0,"enemies":"Chosen","floor":19,"turns":5},{"damage":19,"enemies":"Snake Plant","floor":20,"turns":7},{"damage":48,"enemies":"Book of Stabbing","floor":23,"turns":6}],"seed_played":"251045202379755371","potions_obtained":[{"floor":4,"key":"LiquidBronze"},{"floor":7,"key":"SkillPotion"},{"floor":12,"key":"Block Potion"},{"floor":20,"key":"Weak Potion"}],"is_trial":false,"path_per_floor":["M","?","M","M","M","R","E","R","T","M","M","M","M","M","R","B",null,"M","M","M","?","$","E"],"character_chosen":"THE_SILENT","items_purchased":["Bottled Flame","Calculated Gamble"],"campfire_rested":1,"item_purchase_floors":[22,22],"current_hp_per_floor":[70,56,56,56,36,36,12,33,33,33,33,32,32,32,32,20,70,51,65,46,46,46,0],"gold":8,"neow_bonus":"TRANSFORM_CARD","is_prod":false,"is_daily":false,"chose_seed":false,"campfire_upgraded":2,"win_rate":0,"timestamp":1548986052,"path_taken":["M","?","M","M","M","R","E","R","T","M","M","M","M","M","R","BOSS","M","M","M","?","$","E"],"build_version":"2019-01-23","purchased_purges":1,"victory":false,"max_hp_per_floor":[70,70,70,70,70,70,70,70,70,70,70,70,70,70,70,70,70,70,70,70,70,70,70],"card_choices":[{"not_picked":["Poisoned Stab","Blur"],"picked":"All Out Attack","floor":1},{"not_picked":["Underhanded Strike","Sucker Punch"],"picked":"Cloak And Dagger","floor":3},{"not_picked":["Caltrops","Setup"],"picked":"Endless Agony","floor":4},{"not_picked":["Deadly Poison","Flechettes"],"picked":"Blade Dance","floor":5},{"not_picked":["Eviscerate","Bane"],"picked":"PiercingWail","floor":7},{"not_picked":["Dodge and Roll","Distraction"],"picked":"Cloak And Dagger","floor":10},{"not_picked":["Flying Knee","Masterful Stab","Poisoned Stab"],"picked":"SKIP","floor":11},{"not_picked":["PiercingWail","Acrobatics","Footwork"],"picked":"SKIP","floor":12},{"not_picked":["Prepared","Dagger Spray"],"picked":"Accuracy","floor":13},{"not_picked":["Crippling Poison","Well Laid Plans","Grand Finale"],"picked":"SKIP","floor":14},{"not_picked":["Bullet Time","Unload"],"picked":"Malaise","floor":16},{"not_picked":["Dodge and Roll","Cloak And Dagger"],"picked":"Dagger Spray","floor":18},{"not_picked":["Prepared","Deadly Poison"],"picked":"Cloak And Dagger+1","floor":19},{"not_picked":["Distraction","Quick Slash"],"picked":"Accuracy","floor":20}],"player_experience":157203,"relics_obtained":[{"floor":7,"key":"Kunai"},{"floor":9,"key":"Bag of Marbles"}],"event_choices":[{"damage_healed":0,"gold_gain":0,"player_choice":"Entered Light","damage_taken":14,"max_hp_gain":0,"max_hp_loss":0,"event_name":"Shining Light","floor":2,"gold_loss":0,"cards_upgraded":["Strike_G","Defend_G"]},{"damage_healed":0,"gold_gain":0,"player_choice":"Bet on Murderer","damage_taken":0,"max_hp_gain":0,"max_hp_loss":0,"event_name":"The Joust","floor":21,"gold_loss":50}],"is_beta":false,"boss_relics":[{"not_picked":["Calling Bell","Tiny House"],"picked":"Pandora\u0027s Box"}],"items_purged_floors":[22],"is_endless":false,"potions_floor_spawned":[4,7,12,20],"killed_by":"Book of Stabbing","ascension_level":1}