{"gold_per_floor":[115,134,134,134,148,177,177,177,203,203,221,252,262,32,32,137,137,127,27,44,54,54],"floor_reached":22,"playtime":2937,"items_purged":["Strike_B","Strike_B"],"score":196,"play_id":"91a8683b-88ac-4e04-8a6a-c9bfbb746d4f","local_time":"20190129183553","is_ascension_mode":false,"campfire_choices":[{"data":"Multi-Cast","floor":7,"key":"SMITH"},{"floor":15,"key":"REST"}],"neow_cost":"NONE","seed_source_timestamp":7769889889700,"circlet_count":0,"master_deck":["Strike_B","Strike_B+1","Defend_B+1","Defend_B","Defend_B","Defend_B","Zap","Dualcast","Genetic Algorithm+1","Undo","Lockon","Multi-Cast+1","Defragment","Buffer","Consume+1","Sunder"],"relics":["Cracked Core","NeowsBlessing","Art of War","Blood Vial","Calipers","Bag of Preparation","Velvet Choker"],"potions_floor_usage":[6,6,16],"damage_taken":[{"damage":0,"enemies":"Jaw Worm","floor":1,"turns":1},{"damage":0,"enemies":"Cultist","floor":2,"turns":1},{"damage":0,"enemies":"2 Louse","floor":5,"turns":1},{"damage":12,"enemies":"3 Sentries","floor":6,"turns":6},{"damage":3,"enemies":"2 Fungi Beasts","floor":11,"turns":4},{"damage":22,"enemies":"Gremlin Nob","floor":12,"turns":4},{"damage":0,"enemies":"Exordium Wildlife","floor":13,"turns":3},{"damage":36,"enemies":"Hexaghost","floor":16,"turns":10},{"damage":2,"enemies":"2 Thieves","floor":18,"turns":4},{"damage":16,"enemies":"Spheric Guardian","floor":20,"turns":6},{"damage":52,"enemies":"Cultist and Chosen","floor":21,"turns":8},{"damage":14,"enemies":"Snake Plant","floor":22,"turns":1}],"seed_played":"7817999009713281320","potions_obtained":[{"floor":1,"key":"Explosive Potion"},{"floor":2,"key":"Explosive Potion"},{"floor":10,"key":"Poison Potion"},{"floor":10,"key":"Explosive Potion"},{"floor":10,"key":"SkillPotion"},{"floor":11,"key":"Dexterity Potion"},{"floor":16,"key":"Regen Potion"}],"is_trial":false,"path_per_floor":["M","M","$","?","M","E","R","?","T","?","M","E","M","$","R","B",null,"M","$","M","M","M"],"character_chosen":"DEFECT","items_purchased":["Bag of Preparation"],"campfire_rested":1,"item_purchase_floors":[14],"current_hp_per_floor":[75,75,75,75,75,63,63,48,48,48,47,27,29,29,51,17,75,73,73,59,9,0],"gold":54,"neow_bonus":"THREE_ENEMY_KILL","is_prod":false,"is_daily":false,"chose_seed":false,"campfire_upgraded":1,"win_rate":0.0,"timestamp":1548758153,"path_taken":["M","M","$","?","?","E","R","?","T","?","?","E","M","$","R","BOSS","M","$","M","M","M"],"build_version":"2019-01-23","purchased_purges":2,"victory":false,"max_hp_per_floor":[75,75,75,75,75,75,75,75,75,75,75,75,75,75,75,75,75,75,75,75,75,75],"card_choices":[{"not_picked":["Defragment","Gash"],"picked":"Genetic Algorithm","floor":1},{"not_picked":["Ball Lightning","Conserve Battery"],"picked":"Undo","floor":2},{"not_picked":["Glacier","Doom and Gloom"],"picked":"Lockon","floor":5},{"not_picked":["Tempest","Rebound"],"picked":"Multi-Cast","floor":6},{"not_picked":["Barrage","Capacitor"],"picked":"Defragment","floor":11},{"not_picked":["Aggregate","Heatsinks","Undo"],"picked":"SKIP","floor":12},{"not_picked":["Go for the Eyes","Leap","Undo"],"picked":"SKIP","floor":13},{"not_picked":["Reboot","Fission"],"picked":"Buffer","floor":16},{"not_picked":["Beam Cell+1","Redo","Compile Driver"],"picked":"SKIP","floor":18},{"not_picked":["Storm","Hologram"],"picked":"Consume+1","floor":20},{"not_picked":["Gash","Turbo"],"picked":"Sunder","floor":21}],"player_experience":190275,"relics_obtained":[{"floor":6,"key":"Art of War"},{"floor":9,"key":"Blood Vial"},{"floor":12,"key":"Calipers"}],"event_choices":[{"damage_healed":0,"gold_gain":0,"player_choice":"Upgraded","damage_taken":0,"max_hp_gain":0,"max_hp_loss":0,"event_name":"Upgrade Shrine","floor":4,"gold_loss":0,"cards_upgraded":["Genetic Algorithm"]},{"damage_healed":0,"gold_gain":0,"player_choice":"Entered Light","damage_taken":15,"max_hp_gain":0,"max_hp_loss":0,"event_name":"Shining Light","floor":8,"gold_loss":0,"cards_upgraded":["Strike_B","Defend_B"]},{"damage_healed":0,"gold_gain":0,"player_choice":"Got Potions","damage_taken":0,"max_hp_gain":0,"max_hp_loss":0,"event_name":"Lab","floor":10,"gold_loss":0}],"is_beta":false,"boss_relics":[{"not_picked":["White Beast Statue","Inserter"],"picked":"Velvet Choker"}],"items_purged_floors":[14,19],"is_endless":false,"potions_floor_spawned":[1,2,11,16,20],"killed_by":"Snake Plant","ascension_level":0}