{"gold_per_floor":[119,135,148,167,178,178,178,178,246,246,256,275,291,303,303,400,400,419,438,453,453,463,463,478,508,508,525,250,250,43,55,55,157,157,176,51,65,65,126,153,172,200,255,255,281,281,301,312,312,312],"floor_reached":51,"playtime":4253,"items_purged":["Strike_B","Strike_B","Defend_B"],"score":734,"play_id":"ce2983d5-0239-4672-9334-2bfed08de41b","local_time":"20190205101026","is_ascension_mode":false,"campfire_choices":[{"data":"Zap","floor":6.0,"key":"SMITH"},{"data":"Chill","floor":8.0,"key":"SMITH"},{"data":"Ball Lightning","floor":10.0,"key":"SMITH"},{"data":"Fission","floor":15.0,"key":"SMITH"},{"data":"White Noise","floor":23.0,"key":"SMITH"},{"data":"Apotheosis","floor":29.0,"key":"SMITH"},{"floor":32.0,"key":"REST"},{"data":"Defragment","floor":44.0,"key":"SMITH"},{"data":"Doom and Gloom","floor":46.0,"key":"SMITH"},{"data":"Fission","floor":49,"key":"SMITH"}],"neow_cost":"NONE","seed_source_timestamp":0,"circlet_count":0,"master_deck":["Strike_B","Strike_B","Defend_B","Defend_B","Defend_B","Zap+1","Dualcast","Ball Lightning+1","Reinforced Body","Loop+1","Chill+1","Loop","Leap","Fission+1","White Noise+1","Machine Learning","Go for the Eyes","Ball Lightning+1","Conserve Battery+1","Cold Snap","Apotheosis+1","Capacitor","Capacitor","Doom and Gloom+1","Fission+1","Chaos+1","Defragment+1","Storm+1","Conserve Battery+1","Defragment+1"],"special_seed":0,"relics":["Cracked Core","Bottled Flame","Busted Crown","Pocketwatch","Ornamental Fan","Coffee Dripper","SsserpentHead","Blood Vial","Gremlin Horn","Potion Belt","Bottled Lightning"],"potions_floor_usage":[50,50,50],"damage_taken":[{"damage":0.0,"enemies":"Small Slimes","floor":1.0,"turns":3.0},{"damage":0.0,"enemies":"Cultist","floor":2.0,"turns":3.0},{"damage":1.0,"enemies":"Jaw Worm","floor":3.0,"turns":2.0},{"damage":17.0,"enemies":"Exordium Thugs","floor":4.0,"turns":6.0},{"damage":1.0,"enemies":"2 Fungi Beasts","floor":5.0,"turns":3.0},{"damage":0.0,"enemies":"Lots of Slimes","floor":11.0,"turns":4.0},{"damage":3.0,"enemies":"Gremlin Gang","floor":12.0,"turns":6.0},{"damage":9.0,"enemies":"Large Slime","floor":13.0,"turns":5.0},{"damage":2.0,"enemies":"Exordium Thugs","floor":14.0,"turns":4.0},{"damage":29.0,"enemies":"Slime Boss","floor":16.0,"turns":7.0},{"damage":3.0,"enemies":"Chosen","floor":18.0,"turns":6.0},{"damage":20.0,"enemies":"2 Thieves","floor":19.0,"turns":5.0},{"damage":38.0,"enemies":"3 Cultists","floor":20.0,"turns":6.0},{"damage":9.0,"enemies":"Centurion and Healer","floor":22.0,"turns":5.0},{"damage":19.0,"enemies":"Snecko","floor":24.0,"turns":7.0},{"damage":5.0,"enemies":"Gremlin Leader","floor":25.0,"turns":9.0},{"damage":21.0,"enemies":"Sentry and Sphere","floor":27.0,"turns":6.0},{"damage":8.0,"enemies":"Centurion and Healer","floor":31.0,"turns":6.0},{"damage":41.0,"enemies":"Collector","floor":33.0,"turns":11.0},{"damage":9.0,"enemies":"3 Shapes","floor":35.0,"turns":4.0},{"damage":13.0,"enemies":"Orb Walker","floor":37.0,"turns":3.0},{"damage":0.0,"enemies":"3 Darklings","floor":39.0,"turns":6.0},{"damage":17.0,"enemies":"Reptomancer","floor":40.0,"turns":6.0},{"damage":0.0,"enemies":"Maw","floor":41.0,"turns":8.0},{"damage":1.0,"enemies":"Giant Head","floor":42.0,"turns":8.0},{"damage":0.0,"enemies":"Reptomancer","floor":45.0,"turns":7.0},{"damage":0.0,"enemies":"4 Shapes","floor":47.0,"turns":3.0},{"damage":14,"enemies":"3 Darklings","floor":48,"turns":4},{"damage":17,"enemies":"Time Eater","floor":50,"turns":8}],"seed_played":"-3883018964255051950","potions_obtained":[{"floor":1.0,"key":"PowerPotion"},{"floor":4.0,"key":"Swift Potion"},{"floor":5.0,"key":"FocusPotion"},{"floor":12.0,"key":"PowerPotion"},{"floor":18.0,"key":"Fruit Juice"},{"floor":20.0,"key":"Poison Potion"},{"floor":27.0,"key":"Block Potion"},{"floor":39.0,"key":"Energy Potion"},{"floor":40.0,"key":"LiquidBronze"},{"floor":42.0,"key":"Regen Potion"},{"floor":48,"key":"FearPotion"}],"is_trial":false,"path_per_floor":["M","M","M","M","M","R","?","R","T","R","M","M","M","M","R","B",null,"M","M","M","?","M","R","M","E","T","M","$","R","$","M","R","B",null,"M","$","M","?","M","E","M","E","T","R","E","R","M","M","R","B",null],"character_chosen":"DEFECT","items_purchased":["Apotheosis","Capacitor","Capacitor","Doom and Gloom"],"campfire_rested":1,"item_purchase_floors":[28,28,30,30],"current_hp_per_floor":[82,82,81,64,63,63,63,63,63,63,63,60,51,49,49,20,82,84,64,26,87,78,78,59,54,54,33,33,33,33,25,51,10,87,78,78,65,65,65,48,50,51,51,51,53,53,55,43,43,43],"gold":312,"neow_bonus":"TEN_PERCENT_HP_BONUS","is_prod":false,"is_daily":false,"chose_seed":false,"campfire_upgraded":9,"win_rate":0.0,"timestamp":1549357826,"path_taken":["M","M","M","M","M","R","?","R","T","R","M","M","M","?","R","BOSS","M","?","M","?","M","R","M","E","T","M","$","R","?","M","R","BOSS","M","$","M","?","?","E","M","E","T","R","E","R","M","M","R","BOSS"],"build_version":"2019-01-23","purchased_purges":3,"victory":true,"max_hp_per_floor":[82,82,82,82,82,82,82,82,82,82,82,82,82,82,82,82,82,87,87,87,87,87,87,87,87,87,87,87,87,87,87,87,87,87,87,87,87,87,87,87,87,87,87,87,87,87,87,87,87,87],"card_choices":[{"not_picked":["Tempest","Barrage"],"picked":"Ball Lightning","floor":1.0},{"not_picked":["Tempest","Streamline","Stack"],"picked":"SKIP","floor":2.0},{"not_picked":["Steam","Rip and Tear"],"picked":"Reinforced Body","floor":3.0},{"not_picked":["Redo","Reinforced Body"],"picked":"Loop","floor":4.0},{"not_picked":["Cold Snap","Stack"],"picked":"Chill","floor":5.0},{"not_picked":["Gash","Steam"],"picked":"Loop","floor":11.0},{"not_picked":["Stack","Melter"],"picked":"Leap","floor":12.0},{"not_picked":["Tempest","Streamline"],"picked":"Fission","floor":13.0},{"not_picked":["Barrage","Lockon"],"picked":"White Noise","floor":14.0},{"not_picked":["Thunder Strike","Biased Cognition"],"picked":"Machine Learning","floor":16.0},{"not_picked":[],"picked":"Go for the Eyes","floor":18.0},{"not_picked":["Sweeping Beam"],"picked":"SKIP","floor":19.0},{"not_picked":["Streamline"],"picked":"SKIP","floor":20.0},{"not_picked":["Steam"],"picked":"SKIP","floor":22.0},{"not_picked":[],"picked":"Ball Lightning+1","floor":24.0},{"not_picked":[],"picked":"Conserve Battery+1","floor":25.0},{"not_picked":[],"picked":"Cold Snap","floor":27.0},{"not_picked":["Blizzard"],"picked":"SKIP","floor":31.0},{"not_picked":[],"picked":"Fission","floor":33.0},{"not_picked":["Compile Driver"],"picked":"SKIP","floor":35.0},{"not_picked":[],"picked":"Chaos+1","floor":37.0},{"not_picked":["Compile Driver"],"picked":"SKIP","floor":39.0},{"not_picked":["Hologram+1"],"picked":"SKIP","floor":40.0},{"not_picked":["Hologram+1"],"picked":"SKIP","floor":40.0},{"not_picked":["Go for the Eyes+1"],"picked":"SKIP","floor":41.0},{"not_picked":[],"picked":"Defragment","floor":42.0},{"not_picked":[],"picked":"Storm+1","floor":45.0},{"not_picked":[],"picked":"Conserve Battery+1","floor":47.0},{"not_picked":[],"picked":"Defragment+1","floor":48}],"player_experience":7769,"relics_obtained":[{"floor":9.0,"key":"Bottled Flame"},{"floor":25.0,"key":"Pocketwatch"},{"floor":26.0,"key":"Ornamental Fan"},{"floor":40.0,"key":"Blood Vial"},{"floor":42.0,"key":"Gremlin Horn"},{"floor":43.0,"key":"Potion Belt"},{"floor":45.0,"key":"Bottled Lightning"}],"event_choices":[{"damage_healed":0.0,"max_hp_gain":0.0,"max_hp_loss":0.0,"gold_gain":0.0,"event_name":"Accursed Blacksmith","player_choice":"Forge","floor":7.0,"gold_loss":0.0,"damage_taken":0.0,"cards_upgraded":["Loop"]},{"damage_healed":61.0,"max_hp_gain":0.0,"max_hp_loss":0.0,"gold_gain":0.0,"event_name":"Wheel of Change","player_choice":"Full Heal","floor":21.0,"gold_loss":0.0,"damage_taken":0.0},{"damage_healed":0.0,"max_hp_gain":0.0,"max_hp_loss":0.0,"gold_gain":0.0,"event_name":"FaceTrader","player_choice":"Trade","floor":38.0,"gold_loss":0.0,"damage_taken":0.0,"relics_obtained":["SsserpentHead"]}],"is_beta":false,"boss_relics":[{"not_picked":["Lizard Tail","Black Star"],"picked":"Busted Crown"},{"not_picked":["Empty Cage","Velvet Choker"],"picked":"Coffee Dripper"}],"items_purged_floors":[28,30,36],"is_endless":false,"potions_floor_spawned":[1,4,5,12,14,18,20,27,33,39,40,42,48],"ascension_level":0}