{"gold_per_floor":[112,126,48,48,48,83,83,127,127,127,148,183,28,44,44,173,173,189,189,213,256,256,256,271,92,119,139,170,170,194,214,214,214],"floor_reached":33,"playtime":1498,"items_purged":["Strike_G","Strike_G"],"score":376,"play_id":"75fe7e6b-9494-4dc9-8b6e-726046288b38","local_time":"20190204005222","is_ascension_mode":true,"campfire_choices":[{"data":"Terror","floor":7,"key":"SMITH"},{"floor":10,"key":"REST"},{"data":"Footwork","floor":15,"key":"SMITH"},{"data":"Corpse Explosion","floor":23,"key":"SMITH"},{"floor":32,"key":"REST"}],"neow_cost":"NONE","seed_source_timestamp":1707689463553600,"circlet_count":0,"master_deck":["Defend_G","Defend_G","Defend_G","Defend_G","Defend_G","Strike_G","Strike_G","Strike_G+1","Survivor","Neutralize","Terror+1","Backflip+1","Corpse Explosion+1","Choke","Infinite Blades","Dodge and Roll","Deadly Poison+1","Footwork+1","Cloak And Dagger+1","Storm of Steel+1","Ghostly+1","Ghostly+1","Ghostly+1","Ghostly+1","Ghostly+1","Underhanded Strike","Deadly Poison+1","Deadly Poison+1","Deadly Poison+1","Bouncing Flask+1","Deadly Poison+1","Bouncing Flask+1","Deadly Poison+1"],"relics":["Ring of the Snake","NeowsBlessing","Golden Idol","Gambling Chip","Bronze Scales","Darkstone Periapt","Toxic Egg 2","Busted Crown","Red Mask","Strawberry","The Courier"],"potions_floor_usage":[8,12,12,16,27,33],"damage_taken":[{"damage":0,"enemies":"Small Slimes","floor":1,"turns":1},{"damage":0,"enemies":"Jaw Worm","floor":2,"turns":1},{"damage":0,"enemies":"3 Sentries","floor":6,"turns":1},{"damage":17,"enemies":"Gremlin Nob","floor":8,"turns":5},{"damage":0,"enemies":"2 Louse","floor":11,"turns":3},{"damage":2,"enemies":"3 Sentries","floor":12,"turns":6},{"damage":5,"enemies":"Gremlin Gang","floor":14,"turns":3},{"damage":26,"enemies":"The Guardian","floor":16,"turns":9},{"damage":0,"enemies":"Chosen","floor":18,"turns":5},{"damage":15,"enemies":"3 Byrds","floor":20,"turns":2},{"damage":0,"enemies":"Masked Bandits","floor":21,"turns":3},{"damage":3,"enemies":"Snake Plant","floor":24,"turns":4},{"damage":1,"enemies":"Cultist and Chosen","floor":27,"turns":6},{"damage":3,"enemies":"Book of Stabbing","floor":28,"turns":5},{"damage":6,"enemies":"Colosseum Slavers","floor":29,"turns":3},{"damage":0,"enemies":"Snecko","floor":30,"turns":4},{"damage":4,"enemies":"Centurion and Healer","floor":31,"turns":5},{"damage":22,"enemies":"Collector","floor":33,"turns":6}],"seed_played":"-6191858666765335716","potions_obtained":[{"floor":2,"key":"Block Potion"},{"floor":8,"key":"Explosive Potion"},{"floor":11,"key":"EssenceOfSteel"},{"floor":12,"key":"EssenceOfSteel"},{"floor":24,"key":"Swift Potion"},{"floor":27,"key":"Strength Potion"},{"floor":28,"key":"Dexterity Potion"},{"floor":31,"key":"SkillPotion"}],"is_trial":false,"path_per_floor":["M","M","$","?","?","E","R","E","T","R","M","E","$","M","R","B",null,"M","?","M","?","?","R","M","$","T","M","E","?","M","M","R","B"],"character_chosen":"THE_SILENT","items_purchased":["Corpse Explosion","Footwork","Bouncing Flask+1"],"campfire_rested":2,"item_purchase_floors":[3,13,25],"current_hp_per_floor":[70,70,70,53,39,39,39,22,22,43,43,41,41,36,36,10,70,70,35,20,20,20,20,17,17,24,23,20,14,14,10,22,0],"gold":214,"neow_bonus":"THREE_ENEMY_KILL","is_prod":false,"is_daily":false,"chose_seed":false,"campfire_upgraded":3,"win_rate":0,"timestamp":1549259542,"path_taken":["M","M","$","?","?","E","R","E","T","R","M","E","$","M","R","BOSS","M","?","M","?","?","R","?","$","T","M","E","?","M","M","R","BOSS"],"build_version":"2019-01-23","purchased_purges":2,"victory":false,"max_hp_per_floor":[70,70,70,70,70,70,70,70,70,70,70,70,70,70,70,70,70,70,35,35,35,35,35,35,35,42,42,42,42,42,42,42,42],"card_choices":[{"not_picked":["Backflip","Quick Slash"],"picked":"Terror","floor":1},{"not_picked":["Riddle With Holes","Acrobatics"],"picked":"Backflip","floor":2},{"not_picked":["Finisher","Prepared"],"picked":"Choke","floor":6},{"not_picked":["Wraith Form v2","Flechettes"],"picked":"Infinite Blades","floor":8},{"not_picked":["Skewer","Dagger Throw"],"picked":"Dodge and Roll","floor":11},{"not_picked":["Deflect","Caltrops"],"picked":"Deadly Poison","floor":12},{"not_picked":["Deflect+1","PiercingWail+1"],"picked":"Cloak And Dagger+1","floor":14},{"not_picked":["Die Die Die","Venomology+1"],"picked":"Storm of Steel+1","floor":16},{"not_picked":["Terror+1"],"picked":"SKIP","floor":18},{"not_picked":[],"picked":"Underhanded Strike","floor":20},{"not_picked":[],"picked":"Deadly Poison+1","floor":21},{"not_picked":[],"picked":"Deadly Poison+1","floor":24},{"not_picked":[],"picked":"Deadly Poison+1","floor":27},{"not_picked":[],"picked":"Bouncing Flask+1","floor":28},{"not_picked":["Quick Slash"],"picked":"SKIP","floor":30},{"not_picked":[],"picked":"Deadly Poison+1","floor":31}],"player_experience":214394,"relics_obtained":[{"floor":6,"key":"Gambling Chip"},{"floor":8,"key":"Bronze Scales"},{"floor":9,"key":"Darkstone Periapt"},{"floor":12,"key":"Toxic Egg 2"},{"floor":21,"key":"Red Mask"},{"floor":26,"key":"Strawberry"},{"floor":28,"key":"The Courier"}],"event_choices":[{"damage_healed":0,"gold_gain":0,"player_choice":"Take Damage","damage_taken":17,"relics_obtained":["Golden Idol"],"max_hp_gain":0,"max_hp_loss":0,"event_name":"Golden Idol","floor":4,"gold_loss":0},{"damage_healed":0,"gold_gain":0,"player_choice":"Entered Light","damage_taken":14,"max_hp_gain":0,"max_hp_loss":0,"event_name":"Shining Light","floor":5,"gold_loss":0,"cards_upgraded":["Backflip","Strike_G"]},{"damage_healed":0,"gold_gain":0,"player_choice":"Became a Ghost","damage_taken":0,"max_hp_gain":0,"max_hp_loss":35,"event_name":"Ghosts","floor":19,"gold_loss":0,"cards_obtained":["Ghostly","Ghostly","Ghostly","Ghostly","Ghostly"]},{"damage_healed":0,"gold_gain":0,"player_choice":"Fought Bandits","damage_taken":0,"max_hp_gain":0,"max_hp_loss":0,"event_name":"Masked Bandits","floor":21,"gold_loss":0},{"damage_healed":0,"gold_gain":0,"player_choice":"Copied","damage_taken":0,"max_hp_gain":0,"max_hp_loss":0,"event_name":"Duplicator","floor":22,"gold_loss":0,"cards_obtained":["Deadly Poison"]},{"damage_healed":0,"gold_gain":0,"player_choice":"Fight","damage_taken":0,"max_hp_gain":0,"max_hp_loss":0,"event_name":"Colosseum","floor":29,"gold_loss":0},{"damage_healed":0,"gold_gain":0,"player_choice":"Fled From Nobs","damage_taken":0,"max_hp_gain":0,"max_hp_loss":0,"event_name":"Colosseum","floor":29,"gold_loss":0}],"is_beta":false,"boss_relics":[{"not_picked":["Velvet Choker","Calling Bell"],"picked":"Busted Crown"}],"items_purged_floors":[13,25],"is_endless":false,"potions_floor_spawned":[2,8,11,12,24,27,28,31],"killed_by":"Collector","ascension_level":1}