{"gold_per_floor":[215,232,232,232,255,255,291,291,291,326,341,366,366,384,384,509,509,530,546,565,586,257,257,295,295,295,318,351,351,451,464,464,593,593,611,474,474,497,517,517,533,549,549,32,32,66,84,84,84,84],"floor_reached":51,"playtime":9712,"items_purged":["Strike_G","Strike_G","Strike_G"],"score":842,"play_id":"aec583b6-3761-4063-8ae0-3585f9806536","local_time":"20190205203152","is_ascension_mode":true,"campfire_choices":[{"data":"Neutralize","floor":6,"key":"SMITH"},{"floor":8,"key":"REST"},{"data":"Skewer","floor":15,"key":"SMITH"},{"floor":23,"key":"REST"},{"data":"Footwork","floor":32,"key":"SMITH"},{"data":"Tactician","floor":40,"key":"SMITH"},{"data":"After Image","floor":45,"key":"SMITH"},{"data":"Leg Sweep","floor":49,"key":"SMITH"}],"neow_cost":"NONE","seed_source_timestamp":539931826056599,"circlet_count":0,"master_deck":["Defend_G","Defend_G","Defend_G","Defend_G","Defend_G","Strike_G","Survivor","Neutralize+1","Dagger Spray","Flying Knee","Dagger Throw","Acrobatics","Adrenaline","Skewer+1","Doppelganger","Slice","Malaise","Acrobatics","Well Laid Plans+1","Dodge and Roll","Reflex","Footwork+1","Leg Sweep+1","After Image+1","Tactician+1","PiercingWail+1","Grand Finale+1","Blur+1","Caltrops","Noxious Fumes","Noxious Fumes","Escape Plan+1","Concentrate+1","A Thousand Cuts","Dodge and Roll+1","Escape Plan+1"],"relics":["Ring of the Serpent","Golden Idol","Meat on the Bone","Sundial","Lantern","HoveringKite","PreservedInsect","Art of War","Bottled Flame","Pear","Molten Egg 2","Gremlin Horn","Bottled Tornado","Mummified Hand"],"potions_floor_usage":[16,16,16,21,27,33,41,46,50],"damage_taken":[{"damage":1,"enemies":"Jaw Worm","floor":1,"turns":7},{"damage":0,"enemies":"Small Slimes","floor":2,"turns":4},{"damage":1,"enemies":"Cultist","floor":5,"turns":4},{"damage":42,"enemies":"Lagavulin","floor":7,"turns":12},{"damage":19,"enemies":"3 Sentries","floor":10,"turns":11},{"damage":3,"enemies":"Looter","floor":11,"turns":3},{"damage":0,"enemies":"Red Slaver","floor":12,"turns":3},{"damage":0,"enemies":"Large Slime","floor":14,"turns":4},{"damage":16,"enemies":"Hexaghost","floor":16,"turns":9},{"damage":0,"enemies":"3 Byrds","floor":18,"turns":3},{"damage":8,"enemies":"Chosen","floor":19,"turns":3},{"damage":6,"enemies":"Snake Plant","floor":20,"turns":5},{"damage":48,"enemies":"Sentry and Sphere","floor":21,"turns":9},{"damage":18,"enemies":"Slavers","floor":24,"turns":8},{"damage":7,"enemies":"3 Cultists","floor":27,"turns":7},{"damage":20,"enemies":"Gremlin Leader","floor":28,"turns":8},{"damage":0,"enemies":"Chosen and Byrds","floor":31,"turns":7},{"damage":39,"enemies":"Automaton","floor":33,"turns":20},{"damage":15,"enemies":"Orb Walker","floor":35,"turns":7},{"damage":0,"enemies":"3 Shapes","floor":38,"turns":11},{"damage":13,"enemies":"Sphere and 2 Shapes","floor":39,"turns":8},{"damage":5,"enemies":"Maw","floor":41,"turns":9},{"damage":19,"enemies":"Jaw Worm Horde","floor":42,"turns":7},{"damage":5,"enemies":"Reptomancer","floor":46,"turns":5},{"damage":42,"enemies":"4 Shapes","floor":47,"turns":6},{"damage":53,"enemies":"Awakened One","floor":50,"turns":18}],"seed_played":"8283748706209599987","potions_obtained":[{"floor":5,"key":"AttackPotion"},{"floor":10,"key":"Explosive Potion"},{"floor":13,"key":"PowerPotion"},{"floor":13,"key":"AttackPotion"},{"floor":16,"key":"FearPotion"},{"floor":18,"key":"Fire Potion"},{"floor":24,"key":"LiquidBronze"},{"floor":33,"key":"Swift Potion"},{"floor":38,"key":"Dexterity Potion"},{"floor":46,"key":"EssenceOfSteel"}],"is_trial":false,"path_per_floor":["M","M","?","?","M","R","E","R","T","E","M","M","?","M","R","B",null,"M","M","M","M","$","R","E","T","T","M","E","?","?","M","R","B",null,"M","$","?","M","M","R","M","M","T","$","R","E","M","?","R","B",null],"character_chosen":"THE_SILENT","items_purchased":["Footwork","Leg Sweep","PreservedInsect","Caltrops","Bottled Tornado","A Thousand Cuts"],"campfire_rested":2,"item_purchase_floors":[22,22,22,36,44,44],"current_hp_per_floor":[69,69,52,52,51,51,9,30,30,23,32,44,44,44,44,40,70,70,62,56,20,20,41,35,35,45,50,42,42,42,42,42,15,80,65,65,65,65,52,52,47,40,40,40,40,47,17,70,70,29],"gold":84,"neow_bonus":"HUNDRED_GOLD","is_prod":false,"is_daily":false,"chose_seed":false,"campfire_upgraded":6,"win_rate":0,"timestamp":1549369912,"path_taken":["M","M","?","?","M","R","E","R","T","E","?","M","?","M","R","BOSS","M","M","M","M","$","R","E","?","T","M","E","?","?","?","R","BOSS","M","$","?","M","M","R","M","M","T","$","R","E","M","?","R","BOSS"],"build_version":"2019-01-23","purchased_purges":3,"victory":true,"max_hp_per_floor":[70,70,70,70,70,70,70,70,70,70,70,70,70,70,70,70,70,70,70,70,70,70,70,70,70,80,80,80,80,80,80,80,80,80,80,80,80,80,80,80,80,80,80,80,80,80,80,70,70,70],"card_choices":[{"not_picked":["Deadly Poison","Expertise"],"picked":"Dagger Spray","floor":1},{"not_picked":["Dagger Throw","Choke"],"picked":"Flying Knee","floor":2},{"not_picked":["Blade Dance","Bane"],"picked":"Dagger Throw","floor":5},{"not_picked":["Quick Slash","Flying Knee"],"picked":"Acrobatics","floor":7},{"not_picked":["Cloak And Dagger","PiercingWail"],"picked":"Adrenaline","floor":10},{"not_picked":["Deflect","Prepared"],"picked":"Skewer","floor":11},{"not_picked":["Setup","Deadly Poison"],"picked":"Doppelganger","floor":12},{"not_picked":["Prepared","Poisoned Stab"],"picked":"Slice","floor":14},{"not_picked":["Venomology","After Image"],"picked":"Malaise","floor":16},{"not_picked":["Cloak And Dagger+1","PiercingWail"],"picked":"Acrobatics","floor":18},{"not_picked":["Bane","Deflect"],"picked":"Well Laid Plans+1","floor":19},{"not_picked":["Infinite Blades+1","Masterful Stab"],"picked":"Dodge and Roll","floor":20},{"not_picked":["Acrobatics","Footwork"],"picked":"Reflex","floor":21},{"not_picked":["Poisoned Stab","Flying Knee"],"picked":"After Image","floor":24},{"not_picked":["Sucker Punch","Flying Knee"],"picked":"Tactician","floor":27},{"not_picked":["Poisoned Stab","Bullet Time","Acrobatics"],"picked":"SKIP","floor":28},{"not_picked":["Dagger Throw+1","Flying Knee+1"],"picked":"PiercingWail+1","floor":31},{"not_picked":["Wraith Form v2","Burst"],"picked":"Grand Finale+1","floor":33},{"not_picked":["Prepared+1","Acrobatics"],"picked":"Blur+1","floor":35},{"not_picked":["Setup","Crippling Poison"],"picked":"Noxious Fumes","floor":38},{"not_picked":["Slice+1","Well Laid Plans+1"],"picked":"Noxious Fumes","floor":39},{"not_picked":["Quick Slash+1","Bane+1"],"picked":"Escape Plan+1","floor":41},{"not_picked":["Bane+1","Slice+1"],"picked":"Concentrate+1","floor":42},{"not_picked":["PiercingWail","Deadly Poison"],"picked":"Dodge and Roll+1","floor":46},{"not_picked":["Bouncing Flask","Choke+1"],"picked":"Escape Plan+1","floor":47}],"player_experience":315994,"relics_obtained":[{"floor":7,"key":"Meat on the Bone"},{"floor":9,"key":"Sundial"},{"floor":10,"key":"Lantern"},{"floor":24,"key":"Art of War"},{"floor":25,"key":"Bottled Flame"},{"floor":26,"key":"Pear"},{"floor":28,"key":"Molten Egg 2"},{"floor":43,"key":"Gremlin Horn"},{"floor":46,"key":"Mummified Hand"}],"event_choices":[{"damage_healed":0,"gold_gain":0,"player_choice":"Take Damage","damage_taken":17,"relics_obtained":["Golden Idol"],"max_hp_gain":0,"max_hp_loss":0,"event_name":"Golden Idol","floor":3,"gold_loss":0},{"cards_removed":["Strike_G"],"damage_healed":0,"gold_gain":0,"player_choice":"Offered Basic","damage_taken":0,"max_hp_gain":0,"max_hp_loss":0,"event_name":"Bonfire Elementals","floor":4,"gold_loss":0},{"damage_healed":0,"gold_gain":0,"player_choice":"Got Potions","damage_taken":0,"max_hp_gain":0,"max_hp_loss":0,"event_name":"Lab","floor":13,"gold_loss":0},{"damage_healed":0,"gold_gain":0,"player_choice":"Ignored","damage_taken":0,"max_hp_gain":0,"max_hp_loss":0,"event_name":"Vampires","floor":29,"gold_loss":0},{"damage_healed":0,"gold_gain":100,"player_choice":"Pray","damage_taken":0,"max_hp_gain":0,"max_hp_loss":0,"event_name":"Golden Shrine","floor":30,"gold_loss":0},{"damage_healed":0,"gold_gain":0,"player_choice":"Ignored","damage_taken":0,"max_hp_gain":0,"max_hp_loss":0,"event_name":"Tomb of Lord Red Mask","floor":37,"gold_loss":0},{"damage_healed":70,"gold_gain":0,"player_choice":"Heal","damage_taken":0,"max_hp_gain":0,"max_hp_loss":10,"event_name":"The Moai Head","floor":48,"gold_loss":0}],"is_beta":false,"boss_relics":[{"not_picked":["Orrery","Philosopher\u0027s Stone"],"picked":"HoveringKite"},{"not_picked":["Runic Dome","Pandora\u0027s Box"],"picked":"Ring of the Serpent"}],"items_purged_floors":[22,36,44],"is_endless":false,"potions_floor_spawned":[5,10,14,16,18,24,33,38,46],"ascension_level":4}