{"gold_per_floor":[109,127,141,141,160,178,35,35,80,110,121,137,165,182,182,281,281,293,293,293,40,53,84,84,22,22,22,51,51,69,69,69,170,170,186,186],"floor_reached":36,"playtime":2037,"items_purged":["Pain"],"score":467,"play_id":"968d66d0-3efa-43e9-a53e-4c6b61408e8e","local_time":"20190201024007","is_ascension_mode":true,"campfire_choices":[{"data":"Infernal Blade","floor":8,"key":"SMITH"},{"data":"Heavy Blade","floor":15,"key":"SMITH"},{"data":"Inflame","floor":24,"key":"SMITH"},{"floor":27,"key":"REST"},{"data":"Inflame","floor":32,"key":"SMITH"}],"neow_cost":"NONE","seed_source_timestamp":1454415414454500,"circlet_count":0,"master_deck":["Defend_R+1","Defend_R+1","Infernal Blade+1","Flex","Inflame+1","Flame Barrier","Seeing Red","True Grit","True Grit","Bludgeon","Cleave","Heavy Blade+1","Infernal Blade","Bite","Bite","Bite","Bite","Bite","Headbutt+1","Inflame+1","Double Tap","Clash+1"],"relics":["Burning Blood","WarpedTongs","War Paint","The Courier","Odd Mushroom","Busted Crown","Molten Egg 2","Omamori","Gambling Chip","Red Mask","Nloth\u0027s Gift","Empty Cage"],"potions_floor_usage":[10,12,12,18,28,33,33,33],"damage_taken":[{"damage":0,"enemies":"2 Louse","floor":1,"turns":4},{"damage":3,"enemies":"Cultist","floor":2,"turns":6},{"damage":7,"enemies":"Jaw Worm","floor":3,"turns":3},{"damage":5,"enemies":"Looter","floor":5,"turns":4},{"damage":18,"enemies":"Blue Slaver","floor":6,"turns":5},{"damage":45,"enemies":"Gremlin Nob","floor":10,"turns":4},{"damage":19,"enemies":"Large Slime","floor":11,"turns":6},{"damage":8,"enemies":"Gremlin Gang","floor":12,"turns":4},{"damage":3,"enemies":"The Mushroom Lair","floor":13,"turns":4},{"damage":9,"enemies":"2 Fungi Beasts","floor":14,"turns":4},{"damage":35,"enemies":"Slime Boss","floor":16,"turns":11},{"damage":19,"enemies":"3 Byrds","floor":18,"turns":5},{"damage":12,"enemies":"Shell Parasite","floor":22,"turns":5},{"damage":52,"enemies":"Book of Stabbing","floor":23,"turns":5},{"damage":0,"enemies":"Masked Bandits","floor":28,"turns":2},{"damage":30,"enemies":"Centurion and Healer","floor":30,"turns":5},{"damage":2,"enemies":"Colosseum Slavers","floor":31,"turns":3},{"damage":59,"enemies":"Collector","floor":33,"turns":11},{"damage":10,"enemies":"3 Shapes","floor":35,"turns":2},{"damage":92,"enemies":"2 Orb Walkers","floor":36,"turns":4}],"seed_played":"-8086554370734680504","potions_obtained":[{"floor":1,"key":"Regen Potion"},{"floor":5,"key":"EssenceOfSteel"},{"floor":6,"key":"SpeedPotion"},{"floor":11,"key":"Fire Potion"},{"floor":16,"key":"EssenceOfSteel"},{"floor":23,"key":"Fire Potion"},{"floor":28,"key":"LiquidBronze"},{"floor":30,"key":"LiquidBronze"},{"floor":33,"key":"Strength Potion"}],"is_trial":false,"path_per_floor":["M","M","M","?","M","M","$","R","T","E","M","M","?","M","R","B",null,"M","?","?","$","M","E","R","$","T","R","?","?","M","?","R","B",null,"M","?"],"character_chosen":"IRONCLAD","items_purchased":["War Paint","Molten Egg 2","Inflame"],"campfire_rested":1,"item_purchase_floors":[7,21,25],"current_hp_per_floor":[80,80,79,79,80,68,68,68,68,31,20,32,37,36,36,9,80,67,67,51,51,55,17,17,17,17,41,49,49,29,33,33,8,80,80,0],"gold":186,"neow_bonus":"TRANSFORM_CARD","is_prod":false,"is_daily":false,"chose_seed":false,"campfire_upgraded":4,"win_rate":0,"timestamp":1549006807,"path_taken":["M","M","M","?","M","M","$","R","T","E","M","?","?","M","R","BOSS","M","?","?","$","M","E","R","$","T","R","?","?","?","?","R","BOSS","M","?"],"build_version":"2019-01-23","purchased_purges":1,"victory":false,"max_hp_per_floor":[80,80,80,80,80,80,80,80,80,80,80,80,80,80,80,80,80,80,80,80,80,80,80,80,80,80,80,80,80,80,80,80,80,80,80,80],"card_choices":[{"not_picked":["Pummel","Hemokinesis"],"picked":"Flex","floor":1},{"not_picked":["Flex","Body Slam"],"picked":"Inflame","floor":2},{"not_picked":["Shockwave","Twin Strike"],"picked":"Flame Barrier","floor":3},{"not_picked":["Twin Strike","Havoc"],"picked":"Seeing Red","floor":5},{"not_picked":["Searing Blow","Seeing Red"],"picked":"True Grit","floor":6},{"not_picked":["Clash","Clothesline"],"picked":"True Grit","floor":10},{"not_picked":["Clothesline","True Grit"],"picked":"Bludgeon","floor":11},{"not_picked":["Pommel Strike","Havoc"],"picked":"Cleave","floor":12},{"not_picked":["Offering","Searing Blow"],"picked":"Heavy Blade","floor":14},{"not_picked":[],"picked":"Infernal Blade","floor":18},{"not_picked":[],"picked":"Headbutt+1","floor":22},{"not_picked":["Corruption"],"picked":"SKIP","floor":23},{"not_picked":["Pummel+1"],"picked":"SKIP","floor":30},{"not_picked":[],"picked":"Double Tap","floor":33},{"not_picked":[],"picked":"Clash+1","floor":35}],"player_experience":175640,"relics_obtained":[{"floor":9,"key":"Blood Vial"},{"floor":10,"key":"The Courier"},{"floor":13,"key":"Odd Mushroom"},{"floor":20,"key":"Necronomicon"},{"floor":23,"key":"Omamori"},{"floor":26,"key":"Gambling Chip"},{"floor":28,"key":"Red Mask"}],"event_choices":[{"damage_healed":0,"gold_gain":0,"player_choice":"Rummage","damage_taken":0,"relics_obtained":["WarpedTongs"],"max_hp_gain":0,"max_hp_loss":0,"event_name":"Accursed Blacksmith","floor":4,"gold_loss":0,"cards_obtained":["Pain"]},{"damage_healed":0,"gold_gain":0,"player_choice":"Fought Mushrooms","damage_taken":0,"max_hp_gain":0,"max_hp_loss":0,"event_name":"Mushrooms","floor":13,"gold_loss":0},{"damage_healed":0,"gold_gain":0,"player_choice":"Became a vampire (Vial)","damage_taken":0,"max_hp_gain":0,"max_hp_loss":0,"event_name":"Vampires","floor":19,"relics_lost":["Blood Vial"],"gold_loss":0,"cards_obtained":["Bite","Bite","Bite","Bite","Bite"]},{"damage_healed":0,"gold_gain":0,"player_choice":"Obtained Book","damage_taken":16,"max_hp_gain":0,"max_hp_loss":0,"event_name":"Cursed Tome","floor":20,"gold_loss":0},{"damage_healed":0,"gold_gain":0,"player_choice":"Fought Bandits","damage_taken":0,"max_hp_gain":0,"max_hp_loss":0,"event_name":"Masked Bandits","floor":28,"gold_loss":0},{"damage_healed":0,"gold_gain":0,"player_choice":"Traded Relic","damage_taken":0,"relics_obtained":["Nloth\u0027s Gift"],"max_hp_gain":0,"max_hp_loss":0,"event_name":"N\u0027loth","floor":29,"relics_lost":["Necronomicon"],"gold_loss":0},{"damage_healed":0,"gold_gain":0,"player_choice":"Fight","damage_taken":0,"max_hp_gain":0,"max_hp_loss":0,"event_name":"Colosseum","floor":31,"gold_loss":0},{"damage_healed":0,"gold_gain":0,"player_choice":"Fled From Nobs","damage_taken":0,"max_hp_gain":0,"max_hp_loss":0,"event_name":"Colosseum","floor":31,"gold_loss":0},{"damage_healed":0,"gold_gain":0,"player_choice":"Fight","damage_taken":0,"max_hp_gain":0,"max_hp_loss":0,"event_name":"Mysterious Sphere","floor":36,"gold_loss":0}],"is_beta":false,"boss_relics":[{"not_picked":["Ectoplasm","Orrery"],"picked":"Busted Crown"},{"not_picked":["White Beast Statue","Velvet Choker"],"picked":"Empty Cage"}],"items_purged_floors":[21],"is_endless":false,"potions_floor_spawned":[1,5,6,11,16,23,28,30,33],"killed_by":"2 Orb Walkers","ascension_level":3}