{"gold_per_floor":[115,127,127,139,139,168,168,168,168,168,168,183,218,236,236,341,341,354,354,377,393,408,408,408,408,408,25,44,60,60,70,70,175,175,193,213,213,230,245,95,112,22,22,22],"floor_reached":44,"playtime":1981,"items_purged":["Pain"],"score":447,"play_id":"b7a0542b-6d3f-4060-9148-650d84425ddb","local_time":"20190205000622","is_ascension_mode":false,"campfire_choices":[{"floor":8,"key":"REST"},{"data":"Neutralize","floor":10,"key":"SMITH"},{"floor":15,"key":"REST"},{"floor":25,"key":"REST"},{"floor":32,"key":"REST"}],"neow_cost":"NONE","seed_source_timestamp":45656571484899,"circlet_count":0,"master_deck":["Survivor","Neutralize+1","Crippling Poison+1","Quick Slash","Caltrops+1","Venomology","Flying Knee","Backflip","A Thousand Cuts+1","After Image+1","Wraith Form v2+1","Caltrops+1","Reflex","Envenom+1","Corpse Explosion","Leg Sweep","Endless Agony","Unload","Poisoned Stab","Footwork+1","Noxious Fumes+1","Catalyst+1","Well Laid Plans+1","Footwork+1","PiercingWail+1","Adrenaline","Terror+1","Well Laid Plans+1","Infinite Blades+1","Terror+1"],"relics":["Ring of the Snake","WarpedTongs","Frozen Egg 2","Boot","Question Card","Blue Candle","Pandora\u0027s Box","Anchor","Sundial","Tiny Chest","Strange Spoon","Eternal Feather","Bottled Lightning","Potion Belt","Shuriken"],"potions_floor_usage":[6,6,13,13,13,14,14,16,16,21,21,23,28,29,33,33,33,36,38,38,39,41,44],"damage_taken":[{"damage":0,"enemies":"Cultist","floor":1,"turns":4},{"damage":0,"enemies":"Small Slimes","floor":2,"turns":3},{"damage":7,"enemies":"Jaw Worm","floor":4,"turns":4},{"damage":17,"enemies":"Gremlin Nob","floor":6,"turns":5},{"damage":5,"enemies":"Blue Slaver","floor":12,"turns":3},{"damage":13,"enemies":"3 Sentries","floor":13,"turns":7},{"damage":6,"enemies":"3 Louse","floor":14,"turns":3},{"damage":24,"enemies":"Slime Boss","floor":16,"turns":11},{"damage":10,"enemies":"Chosen","floor":18,"turns":6},{"damage":7,"enemies":"Spheric Guardian","floor":21,"turns":5},{"damage":20,"enemies":"Snecko","floor":22,"turns":5},{"damage":20,"enemies":"Colosseum Slavers","floor":23,"turns":5},{"damage":0,"enemies":"3 Cultists","floor":28,"turns":2},{"damage":12,"enemies":"Centurion and Healer","floor":29,"turns":5},{"damage":2,"enemies":"Snecko","floor":31,"turns":5},{"damage":47,"enemies":"Automaton","floor":33,"turns":10},{"damage":11,"enemies":"3 Shapes","floor":35,"turns":6},{"damage":4,"enemies":"Orb Walker","floor":36,"turns":4},{"damage":12,"enemies":"3 Darklings","floor":38,"turns":5},{"damage":36,"enemies":"Spire Growth","floor":39,"turns":6},{"damage":16,"enemies":"4 Shapes","floor":41,"turns":5},{"damage":18,"enemies":"Sphere and 2 Shapes","floor":44,"turns":3}],"seed_played":"-7031454105871193112","potions_obtained":[{"floor":0,"key":"EssenceOfSteel"},{"floor":0,"key":"EssenceOfSteel"},{"floor":0,"key":"GhostInAJar"},{"floor":6,"key":"Strength Potion"},{"floor":13,"key":"AttackPotion"},{"floor":14,"key":"LiquidBronze"},{"floor":16,"key":"Energy Potion"},{"floor":18,"key":"SpeedPotion"},{"floor":24,"key":"FairyPotion"},{"floor":24,"key":"Fire Potion"},{"floor":28,"key":"SkillPotion"},{"floor":33,"key":"SkillPotion"},{"floor":41,"key":"Ancient Potion"}],"is_trial":false,"path_per_floor":["M","M","?","M","?","E","T","R","T","R","?","M","E","M","R","B",null,"M","?","T","M","M","?","?","R","T","$","M","M","$","M","R","B",null,"M","M","T","M","M","$","M","?","T","M"],"character_chosen":"THE_SILENT","items_purchased":["Tiny Chest","Strange Spoon","Potion Belt"],"campfire_rested":4,"item_purchase_floors":[27,27,40],"current_hp_per_floor":[70,70,70,63,68,51,51,73,73,73,58,53,40,34,56,32,75,65,65,65,58,38,18,18,40,40,40,40,28,28,26,48,16,75,64,60,60,53,17,17,1,1,1,0],"gold":22,"neow_bonus":"THREE_SMALL_POTIONS","is_prod":false,"is_daily":false,"chose_seed":false,"campfire_upgraded":1,"win_rate":0.0,"timestamp":1549296382,"path_taken":["M","?","?","?","?","E","?","R","T","R","?","M","E","M","R","BOSS","M","?","?","M","?","?","?","R","T","$","?","M","?","M","R","BOSS","M","M","?","?","M","$","M","?","T","?"],"build_version":"2019-01-23","purchased_purges":1,"victory":false,"max_hp_per_floor":[70,70,70,70,75,75,75,75,75,75,75,75,75,75,75,75,75,75,75,75,75,75,75,75,75,75,75,75,75,75,75,75,75,75,75,75,75,75,75,75,75,75,75,75],"card_choices":[{"not_picked":["Backflip","Cloak And Dagger"],"picked":"Predator","floor":1},{"not_picked":["Dagger Throw","Riddle With Holes"],"picked":"Crippling Poison","floor":2},{"not_picked":["Dodge and Roll","Calculated Gamble"],"picked":"Quick Slash","floor":4},{"not_picked":["PiercingWail","Blur"],"picked":"Caltrops","floor":6},{"not_picked":["Sucker Punch","Skewer","Quick Slash"],"picked":"Venomology","floor":12},{"not_picked":["Skewer","Acrobatics","Dodge and Roll"],"picked":"Flying Knee","floor":13},{"not_picked":["Outmaneuver","Underhanded Strike","Bane"],"picked":"Backflip","floor":14},{"not_picked":["Night Terror","Phantasmal Killer","Burst"],"picked":"A Thousand Cuts+1","floor":16},{"not_picked":["Deflect","Setup+1","Reflex"],"picked":"Footwork+1","floor":18},{"not_picked":["Backstab+1","Quick Slash+1","Dodge and Roll"],"picked":"Catalyst+1","floor":21},{"not_picked":["Calculated Gamble+1","Caltrops+1","Outmaneuver"],"picked":"Well Laid Plans+1","floor":22},{"not_picked":["Cloak And Dagger","Dash","Deadly Poison","Dagger Spray"],"picked":"SKIP","floor":28},{"not_picked":["Sucker Punch","Deadly Poison","Cloak And Dagger+1"],"picked":"Footwork+1","floor":29},{"not_picked":["Acrobatics+1","Dagger Spray","Backflip"],"picked":"PiercingWail+1","floor":31},{"not_picked":["Grand Finale","Phantasmal Killer","Die Die Die"],"picked":"Adrenaline","floor":33},{"not_picked":["Flying Knee+1","Deadly Poison+1","Poisoned Stab"],"picked":"Terror+1","floor":35},{"not_picked":["Catalyst+1","Cloak And Dagger","Skewer+1"],"picked":"Well Laid Plans+1","floor":36},{"not_picked":["Dodge and Roll+1","Sucker Punch","Poisoned Stab"],"picked":"Infinite Blades+1","floor":38},{"not_picked":["Sucker Punch","Cloak And Dagger","Bane","Dodge and Roll"],"picked":"SKIP","floor":39},{"not_picked":["All Out Attack","Deadly Poison+1","Dagger Spray"],"picked":"Terror+1","floor":41}],"player_experience":181606,"relics_obtained":[{"floor":6,"key":"Frozen Egg 2"},{"floor":7,"key":"Boot"},{"floor":9,"key":"Question Card"},{"floor":13,"key":"Blue Candle"},{"floor":20,"key":"Anchor"},{"floor":26,"key":"Sundial"},{"floor":37,"key":"Bottled Lightning"},{"floor":43,"key":"Shuriken"}],"event_choices":[{"damage_healed":0,"gold_gain":0,"player_choice":"Rummage","damage_taken":0,"relics_obtained":["WarpedTongs"],"max_hp_gain":0,"max_hp_loss":0,"event_name":"Accursed Blacksmith","floor":3,"gold_loss":0,"cards_obtained":["Pain"]},{"damage_healed":0,"gold_gain":0,"player_choice":"Donut","damage_taken":0,"max_hp_gain":5,"max_hp_loss":0,"event_name":"Big Fish","floor":5,"gold_loss":0},{"damage_healed":0,"gold_gain":0,"player_choice":"Entered Light","damage_taken":15,"max_hp_gain":0,"max_hp_loss":0,"event_name":"Shining Light","floor":11,"gold_loss":0,"cards_upgraded":["Strike_G","Defend_G"]},{"damage_healed":0,"gold_gain":0,"player_choice":"Read","damage_taken":0,"max_hp_gain":0,"max_hp_loss":0,"event_name":"The Library","floor":19,"gold_loss":0,"cards_obtained":["Noxious Fumes"]},{"damage_healed":0,"gold_gain":0,"player_choice":"Fight","damage_taken":0,"max_hp_gain":0,"max_hp_loss":0,"event_name":"Colosseum","floor":23,"gold_loss":0},{"damage_healed":0,"gold_gain":0,"player_choice":"Fled From Nobs","damage_taken":0,"max_hp_gain":0,"max_hp_loss":0,"event_name":"Colosseum","floor":23,"gold_loss":0},{"damage_healed":0,"gold_gain":0,"player_choice":"Got Potions","damage_taken":0,"max_hp_gain":0,"max_hp_loss":0,"event_name":"Lab","floor":24,"gold_loss":0},{"cards_removed":["Predator"],"damage_healed":0,"gold_gain":0,"player_choice":"Upgrade and Remove","damage_taken":0,"max_hp_gain":0,"max_hp_loss":0,"event_name":"Designer","floor":42,"gold_loss":90,"cards_upgraded":["Crippling Poison"]}],"is_beta":false,"boss_relics":[{"not_picked":["Sozu","Velvet Choker"],"picked":"Pandora\u0027s Box"},{"not_picked":["Snecko Eye","Coffee Dripper"],"picked":"Eternal Feather"}],"items_purged_floors":[27],"is_endless":false,"potions_floor_spawned":[2,6,13,14,16,18,28,33,35,41],"killed_by":"Sphere and 2 Shapes","ascension_level":0}