{"gold_per_floor":[116,128,147,160,174,205,224,235,235,235,235,44,44,63,63,162,162,182,199,199,76,96,125,125,50,76,92,92,103,103,134,134,134],"floor_reached":33,"playtime":2493,"items_purged":["Burst"],"score":291,"play_id":"e6c03ec9-19c7-4c71-8b6b-c70f5f9477e0","local_time":"20190129043755","is_ascension_mode":false,"campfire_choices":[{"floor":10.0,"key":"REST"},{"data":"Apotheosis","floor":15.0,"key":"SMITH"},{"floor":24,"key":"REST"},{"floor":30,"key":"REST"},{"floor":32,"key":"REST"}],"neow_cost":"NONE","seed_source_timestamp":0,"circlet_count":0,"master_deck":["Survivor","Neutralize","Slice","Dagger Spray","Deflect","Blur","Flying Knee","Apotheosis+1","Dash+1","Tools of the Trade","Envenom","All Out Attack+1","Crippling Poison","Slice+1","Sucker Punch+1","Burst","Flechettes+1","PiercingWail","Blade Dance+1","Accuracy","Quick Slash+1","Blade Dance","Dash+1","Backflip+1"],"special_seed":0,"relics":["Ring of the Snake","Art of War","Molten Egg 2","Oddly Smooth Stone","Pandora\u0027s Box","Pantograph","Bottled Tornado","Happy Flower","Gremlin Horn"],"potions_floor_usage":[22,23,33],"damage_taken":[{"damage":3.0,"enemies":"Cultist","floor":1.0,"turns":5.0},{"damage":0.0,"enemies":"2 Louse","floor":2.0,"turns":3.0},{"damage":0.0,"enemies":"Small Slimes","floor":3.0,"turns":4.0},{"damage":1.0,"enemies":"3 Louse","floor":4.0,"turns":4.0},{"damage":7.0,"enemies":"Red Slaver","floor":5.0,"turns":7.0},{"damage":34.0,"enemies":"Gremlin Nob","floor":6.0,"turns":5.0},{"damage":1.0,"enemies":"2 Fungi Beasts","floor":7.0,"turns":3.0},{"damage":13.0,"enemies":"Large Slime","floor":8.0,"turns":9.0},{"damage":0.0,"enemies":"Looter","floor":14.0,"turns":3.0},{"damage":24.0,"enemies":"Hexaghost","floor":16.0,"turns":12.0},{"damage":0.0,"enemies":"3 Byrds","floor":18.0,"turns":4.0},{"damage":0.0,"enemies":"Chosen","floor":19.0,"turns":4.0},{"damage":27,"enemies":"Shelled Parasite and Fungi","floor":22,"turns":6},{"damage":34,"enemies":"Slavers","floor":23,"turns":5},{"damage":10,"enemies":"Chosen and Byrds","floor":27,"turns":5},{"damage":0,"enemies":"Snecko","floor":29,"turns":3},{"damage":4,"enemies":"Book of Stabbing","floor":31,"turns":6},{"damage":71,"enemies":"Automaton","floor":33,"turns":10}],"seed_played":"-4363664833913429351","potions_obtained":[{"floor":4.0,"key":"Dexterity Potion"},{"floor":5.0,"key":"Energy Potion"},{"floor":6.0,"key":"GhostInAJar"},{"floor":8.0,"key":"SteroidPotion"},{"floor":22,"key":"PowerPotion"},{"floor":27,"key":"SkillPotion"}],"is_trial":false,"path_per_floor":["M","M","M","M","M","E","M","M","T","R","?","$","?","M","R","B",null,"M","M","T","$","M","E","R","?","T","M","?","M","R","E","R","B"],"character_chosen":"THE_SILENT","items_purchased":["Apotheosis","Quick Slash+1"],"campfire_rested":4,"item_purchase_floors":[12,21],"current_hp_per_floor":[67,67,67,66,59,25,24,11,11,32,14,14,70,70,70,46,70,70,70,70,70,43,9,30,30,30,20,20,20,41,37,58,0],"gold":134,"neow_bonus":"REMOVE_CARD","is_prod":false,"is_daily":false,"chose_seed":false,"campfire_upgraded":1,"win_rate":0.0,"timestamp":1548754675,"path_taken":["M","M","M","M","M","E","M","M","T","R","?","$","?","M","R","BOSS","M","M","?","$","M","E","R","?","T","M","?","?","R","E","R","BOSS"],"build_version":"2019-01-23","purchased_purges":1,"victory":false,"max_hp_per_floor":[70,70,70,70,70,70,70,70,70,70,70,70,70,70,70,70,70,70,70,70,70,70,70,70,70,70,70,70,70,70,70,70,70],"card_choices":[{"not_picked":["PiercingWail","Accuracy"],"picked":"Slice","floor":1.0},{"not_picked":["Cloak And Dagger","Deadly Poison"],"picked":"Dagger Spray","floor":2.0},{"not_picked":["Bouncing Flask","Bane"],"picked":"Deflect","floor":3.0},{"not_picked":["Dagger Throw","Noxious Fumes"],"picked":"Concentrate","floor":4.0},{"not_picked":["Masterful Stab","Acrobatics"],"picked":"Dagger Throw","floor":5.0},{"not_picked":["Dagger Spray","Acrobatics"],"picked":"All Out Attack","floor":6.0},{"not_picked":["Deadly Poison","Bane"],"picked":"Blur","floor":7.0},{"not_picked":["Dodge and Roll","Tactician"],"picked":"Flying Knee","floor":8.0},{"not_picked":["Outmaneuver","Endless Agony+1"],"picked":"Dash+1","floor":14.0},{"not_picked":["Doppelganger","Venomology"],"picked":"Tools of the Trade","floor":16.0},{"not_picked":["Deadly Poison+1","Masterful Stab+1"],"picked":"Blade Dance+1","floor":18.0},{"not_picked":["All Out Attack+1","Outmaneuver"],"picked":"Accuracy","floor":19.0},{"not_picked":["Deadly Poison","PiercingWail"],"picked":"Blade Dance","floor":22},{"not_picked":["Corpse Explosion","PiercingWail","Outmaneuver"],"picked":"SKIP","floor":23},{"not_picked":["Terror","PiercingWail+1","Flying Knee+1"],"picked":"SKIP","floor":27},{"not_picked":["Sucker Punch+1","Slice+1"],"picked":"Backflip+1","floor":29},{"not_picked":["Bane+1","Underhanded Strike+1","All Out Attack+1"],"picked":"SKIP","floor":31}],"player_experience":76677,"relics_obtained":[{"floor":6.0,"key":"Art of War"},{"floor":9.0,"key":"Molten Egg 2"},{"floor":20.0,"key":"Pantograph"},{"floor":23,"key":"Bottled Tornado"},{"floor":26,"key":"Happy Flower"},{"floor":31,"key":"Gremlin Horn"}],"event_choices":[{"damage_healed":0.0,"max_hp_gain":0.0,"max_hp_loss":0.0,"gold_gain":0.0,"event_name":"Scrap Ooze","player_choice":"Success","floor":11.0,"gold_loss":0.0,"damage_taken":18.0,"relics_obtained":["Oddly Smooth Stone"]},{"cards_removed":["Concentrate"],"damage_healed":56.0,"max_hp_gain":0.0,"max_hp_loss":0.0,"gold_gain":0.0,"event_name":"Bonfire Elementals","player_choice":"Offered Uncommon","floor":13.0,"gold_loss":0.0,"damage_taken":0.0},{"cards_removed":["All Out Attack"],"damage_healed":0,"gold_gain":0,"player_choice":"Gave Gold","damage_taken":0,"max_hp_gain":0,"max_hp_loss":0,"event_name":"Beggar","floor":25,"gold_loss":75},{"damage_healed":0,"gold_gain":0,"cards_transformed":["Dagger Throw"],"player_choice":"Transformed","damage_taken":0,"max_hp_gain":0,"max_hp_loss":0,"event_name":"Transmorgrifier","floor":28,"gold_loss":0,"cards_obtained":["Dash"]}],"is_beta":false,"boss_relics":[{"not_picked":["HoveringKite","Tiny House"],"picked":"Pandora\u0027s Box"}],"items_purged_floors":[21],"is_endless":false,"potions_floor_spawned":[4,5,6,8,22,27],"killed_by":"Automaton","ascension_level":0}