{"gold_per_floor":[19,19,34,34,9,39,39,74,74,90,90,110,120,140,140,235,285,304,304,229,144,163,193,193,227,227,227,142,157,157,2,2,99,99,118,131,131,146,156,156],"floor_reached":40,"playtime":2556,"items_purged":["Strike_G"],"score":545,"play_id":"75ecc25a-2ab8-4971-b31d-4553e215b964","local_time":"20190201134814","is_ascension_mode":true,"campfire_choices":[{"data":"Neutralize","floor":7,"key":"SMITH"},{"data":"Backstab","floor":15,"key":"SMITH"},{"data":"After Image","floor":24,"key":"SMITH"},{"data":"Dodge and Roll","floor":27,"key":"SMITH"},{"floor":32,"key":"REST"}],"neow_cost":"NO_GOLD","seed_source_timestamp":1854914624879,"circlet_count":0,"master_deck":["Defend_G+1","Defend_G+1","Defend_G+1","Defend_G+1","Defend_G+1","Strike_G+1","Survivor+1","Neutralize+1","Deflect","Slice","Deadly Poison","Poisoned Stab","Backflip","Dodge and Roll+1","Backflip","Backstab+1","After Image+1","Blade Dance","Quick Slash","Noxious Fumes+1","Accuracy","Cloak And Dagger+1","Caltrops","Blur","A Thousand Cuts","Escape Plan+1","Deflect","Sadistic Nature","Masterful Stab+1"],"relics":["Ring of the Snake","StoneCalendar","War Paint","Snake Skull","Ninja Scroll","Question Card","Tiny House","Pocketwatch","Mercury Hourglass","Smiling Mask","Oddly Smooth Stone","Mummified Hand","Empty Cage"],"potions_floor_usage":[8,25,25,29,39],"damage_taken":[{"damage":1,"enemies":"Jaw Worm","floor":1,"turns":7},{"damage":0,"enemies":"2 Louse","floor":3,"turns":3},{"damage":18,"enemies":"Lagavulin","floor":6,"turns":7},{"damage":8,"enemies":"Gremlin Nob","floor":8,"turns":5},{"damage":0,"enemies":"Small Slimes","floor":10,"turns":3},{"damage":0,"enemies":"Looter","floor":12,"turns":2},{"damage":1,"enemies":"2 Fungi Beasts","floor":13,"turns":3},{"damage":0,"enemies":"Exordium Wildlife","floor":14,"turns":2},{"damage":22,"enemies":"Hexaghost","floor":16,"turns":10},{"damage":0,"enemies":"Chosen","floor":18,"turns":5},{"damage":9,"enemies":"Spheric Guardian","floor":22,"turns":6},{"damage":10,"enemies":"Book of Stabbing","floor":23,"turns":7},{"damage":6,"enemies":"Slavers","floor":25,"turns":6},{"damage":15,"enemies":"Snecko","floor":29,"turns":6},{"damage":23,"enemies":"Champ","floor":33,"turns":12},{"damage":0,"enemies":"Orb Walker","floor":35,"turns":4},{"damage":14,"enemies":"3 Darklings","floor":36,"turns":6},{"damage":1,"enemies":"4 Shapes","floor":38,"turns":4},{"damage":18,"enemies":"Jaw Worm Horde","floor":39,"turns":5},{"damage":49,"enemies":"Giant Head","floor":40,"turns":8}],"seed_played":"-4145486488280703205","potions_obtained":[{"floor":3,"key":"Block Potion"},{"floor":10,"key":"Ancient Potion"},{"floor":13,"key":"Block Potion"},{"floor":14,"key":"AttackPotion"},{"floor":16,"key":"SpeedPotion"},{"floor":25,"key":"Explosive Potion"},{"floor":36,"key":"FearPotion"}],"is_trial":false,"path_per_floor":["M","?","M","?","$","E","R","E","T","M","?","M","M","M","R","B",null,"M","?","?","?","M","E","R","E","T","R","$","M","?","$","R","B",null,"M","M","?","M","M","E"],"character_chosen":"THE_SILENT","items_purchased":["Deadly Poison","Accuracy","Caltrops","Blur"],"campfire_rested":1,"item_purchase_floors":[5,28,31,31],"current_hp_per_floor":[69,62,62,62,62,44,44,36,36,36,29,29,28,28,28,6,59,59,59,59,59,50,40,40,34,34,34,34,19,19,19,41,18,61,61,47,47,46,28,0],"gold":156,"neow_bonus":"ONE_RARE_RELIC","is_prod":false,"is_daily":false,"chose_seed":false,"campfire_upgraded":4,"win_rate":0,"timestamp":1549007294,"path_taken":["M","?","M","?","$","E","R","E","T","M","?","M","?","M","R","BOSS","M","?","?","?","M","E","R","E","T","R","$","M","?","?","R","BOSS","M","M","?","M","M","E"],"build_version":"2019-01-23","purchased_purges":1,"victory":false,"max_hp_per_floor":[70,70,70,70,70,70,70,70,70,70,70,70,70,70,70,70,75,75,75,75,75,75,75,75,75,75,75,75,75,75,75,75,75,75,75,75,75,75,75,75],"card_choices":[{"not_picked":["Bane","Riddle With Holes"],"picked":"Deflect","floor":1},{"not_picked":["Outmaneuver","Underhanded Strike"],"picked":"Slice","floor":3},{"not_picked":["Backflip","Flying Knee"],"picked":"Poisoned Stab","floor":6},{"not_picked":["Acrobatics","Dash"],"picked":"Backflip","floor":8},{"not_picked":["Endless Agony","Dagger Spray","Concentrate"],"picked":"SKIP","floor":10},{"not_picked":["Setup","Quick Slash","Dagger Spray"],"picked":"Dodge and Roll","floor":12},{"not_picked":["Finisher","Bullet Time","Expertise"],"picked":"Backflip","floor":13},{"not_picked":["Flechettes","Crippling Poison","Footwork"],"picked":"Backstab","floor":14},{"not_picked":["Venomology","Storm of Steel","Die Die Die"],"picked":"After Image","floor":16},{"not_picked":["Riddle With Holes","Concentrate","Outmaneuver"],"picked":"Blade Dance","floor":17},{"not_picked":["Setup+1","Slice","Phantasmal Killer"],"picked":"Quick Slash","floor":18},{"not_picked":["Reflex+1","Flying Knee","Dagger Spray","All Out Attack"],"picked":"SKIP","floor":22},{"not_picked":["Sucker Punch","Dodge and Roll","Riddle With Holes"],"picked":"Noxious Fumes+1","floor":23},{"not_picked":["Underhanded Strike","Finisher","Skewer","Heel Hook+1"],"picked":"SKIP","floor":25},{"not_picked":["Venomology","Dodge and Roll","PiercingWail"],"picked":"Cloak And Dagger+1","floor":29},{"not_picked":["Night Terror","Burst","Venomology"],"picked":"A Thousand Cuts","floor":33},{"not_picked":["All Out Attack","Expertise+1","Poisoned Stab+1"],"picked":"Escape Plan+1","floor":35},{"not_picked":["Outmaneuver+1","Prepared+1","Sucker Punch+1"],"picked":"Deflect","floor":36},{"not_picked":["Forethought","Blind","HandOfGreed"],"picked":"Sadistic Nature","floor":37},{"not_picked":["Dagger Throw","Poisoned Stab","Acrobatics+1","Dagger Spray+1"],"picked":"SKIP","floor":38},{"not_picked":["Deflect","Calculated Gamble+1","Concentrate+1"],"picked":"Masterful Stab+1","floor":39}],"player_experience":705717,"relics_obtained":[{"floor":6,"key":"War Paint"},{"floor":8,"key":"Snake Skull"},{"floor":9,"key":"Ninja Scroll"},{"floor":23,"key":"Smiling Mask"},{"floor":25,"key":"Oddly Smooth Stone"},{"floor":26,"key":"Mummified Hand"}],"event_choices":[{"cards_removed":["Strike_G"],"damage_healed":0,"gold_gain":0,"player_choice":"Card Removal","damage_taken":7,"max_hp_gain":0,"max_hp_loss":0,"event_name":"Golden Wing","floor":2,"gold_loss":0},{"damage_healed":0,"gold_gain":0,"player_choice":"Leave","damage_taken":0,"max_hp_gain":0,"max_hp_loss":0,"event_name":"The Cleric","floor":4,"gold_loss":0},{"damage_healed":0,"gold_gain":0,"player_choice":"Success","damage_taken":7,"relics_obtained":["Question Card"],"max_hp_gain":0,"max_hp_loss":0,"event_name":"Scrap Ooze","floor":11,"gold_loss":0},{"damage_healed":0,"gold_gain":0,"player_choice":"Opened","damage_taken":0,"relics_obtained":["Pocketwatch"],"max_hp_gain":0,"max_hp_loss":0,"event_name":"The Mausoleum","floor":19,"gold_loss":0,"cards_obtained":["Writhe"]},{"cards_removed":["Writhe"],"damage_healed":0,"gold_gain":0,"player_choice":"Gave Gold","damage_taken":0,"max_hp_gain":0,"max_hp_loss":0,"event_name":"Beggar","floor":20,"gold_loss":75},{"damage_healed":0,"gold_gain":0,"player_choice":"Obtained Relic","damage_taken":0,"relics_obtained":["Mercury Hourglass"],"max_hp_gain":0,"max_hp_loss":0,"event_name":"Addict","floor":21,"gold_loss":85},{"damage_healed":0,"gold_gain":0,"player_choice":"Simplicity","damage_taken":0,"max_hp_gain":0,"max_hp_loss":0,"event_name":"Back to Basics","floor":30,"gold_loss":0,"cards_upgraded":["Defend_G","Defend_G","Defend_G","Strike_G","Strike_G","Strike_G"]},{"damage_healed":0,"gold_gain":0,"player_choice":"Memory 1","damage_taken":0,"max_hp_gain":0,"max_hp_loss":0,"event_name":"SensoryStone","floor":37,"gold_loss":0}],"is_beta":false,"boss_relics":[{"not_picked":["Snecko Eye","Philosopher\u0027s Stone"],"picked":"Tiny House"},{"not_picked":["Velvet Choker","Astrolabe"],"picked":"Empty Cage"}],"items_purged_floors":[28],"is_endless":false,"potions_floor_spawned":[3,10,13,14,16,22,25,36],"killed_by":"Giant Head","ascension_level":5}