{"gold_per_floor":[113,113,127,202,213,245,245,257,257,257,276,294,294,305,305,403,403,384,396,412,422,347,347,367,367,367,380,380,380,396,407,407,507,507,517,517,528,539,137,163,163,183,183,196,196,196,196,211,211,211],"floor_reached":51,"playtime":4942,"items_purged":["Strike_R","Body Slam"],"score":637,"play_id":"a05e7cf1-9677-44eb-b188-e03648e7a206","local_time":"20181109205713","is_ascension_mode":false,"campfire_choices":[{"data":"Bash","floor":7.0,"key":"SMITH"},{"data":"Whirlwind","floor":10.0,"key":"SMITH"},{"data":"Armaments","floor":13.0,"key":"SMITH"},{"data":"Battle Trance","floor":15.0,"key":"SMITH"},{"floor":23.0,"key":"REST"},{"data":"Offering","floor":25.0,"key":"SMITH"},{"floor":29.0,"key":"REST"},{"floor":32.0,"key":"REST"},{"data":"Double Tap","floor":41,"key":"SMITH"},{"data":"Shockwave","floor":45,"key":"SMITH"},{"floor":49,"key":"REST"}],"neow_cost":"","seed_source_timestamp":0,"circlet_count":0,"master_deck":["Strike_R+1","Strike_R+1","Strike_R+1","Strike_R+1","Defend_R+1","Defend_R+1","Defend_R+1","Defend_R+1","Bash+1","Clothesline","Seeing Red","Pommel Strike","Whirlwind+1","Inflame+1","Battle Trance+1","Offering+1","Body Slam","Intimidate+1","Ghostly Armor+1","Shrug It Off","Shrug It Off+1","Double Tap+1","Body Slam+1","Mayhem+1","Shockwave+1","Combust+1","Intimidate+1","Madness","Madness","Rage"],"special_seed":0,"relics":["Burning Blood","Ornamental Fan","Frozen Egg 2","Pantograph","White Beast Statue","Paper Frog","Busted Crown","Anchor","Bottled Flame"],"potions_floor_usage":[33,33,33,48,50,50,50],"damage_taken":[{"damage":3.0,"enemies":"2 Louse","floor":1.0,"turns":3.0},{"damage":6.0,"enemies":"Small Slimes","floor":3.0,"turns":3.0},{"damage":3.0,"enemies":"Jaw Worm","floor":5.0,"turns":3.0},{"damage":30.0,"enemies":"Lagavulin","floor":6.0,"turns":8.0},{"damage":2.0,"enemies":"2 Fungi Beasts","floor":8.0,"turns":4.0},{"damage":8.0,"enemies":"3 Louse","floor":11.0,"turns":3.0},{"damage":3.0,"enemies":"Lots of Slimes","floor":12.0,"turns":3.0},{"damage":0.0,"enemies":"Blue Slaver","floor":14.0,"turns":1.0},{"damage":52.0,"enemies":"The Guardian","floor":16.0,"turns":13.0},{"damage":18.0,"enemies":"2 Thieves","floor":18.0,"turns":4.0},{"damage":14.0,"enemies":"Chosen","floor":19.0,"turns":4.0},{"damage":13.0,"enemies":"Snecko","floor":20.0,"turns":3.0},{"damage":31.0,"enemies":"Centurion and Healer","floor":21.0,"turns":5.0},{"damage":20.0,"enemies":"Snake Plant","floor":24.0,"turns":5.0},{"damage":6.0,"enemies":"3 Cultists","floor":27.0,"turns":4.0},{"damage":6.0,"enemies":"Shelled Parasite and Fungi","floor":30.0,"turns":8.0},{"damage":16.0,"enemies":"Chosen and Byrds","floor":31.0,"turns":4.0},{"damage":67,"enemies":"Champ","floor":33,"turns":12},{"damage":4,"enemies":"Orb Walker","floor":35,"turns":3},{"damage":10,"enemies":"3 Shapes","floor":37,"turns":4},{"damage":19,"enemies":"3 Darklings","floor":38,"turns":3},{"damage":12,"enemies":"Reptomancer","floor":40,"turns":6},{"damage":6,"enemies":"Spire Growth","floor":42,"turns":4},{"damage":36,"enemies":"Writhing Mass","floor":44,"turns":4},{"damage":16,"enemies":"Maw","floor":48,"turns":5},{"damage":44,"enemies":"Awakened One","floor":50,"turns":10}],"seed_played":"-3874137837095173329","potions_obtained":[{"floor":5.0,"key":"Block Potion"},{"floor":11.0,"key":"Fire Potion"},{"floor":14.0,"key":"PowerPotion"},{"floor":18.0,"key":"AttackPotion"},{"floor":19.0,"key":"LiquidBronze"},{"floor":20.0,"key":"Weak Potion"},{"floor":21.0,"key":"Explosive Potion"},{"floor":24.0,"key":"Poison Potion"},{"floor":27.0,"key":"Poison Potion"},{"floor":33,"key":"SpeedPotion"},{"floor":35,"key":"Strength Potion"},{"floor":37,"key":"Swift Potion"},{"floor":40,"key":"BloodPotion"},{"floor":48,"key":"LiquidBronze"}],"is_trial":false,"path_per_floor":["M","?","M","?","M","E","R","M","T","R","M","M","R","M","R","B",null,"M","M","M","M","$","R","M","R","T","M","?","R","M","M","R","B",null,"M","?","M","M","$","E","R","M","T","M","R","?","?","M","R","B",null],"character_chosen":"IRONCLAD","items_purchased":["Mayhem+1","Shockwave","Combust+1"],"campfire_rested":4,"item_purchase_floors":[39,39,39],"current_hp_per_floor":[80,77,77,66,69,45,45,49,49,49,47,50,50,56,56,34,80,68,60,53,28,28,52,38,38,38,38,38,62,62,52,76,19,80,80,80,76,63,63,57,57,57,57,27,27,17,17,15,39,26],"gold":211,"neow_bonus":"","is_prod":false,"is_daily":false,"chose_seed":false,"campfire_upgraded":7,"win_rate":0.0,"timestamp":1541793433,"path_taken":["M","?","M","?","M","E","R","M","T","R","M","M","R","M","R","BOSS","M","M","M","M","$","R","M","R","T","M","?","R","M","M","R","BOSS","M","?","M","M","$","E","R","M","T","M","R","?","?","?","R","BOSS"],"build_version":"2018-11-08","purchased_purges":2,"victory":true,"max_hp_per_floor":[80,80,80,80,80,80,80,80,80,80,80,80,80,80,80,80,80,80,80,80,80,80,80,80,80,80,80,80,80,80,80,80,80,80,80,80,80,80,80,80,80,80,80,80,80,80,80,80,80,80],"card_choices":[{"not_picked":["Blood for Blood","Searing Blow"],"picked":"Clothesline","floor":1.0},{"not_picked":["Power Through","Perfected Strike"],"picked":"Seeing Red","floor":3.0},{"not_picked":["Clothesline","Sword Boomerang"],"picked":"Pommel Strike","floor":5.0},{"not_picked":["Hemokinesis","Rage"],"picked":"Whirlwind","floor":6.0},{"not_picked":["Anger","Cleave"],"picked":"Body Slam","floor":8.0},{"not_picked":["Combust+1","Thunderclap"],"picked":"Armaments","floor":11.0},{"not_picked":["Dual Wield","Shrug It Off"],"picked":"Inflame+1","floor":12.0},{"not_picked":["True Grit","Perfected Strike"],"picked":"Battle Trance","floor":14.0},{"not_picked":["Berserk+1","Double Tap"],"picked":"Offering","floor":16.0},{"not_picked":["Sever Soul","Anger"],"picked":"Body Slam","floor":18.0},{"not_picked":["Twin Strike","Clothesline+1"],"picked":"Intimidate+1","floor":19.0},{"not_picked":["Searing Blow+1","Brutality+1"],"picked":"Ghostly Armor+1","floor":20.0},{"not_picked":["Pommel Strike","Perfected Strike"],"picked":"Shrug It Off","floor":21.0},{"not_picked":["Body Slam","Perfected Strike+1"],"picked":"Shrug It Off+1","floor":24.0},{"not_picked":["Sword Boomerang+1","Clothesline","Body Slam"],"picked":"SKIP","floor":27.0},{"not_picked":["Anger","Armaments","Infernal Blade"],"picked":"SKIP","floor":30.0},{"not_picked":["Infernal Blade+1","Reckless Charge","Whirlwind"],"picked":"SKIP","floor":31.0},{"not_picked":["Infernal Blade+1","Reckless Charge","Whirlwind"],"picked":"SKIP","floor":31.0},{"not_picked":["Brutality+1","Dark Embrace+1"],"picked":"Double Tap","floor":33},{"not_picked":[],"picked":"Body Slam+1","floor":35},{"not_picked":["Warcry"],"picked":"SKIP","floor":37},{"not_picked":["Burning Pact"],"picked":"SKIP","floor":38},{"not_picked":[],"picked":"Intimidate+1","floor":40},{"not_picked":["Shrug It Off"],"picked":"SKIP","floor":42},{"not_picked":["Pommel Strike+1"],"picked":"SKIP","floor":44},{"not_picked":["Twin Strike"],"picked":"SKIP","floor":48}],"player_experience":0,"relics_obtained":[{"floor":6.0,"key":"Frozen Egg 2"},{"floor":9.0,"key":"Pantograph"},{"floor":26.0,"key":"Paper Frog"},{"floor":40,"key":"Anchor"},{"floor":43,"key":"Bottled Flame"}],"event_choices":[{"damage_healed":0.0,"max_hp_gain":0.0,"max_hp_loss":0.0,"gold_gain":0.0,"event_name":"Scrap Ooze","player_choice":"Success","floor":2.0,"gold_loss":0.0,"damage_taken":3.0,"relics_obtained":["Ornamental Fan"]},{"damage_healed":0.0,"max_hp_gain":0.0,"max_hp_loss":0.0,"gold_gain":75.0,"event_name":"World of Goop","player_choice":"Gather Gold","floor":4.0,"gold_loss":0.0,"damage_taken":11.0},{"damage_healed":0.0,"max_hp_gain":0.0,"max_hp_loss":0.0,"gold_gain":0.0,"event_name":"Back to Basics","player_choice":"Simplicity","floor":28.0,"gold_loss":0.0,"damage_taken":0.0,"cards_upgraded":["Strike_R","Strike_R","Strike_R","Strike_R","Defend_R","Defend_R","Defend_R","Defend_R"]},{"cards_removed":["Armaments"],"damage_healed":0,"gold_gain":0,"player_choice":"Removed Skill","damage_taken":0,"max_hp_gain":0,"max_hp_loss":0,"event_name":"Falling","floor":36,"gold_loss":0},{"damage_healed":0,"gold_gain":0,"player_choice":"Embrace Madness","damage_taken":10,"max_hp_gain":0,"max_hp_loss":0,"event_name":"Winding Halls","floor":46,"gold_loss":0,"cards_obtained":["Madness","Madness"]},{"damage_healed":0,"gold_gain":0,"player_choice":"1 cards matched","damage_taken":0,"max_hp_gain":0,"max_hp_loss":0,"event_name":"Match and Keep!","floor":47,"gold_loss":0,"cards_obtained":["Rage"]}],"is_beta":true,"boss_relics":[{"not_picked":["Black Blood","Runic Pyramid"],"picked":"White Beast Statue"},{"not_picked":["Orrery","Black Star"],"picked":"Busted Crown"}],"items_purged_floors":[22,39],"is_endless":false,"potions_floor_spawned":[5,11,14,18,19,20,21,24,27,30,31,33,35,37,38,40,42,44,48],"ascension_level":0}