{"gold_per_floor":[111,30,30,40,40,40,52,52,52,52,52],"floor_reached":11,"playtime":348,"items_purged":[],"score":104,"play_id":"3b9a367b-8142-4576-8244-c3d09afe6701","local_time":"20190127154159","is_ascension_mode":true,"campfire_choices":[{"data":"Hyperbeam","floor":6,"key":"SMITH"},{"data":"Fusion","floor":8,"key":"SMITH"}],"neow_cost":"NONE","seed_source_timestamp":705870228562675,"circlet_count":0,"master_deck":["AscendersBane","Strike_B","Strike_B","Strike_B","Defend_B","Defend_B","Defend_B","Defend_B","Zap","Dualcast","Hyperbeam+1","Fusion+1","Steam"],"relics":["Cracked Core","Darkstone Periapt"],"potions_floor_usage":[11],"damage_taken":[{"damage":0,"enemies":"Cultist","floor":1,"turns":3},{"damage":2,"enemies":"2 Louse","floor":4,"turns":2},{"damage":0,"enemies":"Small Slimes","floor":7,"turns":2},{"damage":65,"enemies":"Gremlin Nob","floor":11,"turns":4}],"seed_played":"9066382791056681727","potions_obtained":[{"floor":1,"key":"Dexterity Potion"}],"is_trial":false,"path_per_floor":["M","$","?","M","?","R","M","R","T","?","E"],"character_chosen":"DEFECT","items_purchased":["Fusion"],"campfire_rested":0,"item_purchase_floors":[2],"current_hp_per_floor":[64,64,57,55,55,55,55,55,55,60,0],"gold":52,"neow_bonus":"ONE_RANDOM_RARE_CARD","is_prod":false,"is_daily":false,"chose_seed":false,"campfire_upgraded":2,"win_rate":0,"timestamp":1548600119,"path_taken":["M","$","?","M","?","R","M","R","T","?","E"],"build_version":"2019-01-23","purchased_purges":0,"victory":false,"max_hp_per_floor":[71,71,71,71,71,71,71,71,71,76,76],"card_choices":[{"not_picked":["Consume","Stack","Barrage"],"picked":"SKIP","floor":1},{"not_picked":["Undo","Doom and Gloom","Reprogram"],"picked":"SKIP","floor":4},{"not_picked":["Barrage","Rebound"],"picked":"Steam","floor":7}],"player_experience":646633,"relics_obtained":[{"floor":9,"key":"Darkstone Periapt"}],"event_choices":[{"cards_removed":["Strike_B"],"damage_healed":0,"gold_gain":0,"player_choice":"Card Removal","damage_taken":7,"max_hp_gain":0,"max_hp_loss":0,"event_name":"Golden Wing","floor":3,"gold_loss":0},{"damage_healed":0,"gold_gain":0,"player_choice":"Ignored","damage_taken":0,"max_hp_gain":0,"max_hp_loss":0,"event_name":"Liars Game","floor":5,"gold_loss":0},{"damage_healed":0,"gold_gain":0,"player_choice":"Donut","damage_taken":0,"max_hp_gain":5,"max_hp_loss":0,"event_name":"Big Fish","floor":10,"gold_loss":0}],"is_beta":true,"boss_relics":[],"items_purged_floors":[],"is_endless":false,"potions_floor_spawned":[1],"killed_by":"Gremlin Nob","ascension_level":14}