{"gold_per_floor":[118,130,142,116,134,163,178,178,178,230,230,3,3,3,3,3],"floor_reached":16,"playtime":841,"items_purged":[],"score":100,"play_id":"48cd64d0-1984-4582-a425-d7be78f09b41","local_time":"20190204153232","is_ascension_mode":false,"campfire_choices":[{"floor":8,"key":"REST"},{"floor":11,"key":"RECALL"},{"floor":15,"key":"REST"}],"neow_cost":"NONE","seed_source_timestamp":269069221869868,"circlet_count":0,"master_deck":["Defend_G","Defend_G","Defend_G","Defend_G","Defend_G","Strike_G","Strike_G","Strike_G","Strike_G","Survivor","Neutralize","PiercingWail","Acrobatics","Cloak And Dagger","Blade Dance","Deadly Poison","Bane","PiercingWail","Footwork+1","Terror"],"relics":["Ring of the Snake","PreservedInsect","Snake Skull","Tiny Chest"],"potions_floor_usage":[7,7,16],"damage_taken":[{"damage":1,"enemies":"Cultist","floor":1,"turns":3},{"damage":0,"enemies":"2 Louse","floor":2,"turns":4},{"damage":0,"enemies":"Small Slimes","floor":3,"turns":3},{"damage":12,"enemies":"Exordium Wildlife","floor":5,"turns":9},{"damage":55,"enemies":"Lagavulin","floor":6,"turns":8},{"damage":1,"enemies":"Large Slime","floor":7,"turns":4},{"damage":48,"enemies":"Slime Boss","floor":16,"turns":8}],"seed_played":"-4333192494023001693","potions_obtained":[{"floor":3,"key":"Fire Potion"},{"floor":5,"key":"Energy Potion"},{"floor":6,"key":"Fire Potion"}],"is_trial":false,"path_per_floor":["M","M","M","$","M","E","M","R","T","T","R","$","?","?","R","B"],"character_chosen":"THE_SILENT","items_purchased":["Blade Dance","Tiny Chest","Footwork","Terror"],"campfire_rested":2,"item_purchase_floors":[4,12,12,12],"current_hp_per_floor":[76,76,76,76,64,9,8,31,31,31,31,31,24,24,47,0],"gold":3,"neow_bonus":"TEN_PERCENT_HP_BONUS","is_prod":false,"is_daily":false,"chose_seed":false,"campfire_upgraded":0,"win_rate":0,"timestamp":1549290752,"path_taken":["M","M","M","$","M","E","M","R","T","?","R","?","?","?","R","BOSS"],"build_version":"2019-01-23","purchased_purges":0,"victory":false,"max_hp_per_floor":[77,77,77,77,77,77,77,77,77,77,77,77,77,77,77,77],"card_choices":[{"not_picked":["Flying Knee","Concentrate"],"picked":"PiercingWail","floor":1},{"not_picked":["Catalyst","Prepared"],"picked":"Acrobatics","floor":2},{"not_picked":["Dash","Acrobatics"],"picked":"Cloak And Dagger","floor":3},{"not_picked":["All Out Attack","Leg Sweep"],"picked":"Deadly Poison","floor":5},{"not_picked":["Deadly Poison","Quick Slash"],"picked":"Bane","floor":6},{"not_picked":["Poisoned Stab","Deflect"],"picked":"PiercingWail","floor":7}],"player_experience":544022,"relics_obtained":[{"floor":6,"key":"PreservedInsect"},{"floor":10,"key":"Snake Skull"}],"event_choices":[{"cards_removed":["Strike_G"],"damage_healed":0,"gold_gain":0,"player_choice":"Card Removal","damage_taken":7,"max_hp_gain":0,"max_hp_loss":0,"event_name":"Golden Wing","floor":13,"gold_loss":0},{"damage_healed":0,"gold_gain":0,"player_choice":"Grow","damage_taken":0,"max_hp_gain":0,"max_hp_loss":0,"event_name":"Living Wall","floor":14,"gold_loss":0,"cards_upgraded":["Footwork"]}],"is_beta":false,"boss_relics":[],"items_purged_floors":[],"is_endless":false,"potions_floor_spawned":[3,5,6],"killed_by":"Slime Boss","ascension_level":0}