{"gold_per_floor":[116,128,128,0,10,10,40,74,74,10,30,48,48,67,67,67],"floor_reached":16,"playtime":1189,"items_purged":[],"score":107,"play_id":"28babd1a-c1a7-4006-a207-73da7d690360","local_time":"20190130005608","is_ascension_mode":true,"campfire_choices":[{"data":"FTL","floor":6,"key":"SMITH"},{"data":"All For One","floor":13,"key":"SMITH"},{"data":"FTL","floor":15,"key":"SMITH"}],"neow_cost":"NONE","seed_source_timestamp":1276225101379900,"circlet_count":0,"master_deck":["Strike_B","Strike_B","Strike_B","Strike_B","Defend_B","Defend_B","Defend_B","Defend_B","Dualcast","All For One+1","Rebound","FTL+1","FTL+1","Hologram","BootSequence","Go for the Eyes","Beam Cell","FTL","Go for the Eyes","Sweeping Beam"],"relics":["Cracked Core","Odd Mushroom","The Courier","Singing Bowl"],"potions_floor_usage":[16,16,16],"damage_taken":[{"damage":9,"enemies":"Small Slimes","floor":1,"turns":5},{"damage":1,"enemies":"Jaw Worm","floor":2,"turns":3},{"damage":0,"enemies":"Cultist","floor":5,"turns":2},{"damage":15,"enemies":"The Mushroom Lair","floor":7,"turns":5},{"damage":4,"enemies":"3 Sentries","floor":8,"turns":5},{"damage":0,"enemies":"Lots of Slimes","floor":11,"turns":3},{"damage":0,"enemies":"Exordium Wildlife","floor":12,"turns":2},{"damage":0,"enemies":"2 Fungi Beasts","floor":14,"turns":2},{"damage":54,"enemies":"The Guardian","floor":16,"turns":12}],"seed_played":"3671168049683810883","potions_obtained":[{"floor":2,"key":"AttackPotion"},{"floor":5,"key":"Fire Potion"},{"floor":7,"key":"SpeedPotion"},{"floor":14,"key":"SkillPotion"}],"is_trial":false,"path_per_floor":["M","M","?","$","M","R","?","E","T","$","M","M","R","M","R","B"],"character_chosen":"DEFECT","items_purchased":["FTL","Hologram","FTL"],"campfire_rested":0,"item_purchase_floors":[4,4,10],"current_hp_per_floor":[66,65,70,70,70,70,55,51,51,51,53,53,53,53,53,0],"gold":67,"neow_bonus":"TRANSFORM_CARD","is_prod":false,"is_daily":false,"chose_seed":false,"campfire_upgraded":3,"win_rate":0,"timestamp":1548827768,"path_taken":["M","M","?","$","M","R","?","E","T","$","M","?","R","M","R","BOSS"],"build_version":"2019-01-23","purchased_purges":0,"victory":false,"max_hp_per_floor":[75,75,80,80,80,80,80,80,80,80,82,82,82,82,82,82],"card_choices":[{"not_picked":["Reprogram","Leap"],"picked":"Rebound","floor":1},{"not_picked":["Melter","Reprogram"],"picked":"FTL","floor":2},{"not_picked":["Coolheaded","Force Field"],"picked":"BootSequence","floor":5},{"not_picked":["Cold Snap","Static Discharge"],"picked":"Go for the Eyes","floor":7},{"not_picked":["Go for the Eyes","Cold Snap"],"picked":"Beam Cell","floor":8},{"not_picked":["Stack","Fusion","Tempest"],"picked":"Singing Bowl","floor":11},{"not_picked":["Compile Driver","Storm"],"picked":"Go for the Eyes","floor":12},{"not_picked":["Storm","Doom and Gloom"],"picked":"Sweeping Beam","floor":14}],"player_experience":100341,"relics_obtained":[{"floor":7,"key":"Odd Mushroom"},{"floor":8,"key":"The Courier"},{"floor":9,"key":"Singing Bowl"}],"event_choices":[{"damage_healed":0,"gold_gain":0,"player_choice":"Donut","damage_taken":0,"max_hp_gain":5,"max_hp_loss":0,"event_name":"Big Fish","floor":3,"gold_loss":0},{"damage_healed":0,"gold_gain":0,"player_choice":"Fought Mushrooms","damage_taken":0,"max_hp_gain":0,"max_hp_loss":0,"event_name":"Mushrooms","floor":7,"gold_loss":0}],"is_beta":false,"boss_relics":[],"items_purged_floors":[],"is_endless":false,"potions_floor_spawned":[2,5,7,8,14],"killed_by":"The Guardian","ascension_level":1}