{"gold_per_floor":[113,38,38,49,11,42,57,72,95,8,42,60,135,160,160,255,255,273,283,62,62,62,62,95,95,172,182,213,236,236],"floor_reached":30,"playtime":1529,"items_purged":[],"score":346,"play_id":"650b08dd-4a39-48fd-887d-761f658d9131","local_time":"20190124181708","is_ascension_mode":true,"campfire_choices":[{"floor":15,"key":"REST"},{"data":"Noxious Fumes","floor":23,"key":"SMITH"},{"floor":25,"key":"REST"}],"neow_cost":"NONE","seed_source_timestamp":1115181344175109,"circlet_count":0,"master_deck":["Defend_G+1","Defend_G+1","Defend_G+1","Defend_G+1","Defend_G+1","Strike_G+1","Strike_G+1","Strike_G+1","Strike_G+1","Survivor","Neutralize","Deflect","Infinite Blades","Dagger Spray","Accuracy","Backflip","Escape Plan","Backstab","Noxious Fumes+1","Backflip","Backstab","Escape Plan","Unload","Backstab","Finisher","Infinite Blades","J.A.X.","Corpse Explosion","Slice","Slice+1"],"relics":["Ring of the Snake","NeowsBlessing","Omamori","PreservedInsect","Orichalcum","Oddly Smooth Stone","Runic Pyramid","Happy Flower","Tingsha","Mummified Hand","Strawberry","Vajra"],"potions_floor_usage":[8,16,24,24,28],"damage_taken":[{"damage":0,"enemies":"Jaw Worm","floor":1,"turns":1},{"damage":0,"enemies":"Small Slimes","floor":4,"turns":1},{"damage":0,"enemies":"Lagavulin","floor":6,"turns":1},{"damage":3,"enemies":"2 Louse","floor":7,"turns":3},{"damage":16,"enemies":"Large Slime","floor":8,"turns":7},{"damage":34,"enemies":"Gremlin Nob","floor":11,"turns":4},{"damage":8,"enemies":"Blue Slaver","floor":12,"turns":4},{"damage":21,"enemies":"Slime Boss","floor":16,"turns":10},{"damage":8,"enemies":"Shell Parasite","floor":18,"turns":8},{"damage":6,"enemies":"Chosen","floor":19,"turns":4},{"damage":36,"enemies":"Gremlin Leader","floor":24,"turns":6},{"damage":33,"enemies":"Snecko","floor":27,"turns":6},{"damage":6,"enemies":"Book of Stabbing","floor":28,"turns":4},{"damage":9,"enemies":"Shelled Parasite and Fungi","floor":30,"turns":1}],"seed_played":"2864092383377604211","potions_obtained":[{"floor":7,"key":"Regen Potion"},{"floor":11,"key":"Explosive Potion"},{"floor":16,"key":"PowerPotion"},{"floor":19,"key":"Swift Potion"},{"floor":27,"key":"GhostInAJar"}],"is_trial":false,"path_per_floor":["M","$","?","M","$","E","M","M","T","$","E","M","?","T","R","B",null,"M","M","$","?","?","R","E","R","T","M","E","T","M"],"character_chosen":"THE_SILENT","items_purchased":["Infinite Blades","Accuracy","Noxious Fumes","Backflip","Happy Flower","Infinite Blades"],"campfire_rested":2,"item_purchase_floors":[2,5,10,10,20,20],"current_hp_per_floor":[70,70,63,63,63,63,60,56,56,56,22,14,3,3,24,3,70,62,56,56,56,56,56,20,41,41,8,9,9,0],"gold":236,"neow_bonus":"THREE_ENEMY_KILL","is_prod":false,"is_daily":false,"chose_seed":false,"campfire_upgraded":1,"win_rate":0,"timestamp":1548332228,"path_taken":["M","$","?","M","$","E","M","M","T","?","E","M","?","?","R","BOSS","M","M","$","?","?","R","E","R","T","M","E","?","?"],"build_version":"2019-01-23","purchased_purges":0,"victory":false,"max_hp_per_floor":[70,70,70,70,70,70,70,70,70,70,70,70,70,70,70,70,70,70,70,70,70,70,70,70,70,70,70,77,77,77],"card_choices":[{"not_picked":["Prepared","Bane"],"picked":"Deflect","floor":1},{"not_picked":["Expertise","Deadly Poison"],"picked":"Dagger Spray","floor":4},{"not_picked":["Dash","Sucker Punch"],"picked":"Backflip","floor":6},{"not_picked":["Well Laid Plans","Acrobatics"],"picked":"Escape Plan","floor":7},{"not_picked":["Dagger Spray","Outmaneuver"],"picked":"Backstab","floor":8},{"not_picked":["Doppelganger","Sucker Punch"],"picked":"Backstab","floor":11},{"not_picked":["Outmaneuver","Underhanded Strike"],"picked":"Escape Plan","floor":12},{"not_picked":["Die Die Die","Glass Knife"],"picked":"Unload","floor":16},{"not_picked":["Blade Dance+1","Bouncing Flask"],"picked":"Backstab","floor":18},{"not_picked":["Dodge and Roll","Poisoned Stab"],"picked":"Finisher","floor":19},{"not_picked":["All Out Attack","Quick Slash"],"picked":"Corpse Explosion","floor":24},{"not_picked":["Dagger Spray+1","Flechettes+1"],"picked":"Slice","floor":27},{"not_picked":["Deadly Poison","Deflect+1"],"picked":"Slice+1","floor":28}],"player_experience":648736,"relics_obtained":[{"floor":6,"key":"Omamori"},{"floor":9,"key":"PreservedInsect"},{"floor":11,"key":"Orichalcum"},{"floor":14,"key":"Oddly Smooth Stone"},{"floor":24,"key":"Tingsha"},{"floor":26,"key":"Mummified Hand"},{"floor":28,"key":"Strawberry"},{"floor":29,"key":"Vajra"}],"event_choices":[{"cards_removed":["Strike_G"],"damage_healed":0,"gold_gain":0,"player_choice":"Card Removal","damage_taken":7,"max_hp_gain":0,"max_hp_loss":0,"event_name":"Golden Wing","floor":3,"gold_loss":0},{"damage_healed":0,"gold_gain":75,"player_choice":"Gather Gold","damage_taken":11,"max_hp_gain":0,"max_hp_loss":0,"event_name":"World of Goop","floor":13,"gold_loss":0},{"damage_healed":0,"gold_gain":0,"player_choice":"Obtain J.A.X.","damage_taken":0,"max_hp_gain":0,"max_hp_loss":0,"event_name":"Drug Dealer","floor":21,"gold_loss":0,"cards_obtained":["J.A.X."]},{"damage_healed":0,"gold_gain":0,"player_choice":"Simplicity","damage_taken":0,"max_hp_gain":0,"max_hp_loss":0,"event_name":"Back to Basics","floor":22,"gold_loss":0,"cards_upgraded":["Defend_G","Defend_G","Defend_G","Defend_G","Defend_G","Strike_G","Strike_G","Strike_G","Strike_G"]}],"is_beta":false,"boss_relics":[{"not_picked":["Busted Crown","Black Star"],"picked":"Runic Pyramid"}],"items_purged_floors":[],"is_endless":false,"potions_floor_spawned":[7,11,16,19,27],"killed_by":"Shelled Parasite and Fungi","ascension_level":3}