{"gold_per_floor":[114,134,134,148,167,225,225,252,252,277,288,288,321,340,340,443,443,463,463,473,488,95,126,41,141,211,227,227,246,246,279,279,380,380,400,400,416,432,443,476,476,494,565,591,606,620,633,10,10,10],"floor_reached":51,"playtime":4810,"items_purged":["Strike_B","Strike_B"],"score":883,"play_id":"101d03ae-9e03-49ea-a157-8b4f9da0dce4","local_time":"20190203201155","is_ascension_mode":false,"campfire_choices":[{"data":"Zap","floor":12,"key":"SMITH"},{"floor":15,"key":"REST"},{"floor":28,"key":"REST"},{"floor":32,"key":"REST"},{"data":"Loop","floor":41,"key":"SMITH"},{"data":"Heatsinks","floor":49,"key":"SMITH"}],"neow_cost":"NONE","seed_source_timestamp":370849000854000,"circlet_count":0,"master_deck":["Defend_B","Defend_B","Defend_B","Defend_B","Zap+1","Dualcast","Rebound","Steam Power","Reinforced Body","Go for the Eyes","Machine Learning","Loop+1","Streamline","Leap","Rip and Tear","Electrodynamics","Genetic Algorithm","Melter","Cold Snap+1","Biased Cognition","Auto Shields","Go for the Eyes+1","Defragment","Glacier+1","Biased Cognition","Defragment+1","Defragment+1","Force Field","Defragment","Darkness+1","Steam+1","Heatsinks+1"],"relics":["Cracked Core","Letter Opener","Tiny Chest","Blue Candle","Vajra","Pocketwatch","Mercury Hourglass","White Beast Statue","Mummified Hand","Boot","Pantograph","StoneCalendar","Darkstone Periapt","Singing Bowl","Anchor","Velvet Choker","Dead Branch","Ornamental Fan","Sundial","FossilizedHelix","Potion Belt"],"potions_floor_usage":[6,8,8,13,16,18,21,23,25,33,33,44,50,50,50,50,50],"damage_taken":[{"damage":0,"enemies":"2 Louse","floor":1,"turns":4},{"damage":0,"enemies":"Small Slimes","floor":2,"turns":3},{"damage":1,"enemies":"Cultist","floor":4,"turns":3},{"damage":0,"enemies":"2 Fungi Beasts","floor":5,"turns":5},{"damage":8,"enemies":"Gremlin Nob","floor":6,"turns":3},{"damage":8,"enemies":"Lagavulin","floor":8,"turns":5},{"damage":14,"enemies":"3 Sentries","floor":10,"turns":8},{"damage":2,"enemies":"Looter","floor":11,"turns":3},{"damage":12,"enemies":"Gremlin Nob","floor":13,"turns":3},{"damage":0,"enemies":"3 Louse","floor":14,"turns":2},{"damage":2,"enemies":"Slime Boss","floor":16,"turns":7},{"damage":12,"enemies":"2 Thieves","floor":18,"turns":3},{"damage":5,"enemies":"Spheric Guardian","floor":20,"turns":4},{"damage":7,"enemies":"Centurion and Healer","floor":21,"turns":4},{"damage":13,"enemies":"Gremlin Leader","floor":23,"turns":5},{"damage":6,"enemies":"Colosseum Slavers","floor":25,"turns":3},{"damage":7,"enemies":"Colosseum Nobs","floor":25,"turns":2},{"damage":1,"enemies":"Snecko","floor":27,"turns":4},{"damage":0,"enemies":"Cultist and Chosen","floor":29,"turns":3},{"damage":27,"enemies":"Slavers","floor":31,"turns":5},{"damage":30,"enemies":"Champ","floor":33,"turns":10},{"damage":1,"enemies":"3 Darklings","floor":35,"turns":5},{"damage":0,"enemies":"3 Shapes","floor":37,"turns":5},{"damage":0,"enemies":"3 Darklings","floor":38,"turns":3},{"damage":11,"enemies":"Spire Growth","floor":39,"turns":4},{"damage":2,"enemies":"Reptomancer","floor":40,"turns":7},{"damage":0,"enemies":"Sphere and 2 Shapes","floor":42,"turns":3},{"damage":0,"enemies":"Giant Head","floor":44,"turns":8},{"damage":0,"enemies":"4 Shapes","floor":45,"turns":3},{"damage":0,"enemies":"Spire Growth","floor":46,"turns":5},{"damage":0,"enemies":"Maw","floor":47,"turns":7},{"damage":0,"enemies":"Donu and Deca","floor":50,"turns":8}],"seed_played":"8251071947019836794","potions_obtained":[{"floor":0,"key":"Poison Potion"},{"floor":0,"key":"PowerPotion"},{"floor":0,"key":"SkillPotion"},{"floor":6,"key":"Poison Potion"},{"floor":8,"key":"PowerPotion"},{"floor":10,"key":"EntropicBrew"},{"floor":13,"key":"Block Potion"},{"floor":14,"key":"GamblersBrew"},{"floor":18,"key":"PowerPotion"},{"floor":20,"key":"SteroidPotion"},{"floor":21,"key":"FocusPotion"},{"floor":23,"key":"Weak Potion"},{"floor":25,"key":"FearPotion"},{"floor":29,"key":"Strength Potion"},{"floor":31,"key":"EssenceOfSteel"},{"floor":33,"key":"AttackPotion"},{"floor":35,"key":"EssenceOfSteel"},{"floor":37,"key":"LiquidBronze"},{"floor":39,"key":"Fire Potion"},{"floor":45,"key":"FearPotion"}],"is_trial":false,"path_per_floor":["M","M","?","M","M","E","?","E","T","E","M","R","E","M","R","B",null,"M","?","M","M","$","E","?","?","T","M","R","M","?","E","R","B",null,"M","?","M","M","M","E","R","M","T","E","M","M","M","$","R","B",null],"character_chosen":"DEFECT","items_purchased":["Mummified Hand","Biased Cognition","FossilizedHelix","Potion Belt","Heatsinks"],"campfire_rested":3,"item_purchase_floors":[22,22,48,48,48],"current_hp_per_floor":[75,75,72,71,71,63,63,55,55,41,39,39,27,27,49,47,75,63,63,58,51,51,38,38,25,25,26,49,49,49,22,45,40,77,76,76,78,80,71,71,71,73,73,73,73,73,73,73,73,87],"gold":10,"neow_bonus":"THREE_SMALL_POTIONS","is_prod":false,"is_daily":false,"chose_seed":false,"campfire_upgraded":3,"win_rate":0.0,"timestamp":1549195915,"path_taken":["M","M","?","M","M","E","?","E","T","E","M","R","E","?","R","BOSS","M","?","M","M","$","E","?","?","T","M","R","M","?","E","R","BOSS","M","?","?","M","?","E","R","M","T","E","M","M","M","$","R","BOSS"],"build_version":"2019-01-23","purchased_purges":2,"victory":true,"max_hp_per_floor":[75,75,75,75,75,75,75,75,75,75,75,75,75,75,75,75,75,75,75,75,75,75,75,75,75,75,77,77,77,77,77,77,77,77,77,77,79,81,83,85,85,87,87,87,87,87,87,87,87,87],"card_choices":[{"not_picked":["Gash","Turbo"],"picked":"Rebound","floor":1},{"not_picked":["Chill","Conserve Battery"],"picked":"Steam Power","floor":2},{"not_picked":["Consume","Double Energy"],"picked":"Reinforced Body","floor":4},{"not_picked":["Hello World","Beam Cell"],"picked":"Go for the Eyes","floor":5},{"not_picked":["Loop","White Noise"],"picked":"Machine Learning","floor":6},{"not_picked":["Redo","Sweeping Beam","Blizzard"],"picked":"SKIP","floor":8},{"not_picked":["Rip and Tear","Multi-Cast"],"picked":"Loop","floor":10},{"not_picked":["Fusion","Sweeping Beam"],"picked":"Streamline","floor":11},{"not_picked":["Redo","Hologram"],"picked":"Leap","floor":13},{"not_picked":["Coolheaded","Storm"],"picked":"Rip and Tear","floor":14},{"not_picked":["All For One","Machine Learning"],"picked":"Electrodynamics","floor":16},{"not_picked":["Conserve Battery","Capacitor"],"picked":"Genetic Algorithm","floor":18},{"not_picked":["Streamline","Lockon"],"picked":"Melter","floor":20},{"not_picked":["Doom and Gloom","Aggregate"],"picked":"Cold Snap+1","floor":21},{"not_picked":["Redo","Compile Driver"],"picked":"Auto Shields","floor":23},{"not_picked":["Coolheaded","Barrage"],"picked":"Go for the Eyes+1","floor":25},{"not_picked":["Tempest","Beam Cell","Blizzard"],"picked":"Singing Bowl","floor":27},{"not_picked":["Reprogram","Chill"],"picked":"Defragment","floor":29},{"not_picked":["Beam Cell","Skim+1"],"picked":"Glacier+1","floor":31},{"not_picked":["Machine Learning","Hyperbeam"],"picked":"Biased Cognition","floor":33},{"not_picked":["Undo","Hologram"],"picked":"Defragment+1","floor":35},{"not_picked":["Beam Cell+1","Reinforced Body+1","Leap"],"picked":"Singing Bowl","floor":37},{"not_picked":["Conserve Battery","Glacier+1","Cold Snap+1"],"picked":"Singing Bowl","floor":38},{"not_picked":["Melter","Compile Driver+1","Steam"],"picked":"Singing Bowl","floor":39},{"not_picked":["Multi-Cast","Doom and Gloom","Redo+1"],"picked":"Singing Bowl","floor":40},{"not_picked":["Sweeping Beam","Chill","Beam Cell+1"],"picked":"Singing Bowl","floor":42},{"not_picked":["Hello World","Ball Lightning"],"picked":"Force Field","floor":44},{"not_picked":["Hologram","Skim+1"],"picked":"Defragment","floor":45},{"not_picked":["Rebound+1","Redo+1"],"picked":"Darkness+1","floor":46},{"not_picked":["Compile Driver+1","Doom and Gloom"],"picked":"Steam+1","floor":47}],"player_experience":283781,"relics_obtained":[{"floor":6,"key":"Tiny Chest"},{"floor":8,"key":"Blue Candle"},{"floor":9,"key":"Vajra"},{"floor":10,"key":"Pocketwatch"},{"floor":13,"key":"Mercury Hourglass"},{"floor":23,"key":"Boot"},{"floor":25,"key":"StoneCalendar"},{"floor":25,"key":"Darkstone Periapt"},{"floor":26,"key":"Singing Bowl"},{"floor":31,"key":"Anchor"},{"floor":40,"key":"Dead Branch"},{"floor":43,"key":"Ornamental Fan"},{"floor":44,"key":"Sundial"}],"event_choices":[{"damage_healed":0,"gold_gain":0,"player_choice":"Success","damage_taken":3,"relics_obtained":["Letter Opener"],"max_hp_gain":0,"max_hp_loss":0,"event_name":"Scrap Ooze","floor":3,"gold_loss":0},{"cards_removed":["Strike_B"],"damage_healed":0,"gold_gain":0,"player_choice":"Offered Basic","damage_taken":0,"max_hp_gain":0,"max_hp_loss":0,"event_name":"Bonfire Elementals","floor":7,"gold_loss":0},{"cards_removed":["Strike_B"],"damage_healed":0,"gold_gain":0,"player_choice":"Elegance","damage_taken":0,"max_hp_gain":0,"max_hp_loss":0,"event_name":"Back to Basics","floor":19,"gold_loss":0},{"damage_healed":0,"gold_gain":0,"player_choice":"Obtained Relic","damage_taken":0,"relics_obtained":["Pantograph"],"max_hp_gain":0,"max_hp_loss":0,"event_name":"Addict","floor":24,"gold_loss":85},{"damage_healed":0,"gold_gain":0,"player_choice":"Fight","damage_taken":0,"max_hp_gain":0,"max_hp_loss":0,"event_name":"Colosseum","floor":25,"gold_loss":0},{"damage_healed":0,"gold_gain":0,"player_choice":"Fought Nobs","damage_taken":0,"max_hp_gain":0,"max_hp_loss":0,"event_name":"Colosseum","floor":25,"gold_loss":0},{"damage_healed":0,"gold_gain":0,"player_choice":"Ignored","damage_taken":0,"max_hp_gain":0,"max_hp_loss":0,"event_name":"The Mausoleum","floor":30,"gold_loss":0},{"damage_healed":0,"gold_gain":0,"player_choice":"Copied","damage_taken":0,"max_hp_gain":0,"max_hp_loss":0,"event_name":"Duplicator","floor":36,"gold_loss":0,"cards_obtained":["Defragment"]}],"is_beta":false,"boss_relics":[{"not_picked":["Cursed Key","Sozu"],"picked":"White Beast Statue"},{"not_picked":["Coffee Dripper","Calling Bell"],"picked":"Velvet Choker"}],"items_purged_floors":[22,48],"is_endless":false,"potions_floor_spawned":[5,6,8,10,11,13,14,18,20,21,23,25,25,27,29,31,33,35,37,38,39,40,42,44,45,46,47],"ascension_level":0}