{"path_per_floor":["M","?","?","?","?","R","?","E","T","E","M","R","$","?","R","B",null,"M","?","M","M","?","R","M","?","T","E","R","M","R","M","R","B",null,"M","?","$","M","M","R","M","R","T","E","M","$","R","M","R","B"],"character_chosen":"DEFECT","items_purchased":["Sweeping Beam","Defragment","BootSequence","Storm","Letter Opener","Regal Pillow","Doom and Gloom","Static Discharge"],"gold_per_floor":[109,109,89,164,164,164,114,145,170,201,212,212,15,15,15,116,116,131,131,142,154,79,79,90,5,5,39,39,50,50,68,68,172,172,182,182,121,134,145,145,155,155,455,480,499,50,50,60,60,60],"floor_reached":51,"campfire_rested":2,"playtime":3318,"item_purchase_floors":[13,13,13,37,46,46,46,46],"current_hp_per_floor":[73,66,66,55,55,55,55,22,29,26,26,26,26,10,34,27,82,82,82,77,77,77,77,65,65,65,53,53,53,53,53,53,61,82,75,84,84,84,54,54,49,49,49,30,30,30,73,73,73,54],"items_purged":["Defend_B"],"gold":60,"score":903,"play_id":"4cb30a62-45f9-4d17-8e6f-bdf7100992c9","local_time":"20180611195249","is_prod":false,"is_daily":false,"chose_seed":false,"is_ascension_mode":false,"campfire_upgraded":9,"win_rate":0.0,"timestamp":1528739569,"campfire_choices":[{"data":"FTL","floor":6,"key":"SMITH"},{"data":"Reboot","floor":12,"key":"SMITH"},{"floor":15,"key":"REST"},{"data":"Defragment","floor":23,"key":"SMITH"},{"data":"Static Discharge","floor":28,"key":"SMITH"},{"data":"Electrodynamics","floor":30,"key":"SMITH"},{"data":"Dualcast","floor":32,"key":"SMITH"},{"data":"Storm","floor":40,"key":"SMITH"},{"data":"Creative AI","floor":42,"key":"SMITH"},{"floor":47,"key":"REST"},{"data":"Static Discharge","floor":49,"key":"SMITH"}],"path_taken":["M","?","?","?","?","R","?","E","T","E","M","R","?","?","R","BOSS","M","?","M","M","?","R","M","?","T","E","R","M","R","M","R","BOSS","M","?","$","M","M","R","M","R","T","E","M","$","R","M","R","BOSS"],"build_version":"2018-06-07v3","seed_source_timestamp":13810163506107,"purchased_purges":1,"victory":true,"master_deck":["Strike_B+1","Strike_B+1","Defend_B+1","Zap+1","Dualcast+1","FTL+1","Reboot+1","Sweeping Beam","Defragment+1","BootSequence+1","Electrodynamics+1","Compile Driver+1","Rebound","Static Discharge+1","Hologram","Creative AI+1","Redo+1","Storm+1","Leap+1","Glacier+1","Seek","Doom and Gloom","Static Discharge+1"],"max_hp_per_floor":[75,75,75,75,75,75,75,75,82,82,82,82,82,82,82,82,82,82,82,82,82,82,82,82,82,82,82,82,82,82,82,82,82,82,82,96,96,96,96,96,96,96,96,96,96,96,96,96,96,96],"relics":["Cracked Core","Juzu Bracelet","Whetstone","Strawberry","The Courier","Busted Crown","Shuriken","Pantograph","Ornamental Fan","Sozu","Mango","Old Coin","War Paint","Letter Opener","Regal Pillow"],"card_choices":[{"not_picked":["Coolheaded","Blizzard"],"picked":"FTL","floor":1},{"not_picked":["Consume","Stack","Amplify"],"picked":"SKIP","floor":8},{"not_picked":["Cold Snap","Compile Driver","Barrage"],"picked":"SKIP","floor":10},{"not_picked":["Compile Driver","Force Field"],"picked":"Reboot","floor":11},{"not_picked":["Creative AI","Biased Cognition"],"picked":"Electrodynamics","floor":16},{"not_picked":[],"picked":"Compile Driver+1","floor":18},{"not_picked":["Go for the Eyes"],"picked":"SKIP","floor":20},{"not_picked":["Cold Snap+1"],"picked":"SKIP","floor":21},{"not_picked":["Redo"],"picked":"SKIP","floor":24},{"not_picked":[],"picked":"Static Discharge","floor":27},{"not_picked":["Undo"],"picked":"SKIP","floor":29},{"not_picked":[],"picked":"Hologram","floor":31},{"not_picked":[],"picked":"Creative AI","floor":33},{"not_picked":[],"picked":"Redo+1","floor":35},{"not_picked":["Coolheaded+1"],"picked":"SKIP","floor":38},{"not_picked":["Steam"],"picked":"SKIP","floor":39},{"not_picked":[],"picked":"Leap","floor":41},{"not_picked":[],"picked":"Glacier+1","floor":44},{"not_picked":[],"picked":"Seek","floor":45},{"not_picked":["Consume+1"],"picked":"SKIP","floor":48}],"player_experience":181308,"potions_floor_usage":[8,10,21,27,33,50,50],"damage_taken":[{"damage":2,"enemies":"Jaw Worm","floor":1,"turns":4},{"damage":33,"enemies":"Gremlin Nob","floor":8,"turns":5},{"damage":3,"enemies":"3 Sentries","floor":10,"turns":3},{"damage":0,"enemies":"2 Louse","floor":11,"turns":1},{"damage":7,"enemies":"Slime Boss","floor":16,"turns":8},{"damage":0,"enemies":"Spheric Guardian","floor":18,"turns":3},{"damage":5,"enemies":"2 Thieves","floor":20,"turns":2},{"damage":0,"enemies":"3 Cultists","floor":21,"turns":3},{"damage":12,"enemies":"Snecko","floor":24,"turns":4},{"damage":12,"enemies":"Book of Stabbing","floor":27,"turns":3},{"damage":0,"enemies":"Centurion and Healer","floor":29,"turns":3},{"damage":0,"enemies":"Sentry and Sphere","floor":31,"turns":3},{"damage":17,"enemies":"Champ","floor":33,"turns":6},{"damage":7,"enemies":"3 Darklings","floor":35,"turns":2},{"damage":12,"floor":36,"turns":5},{"damage":0,"enemies":"Orb Walker","floor":38,"turns":2},{"damage":30,"enemies":"Maw","floor":39,"turns":5},{"damage":5,"enemies":"Sphere and 2 Shapes","floor":41,"turns":3},{"damage":19,"enemies":"2 Orb Walkers","floor":44,"turns":3},{"damage":0,"enemies":"3 Darklings","floor":45,"turns":1},{"damage":0,"enemies":"Maw","floor":48,"turns":6},{"damage":42,"enemies":"Donu and Deca","floor":50,"turns":4}],"relics_obtained":[{"floor":8,"key":"Whetstone"},{"floor":9,"key":"Strawberry"},{"floor":10,"key":"The Courier"},{"floor":26,"key":"Pantograph"},{"floor":27,"key":"Ornamental Fan"},{"floor":36,"key":"Mango"},{"floor":43,"key":"Old Coin"},{"floor":44,"key":"War Paint"}],"event_choices":[{"event_name":"Golden Wing","player_choice":"Card Removal","floor":2,"damage_taken":0},{"event_name":"The Woman in Blue","player_choice":"Bought 1 Potion","floor":3,"damage_taken":0},{"event_name":"World of Goop","player_choice":"Gather Gold","floor":4,"damage_taken":0},{"event_name":"Bonfire Elementals","player_choice":"BASIC","floor":5,"damage_taken":0},{"event_name":"The Cleric","player_choice":"Card Removal","floor":7,"damage_taken":0},{"event_name":"Shining Light","player_choice":"Entered Light","floor":14,"damage_taken":0},{"event_name":"The Library","player_choice":"Read","floor":19,"damage_taken":0},{"event_name":"Beggar","player_choice":"Gave Gold","floor":22,"damage_taken":0},{"event_name":"Addict","player_choice":"Obtained Relic","floor":25,"damage_taken":0},{"event_name":"MindBloom","player_choice":"Fight","floor":36,"damage_taken":0}],"boss_relics":[{"not_picked":["Tiny House","Philosopher\u0027s Stone"],"picked":"Busted Crown"},{"not_picked":["Runic Dome","Calling Bell"],"picked":"Sozu"}],"items_purged_floors":[13],"potions_floor_spawned":[8,10,20,24,27,33,35,41,44,45,48],"seed_played":"8271006209731216920","ascension_level":0,"potions_obtained":[{"floor":3,"key":"SkillPotion"},{"floor":8,"key":"PowerPotion"},{"floor":10,"key":"SteroidPotion"},{"floor":20,"key":"Explosive Potion"},{"floor":24,"key":"Fire Potion"},{"floor":27,"key":"SpeedPotion"},{"floor":33,"key":"Swift Potion"}],"is_trial":false}