{"gold_per_floor":[119,134,134,84,107,107,146,146,169,185,110,110,110,143,143,271,271,291,291,310,166,179,210,223,223,247,270,305,326,351,369,369,490,490,508,1,24,37,57,100,100,200,224,224,93,114,134,150,150,150],"floor_reached":51,"playtime":3342,"items_purged":["Strike_R","Strike_R","Defend_R"],"score":868,"play_id":"8d49a537-56ea-4d2e-8e36-2ddb5a4ff18a","local_time":"20190128140342","is_ascension_mode":true,"campfire_choices":[{"data":"Armaments","floor":6,"key":"SMITH"},{"data":"Shockwave","floor":8,"key":"SMITH"},{"data":"Bludgeon","floor":12,"key":"SMITH"},{"floor":15,"key":"REST"},{"data":"Seeing Red","floor":25,"key":"SMITH"},{"data":"Metallicize","floor":32,"key":"SMITH"},{"data":"Double Tap","floor":41,"key":"SMITH"},{"data":"Body Slam","floor":44,"key":"SMITH"},{"floor":49,"key":"REST"}],"neow_cost":"NONE","seed_source_timestamp":14891722769400,"circlet_count":0,"master_deck":["Defend_R+1","Defend_R","Defend_R","Bash","Shockwave+1","Spot Weakness+1","Armaments+1","Bludgeon+1","Body Slam+1","Seeing Red+1","Reaper","Carnage+1","Metallicize+1","Whirlwind+1","Double Tap+1","Shrug It Off","Ghostly Armor","Rage+1","Juggernaut","Metallicize","Inflame","Battle Trance+1"],"relics":["Burning Blood","Golden Idol","PreservedInsect","Bag of Marbles","War Paint","Velvet Choker","Oddly Smooth Stone","Matryoshka","Smiling Mask","Ancient Tea Set","Anchor","Philosopher\u0027s Stone","Mummified Hand","Vajra","Regal Pillow","Lantern","Strawberry"],"potions_floor_usage":[14,20,27,28,30,47,50,50],"damage_taken":[{"damage":3,"enemies":"Jaw Worm","floor":1,"turns":5},{"damage":0,"enemies":"2 Louse","floor":2,"turns":4},{"damage":0,"enemies":"Small Slimes","floor":5,"turns":3},{"damage":27,"enemies":"Gremlin Nob","floor":7,"turns":5},{"damage":3,"enemies":"2 Fungi Beasts","floor":10,"turns":4},{"damage":10,"enemies":"Lagavulin","floor":14,"turns":3},{"damage":28,"enemies":"Slime Boss","floor":16,"turns":9},{"damage":9,"enemies":"Shell Parasite","floor":18,"turns":3},{"damage":2,"enemies":"Chosen","floor":20,"turns":3},{"damage":10,"enemies":"Shelled Parasite and Fungi","floor":22,"turns":3},{"damage":0,"enemies":"Gremlin Leader","floor":23,"turns":3},{"damage":11,"enemies":"Snake Plant","floor":24,"turns":3},{"damage":0,"enemies":"3 Cultists","floor":27,"turns":2},{"damage":15,"enemies":"Book of Stabbing","floor":28,"turns":3},{"damage":3,"enemies":"Centurion and Healer","floor":29,"turns":4},{"damage":0,"enemies":"Cultist and Chosen","floor":30,"turns":6},{"damage":10,"enemies":"Shelled Parasite and Fungi","floor":31,"turns":2},{"damage":31,"enemies":"Collector","floor":33,"turns":7},{"damage":0,"enemies":"3 Shapes","floor":35,"turns":1},{"damage":45,"enemies":"3 Darklings","floor":37,"turns":4},{"damage":0,"enemies":"Transient","floor":38,"turns":5},{"damage":8,"enemies":"Jaw Worm Horde","floor":39,"turns":2},{"damage":0,"enemies":"Reptomancer","floor":40,"turns":2},{"damage":33,"enemies":"3 Darklings","floor":46,"turns":3},{"damage":29,"enemies":"Transient","floor":47,"turns":5},{"damage":8,"enemies":"Sphere and 2 Shapes","floor":48,"turns":3},{"damage":19,"enemies":"Donu and Deca","floor":50,"turns":7}],"seed_played":"-2488041987672347915","potions_obtained":[{"floor":2,"key":"SkillPotion"},{"floor":5,"key":"SteroidPotion"},{"floor":10,"key":"Strength Potion"},{"floor":16,"key":"SpeedPotion"},{"floor":24,"key":"Explosive Potion"},{"floor":27,"key":"Fruit Juice"},{"floor":28,"key":"SpeedPotion"},{"floor":33,"key":"Dexterity Potion"},{"floor":46,"key":"Fire Potion"},{"floor":47,"key":"AttackPotion"}],"is_trial":false,"path_per_floor":["M","M","?","?","M","R","E","R","T","M","$","R","?","E","R","B",null,"M","?","M","$","M","E","M","R","T","M","E","M","M","M","R","B",null,"M","$","M","M","M","E","R","?","T","R","$","M","M","M","R","B",null],"character_chosen":"IRONCLAD","items_purchased":["Oddly Smooth Stone","Mummified Hand","Vajra","Metallicize","Inflame"],"campfire_rested":2,"item_purchase_floors":[21,36,36,36,45],"current_hp_per_floor":[80,80,60,60,66,66,45,45,45,48,48,48,53,49,74,52,85,82,82,85,85,81,85,80,80,80,85,76,79,85,81,81,66,85,85,85,83,85,83,85,85,85,92,92,92,65,42,46,88,75],"gold":150,"neow_bonus":"REMOVE_CARD","is_prod":false,"is_daily":false,"chose_seed":false,"campfire_upgraded":7,"win_rate":0,"timestamp":1548655422,"path_taken":["M","M","?","?","M","R","E","R","T","M","$","R","?","E","R","BOSS","M","?","M","$","M","E","M","R","T","?","E","M","M","M","R","BOSS","M","$","M","M","M","E","R","?","T","R","$","?","M","M","R","BOSS"],"build_version":"2019-01-23","purchased_purges":3,"victory":true,"max_hp_per_floor":[80,80,80,80,80,80,80,80,80,80,80,80,85,85,85,85,85,85,85,85,85,85,85,85,85,85,85,85,85,85,85,85,85,85,85,85,85,85,85,85,85,85,92,92,92,92,92,92,92,92],"card_choices":[{"not_picked":["Headbutt","Feel No Pain"],"picked":"Shockwave","floor":1},{"not_picked":["Searing Blow","Disarm"],"picked":"Spot Weakness","floor":2},{"not_picked":["Searing Blow","Disarm"],"picked":"Armaments","floor":5},{"not_picked":["Headbutt","Wild Strike"],"picked":"Bludgeon","floor":7},{"not_picked":["Flex","Clothesline"],"picked":"Body Slam","floor":10},{"not_picked":["Sword Boomerang","Battle Trance"],"picked":"Seeing Red","floor":14},{"not_picked":["Offering","Berserk"],"picked":"Reaper","floor":16},{"not_picked":["Second Wind","Sword Boomerang"],"picked":"Carnage+1","floor":18},{"not_picked":["Clash","Evolve"],"picked":"Metallicize","floor":20},{"not_picked":["Clothesline","Body Slam"],"picked":"Whirlwind+1","floor":22},{"not_picked":["Shockwave","Flex"],"picked":"Double Tap","floor":23},{"not_picked":["Iron Wave","Havoc"],"picked":"Shrug It Off","floor":24},{"not_picked":["True Grit","Havoc+1"],"picked":"Ghostly Armor","floor":27},{"not_picked":["Headbutt","Exhume","Flame Barrier"],"picked":"SKIP","floor":28},{"not_picked":["Feel No Pain","Hemokinesis","Intimidate"],"picked":"SKIP","floor":29},{"not_picked":["Wild Strike","Anger"],"picked":"Rage+1","floor":30},{"not_picked":["Havoc","Body Slam","Thunderclap"],"picked":"SKIP","floor":31},{"not_picked":["Berserk","Limit Break"],"picked":"Juggernaut","floor":33},{"not_picked":["Warcry+1","Thunderclap+1","Power Through+1"],"picked":"SKIP","floor":35},{"not_picked":["Wild Strike+1","Reckless Charge+1","Thunderclap"],"picked":"SKIP","floor":37},{"not_picked":["Wild Strike+1","Sword Boomerang","Corruption+1"],"picked":"SKIP","floor":38},{"not_picked":["Spot Weakness","Body Slam+1","Heavy Blade"],"picked":"SKIP","floor":39},{"not_picked":["Armaments+1","Clash+1","Fiend Fire"],"picked":"SKIP","floor":40},{"not_picked":["Thunderclap","Body Slam+1","Cleave+1"],"picked":"SKIP","floor":46},{"not_picked":["True Grit+1","Cleave","Sword Boomerang+1"],"picked":"SKIP","floor":47},{"not_picked":["Body Slam+1","Havoc+1"],"picked":"Battle Trance+1","floor":48}],"player_experience":173883,"relics_obtained":[{"floor":7,"key":"PreservedInsect"},{"floor":9,"key":"Bag of Marbles"},{"floor":14,"key":"War Paint"},{"floor":23,"key":"Matryoshka"},{"floor":26,"key":"Smiling Mask"},{"floor":26,"key":"Ancient Tea Set"},{"floor":28,"key":"Anchor"},{"floor":40,"key":"Regal Pillow"},{"floor":43,"key":"Lantern"},{"floor":43,"key":"Strawberry"}],"event_choices":[{"damage_healed":0,"gold_gain":0,"player_choice":"Take Damage","damage_taken":20,"relics_obtained":["Golden Idol"],"max_hp_gain":0,"max_hp_loss":0,"event_name":"Golden Idol","floor":3,"gold_loss":0},{"cards_removed":["Strike_R"],"damage_healed":0,"gold_gain":0,"player_choice":"Card Removal","damage_taken":0,"max_hp_gain":0,"max_hp_loss":0,"event_name":"The Cleric","floor":4,"gold_loss":50},{"damage_healed":0,"gold_gain":0,"player_choice":"Donut","damage_taken":0,"max_hp_gain":5,"max_hp_loss":0,"event_name":"Big Fish","floor":13,"gold_loss":0},{"cards_removed":["Strike_R"],"damage_healed":0,"gold_gain":0,"player_choice":"Offered Basic","damage_taken":0,"max_hp_gain":0,"max_hp_loss":0,"event_name":"Bonfire Elementals","floor":19,"gold_loss":0},{"damage_healed":0,"gold_gain":100,"player_choice":"Pray","damage_taken":0,"max_hp_gain":0,"max_hp_loss":0,"event_name":"Golden Shrine","floor":42,"gold_loss":0}],"is_beta":false,"boss_relics":[{"not_picked":["Cursed Key","Runic Cube"],"picked":"Velvet Choker"},{"not_picked":["Black Blood","Black Star"],"picked":"Philosopher\u0027s Stone"}],"items_purged_floors":[11,36,45],"is_endless":false,"potions_floor_spawned":[2,5,10,16,24,27,28,33,46,47,48],"ascension_level":3}