{"gold_per_floor":[119,133,146,146,156,156,156,186,186,200,375,375,475,493,493,493],"floor_reached":16,"playtime":599,"items_purged":[],"score":92,"play_id":"63976d3f-6a81-49f0-8cc2-f83a31fcc68d","local_time":"20190128130313","is_ascension_mode":false,"campfire_choices":[{"floor":6,"key":"REST"},{"floor":12,"key":"REST"},{"floor":15,"key":"REST"}],"neow_cost":"PERCENT_DAMAGE","seed_source_timestamp":482264491852746,"circlet_count":0,"master_deck":["Defend_G","Defend_G","Defend_G","Defend_G","Defend_G","Strike_G","Strike_G","Strike_G","Strike_G","Strike_G","Survivor","Neutralize","Bullet Time","Crippling Poison","Prepared","Escape Plan","Leg Sweep","Catalyst","Unload","Doubt","Finisher"],"relics":["Ring of the Snake","Odd Mushroom","Ninja Scroll"],"potions_floor_usage":[8,10],"damage_taken":[{"damage":0,"enemies":"Cultist","floor":1,"turns":4},{"damage":3,"enemies":"Small Slimes","floor":2,"turns":4},{"damage":2,"enemies":"2 Louse","floor":3,"turns":3},{"damage":14,"enemies":"Gremlin Gang","floor":5,"turns":5},{"damage":35,"enemies":"The Mushroom Lair","floor":8,"turns":7},{"damage":7,"enemies":"Looter","floor":10,"turns":4},{"damage":7,"enemies":"2 Fungi Beasts","floor":14,"turns":3},{"damage":62,"enemies":"The Guardian","floor":16,"turns":12}],"seed_played":"4023790489840807509","potions_obtained":[{"floor":2,"key":"Energy Potion"},{"floor":5,"key":"Poison Potion"}],"is_trial":false,"path_per_floor":["M","M","M","$","M","R","?","?","T","M","?","R","?","M","R","B"],"character_chosen":"THE_SILENT","items_purchased":[],"campfire_rested":3,"item_purchase_floors":[],"current_hp_per_floor":[49,46,44,44,30,51,56,21,21,14,14,36,36,29,51,0],"gold":493,"neow_bonus":"THREE_RARE_CARDS","is_prod":false,"is_daily":false,"chose_seed":false,"campfire_upgraded":0,"win_rate":0.0,"timestamp":1548651793,"path_taken":["M","M","?","$","M","R","?","?","T","M","?","R","?","M","R","BOSS"],"build_version":"2019-01-23","purchased_purges":0,"victory":false,"max_hp_per_floor":[70,70,70,70,70,70,75,75,75,75,75,75,75,75,75,75],"card_choices":[{"not_picked":["A Thousand Cuts","Die Die Die"],"picked":"Bullet Time","floor":0},{"not_picked":["Sucker Punch","Cloak And Dagger"],"picked":"Crippling Poison","floor":1},{"not_picked":["Dagger Spray","Bane"],"picked":"Prepared","floor":2},{"not_picked":["Masterful Stab","Backflip"],"picked":"Escape Plan","floor":3},{"not_picked":["Dagger Throw","Dodge and Roll"],"picked":"Leg Sweep","floor":5},{"not_picked":["Sucker Punch","Outmaneuver"],"picked":"Catalyst","floor":8},{"not_picked":["Prepared","Choke"],"picked":"Unload","floor":10},{"not_picked":["Deflect","Backflip"],"picked":"Finisher","floor":14}],"player_experience":161077,"relics_obtained":[{"floor":8,"key":"Odd Mushroom"},{"floor":9,"key":"Ninja Scroll"}],"event_choices":[{"damage_healed":0,"gold_gain":0,"player_choice":"Donut","damage_taken":0,"max_hp_gain":5,"max_hp_loss":0,"event_name":"Big Fish","floor":7,"gold_loss":0},{"damage_healed":0,"gold_gain":0,"player_choice":"Fought Mushrooms","damage_taken":0,"max_hp_gain":0,"max_hp_loss":0,"event_name":"Mushrooms","floor":8,"gold_loss":0},{"damage_healed":0,"gold_gain":175,"player_choice":"AGREE","damage_taken":0,"max_hp_gain":0,"max_hp_loss":0,"event_name":"Liars Game","floor":11,"gold_loss":0,"cards_obtained":["Doubt"]},{"damage_healed":0,"gold_gain":100,"player_choice":"Pray","damage_taken":0,"max_hp_gain":0,"max_hp_loss":0,"event_name":"Golden Shrine","floor":13,"gold_loss":0}],"is_beta":false,"boss_relics":[],"items_purged_floors":[],"is_endless":false,"potions_floor_spawned":[2,5],"killed_by":"The Guardian","ascension_level":0}