{"path_per_floor":["M","M","?","$","M","R","$","R","T","M","M","R","E"],"character_chosen":"DEFECT","items_purchased":["Loop","Melter"],"gold_per_floor":[113,133,133,17,33,33,33,33,57,82,95,95,131,131],"floor_reached":14,"campfire_rested":1,"playtime":911,"item_purchase_floors":[4,4],"current_hp_per_floor":[67,65,47,47,47,47,47,47,47,42,27,49,19,0],"items_purged":[],"gold":131,"score":90,"play_id":"52bf5aa1-0f03-43e2-99be-71c4f7e4bde7","local_time":"20180607135858","is_prod":false,"is_daily":false,"chose_seed":false,"is_ascension_mode":false,"campfire_upgraded":2,"win_rate":0.0,"timestamp":1528372738,"campfire_choices":[{"data":"Creative AI","floor":6,"key":"SMITH"},{"data":"Loop","floor":8,"key":"SMITH"},{"floor":12,"key":"REST"}],"path_taken":["M","M","?","$","M","R","$","R","T","M","M","R","E","M"],"build_version":"2018-05-31","seed_source_timestamp":14851452297487,"purchased_purges":0,"victory":false,"master_deck":["Strike_B","Strike_B","Strike_B","Strike_B","Defend_B","Defend_B","Defend_B","Defend_B","Zap","Dualcast+1","Creative AI+1","Doom and Gloom","Redo+1","Loop+1","Melter","Sweeping Beam","Cold Snap","Compile Driver","Barrage"],"max_hp_per_floor":[75,75,75,75,75,75,75,75,75,75,75,75,75,75],"relics":["Cracked Core","Golden Idol","War Paint","Shovel"],"card_choices":[{"not_picked":["Hologram","BootSequence"],"picked":"Doom and Gloom","floor":1},{"not_picked":["Steam Power","Steam"],"picked":"Redo","floor":2},{"not_picked":["Hologram","Aggregate"],"picked":"Sweeping Beam","floor":5},{"not_picked":["Streamline","Go for the Eyes"],"picked":"Cold Snap","floor":10},{"not_picked":["Cold Snap","Stack"],"picked":"Compile Driver","floor":11},{"not_picked":["Biased Cognition","Seek"],"picked":"Barrage","floor":13}],"player_experience":177574,"potions_floor_usage":[2],"damage_taken":[{"damage":8,"enemies":"Small Slimes","floor":1,"turns":4},{"damage":2,"enemies":"2 Louse","floor":2,"turns":3},{"damage":0,"enemies":"Cultist","floor":5,"turns":3},{"damage":5,"enemies":"Large Slime","floor":10,"turns":4},{"damage":15,"enemies":"Exordium Wildlife","floor":11,"turns":2},{"damage":30,"enemies":"Gremlin Nob","floor":13,"turns":4},{"damage":21,"enemies":"Lots of Slimes","floor":14,"turns":2}],"relics_obtained":[{"floor":9,"key":"War Paint"},{"floor":13,"key":"Shovel"}],"event_choices":[{"event_name":"Golden Idol","player_choice":"Take Damage","floor":3,"damage_taken":0}],"boss_relics":[],"items_purged_floors":[],"potions_floor_spawned":[1,2],"seed_played":"7271385944736318887","killed_by":"Lots of Slimes","ascension_level":0,"potions_obtained":[{"floor":1,"key":"Weak Potion"},{"floor":2,"key":"SteroidPotion"}],"is_trial":false}