{"gold_per_floor":[111,111,81,91,103,103,128,128,182,182,202,236,246,272,272,370,370,382,397,322,38,38,38,72,72,72,72,72,86,86],"floor_reached":30,"playtime":1645,"items_purged":["Strike_R"],"score":293,"play_id":"bdf4b5b8-bb71-4330-95fc-4a48c56962f7","local_time":"20190205172552","is_ascension_mode":true,"campfire_choices":[{"data":"Uppercut","floor":6.0,"key":"SMITH"},{"data":"Spot Weakness","floor":8.0,"key":"SMITH"},{"data":"Inflame","floor":10.0,"key":"SMITH"},{"data":"Feel No Pain","floor":15.0,"key":"SMITH"},{"data":"Demon Form","floor":23.0,"key":"SMITH"},{"data":"Barricade","floor":25.0,"key":"SMITH"},{"data":"Battle Trance","floor":27.0,"key":"SMITH"}],"neow_cost":"TEN_PERCENT_HP_LOSS","seed_source_timestamp":0,"circlet_count":0,"master_deck":["Strike_R+1","Defend_R","Defend_R","Defend_R","Defend_R","Bash","Thunderclap+1","Rampage","Spot Weakness+1","Clothesline","Uppercut+1","Inflame+1","Battle Trance+1","Feel No Pain+1","Armaments+1","Disarm+1","Demon Form+1","Disarm+1","Headbutt+1","Armaments+1","Barricade+1","Battle Trance+1","Shrug It Off+1"],"special_seed":0,"relics":["Burning Blood","Whetstone","Shuriken","Bronze Scales","Toxic Egg 2","Blood Vial","Black Star","Enchiridion","Smiling Mask","Mango","Ornamental Fan"],"potions_floor_usage":[30],"damage_taken":[{"damage":6.0,"enemies":"Cultist","floor":1.0,"turns":3.0},{"damage":5.0,"enemies":"2 Louse","floor":4.0,"turns":3.0},{"damage":16.0,"enemies":"Small Slimes","floor":5.0,"turns":3.0},{"damage":11.0,"enemies":"Gremlin Nob","floor":7.0,"turns":4.0},{"damage":8.0,"enemies":"3 Louse","floor":11.0,"turns":1.0},{"damage":21.0,"enemies":"Lagavulin","floor":12.0,"turns":5.0},{"damage":1.0,"enemies":"2 Fungi Beasts","floor":13.0,"turns":3.0},{"damage":25.0,"enemies":"3 Sentries","floor":14.0,"turns":6.0},{"damage":18.0,"enemies":"Hexaghost","floor":16.0,"turns":8.0},{"damage":18.0,"enemies":"3 Byrds","floor":18.0,"turns":4.0},{"damage":3.0,"enemies":"Chosen","floor":19.0,"turns":6.0},{"damage":37.0,"enemies":"Book of Stabbing","floor":24.0,"turns":8.0},{"damage":26.0,"enemies":"3 Cultists","floor":29.0,"turns":6.0},{"damage":24,"enemies":"Slavers","floor":30,"turns":1}],"seed_played":"-1113126965836644748","potions_obtained":[{"floor":1.0,"key":"AttackPotion"},{"floor":3.0,"key":"SkillPotion"},{"floor":3.0,"key":"FairyPotion"},{"floor":16.0,"key":"Poison Potion"},{"floor":19.0,"key":"LiquidBronze"}],"is_trial":false,"path_per_floor":["M","T","?","M","M","R","E","R","T","R","M","E","M","E","R","B",null,"M","M","?","$","?","R","E","R","T","R","?","M","E"],"character_chosen":"IRONCLAD","items_purchased":["Armaments+1","Barricade"],"campfire_rested":0,"item_purchase_floors":[21,21],"current_hp_per_floor":[72,72,72,72,62,62,57,57,57,57,55,40,45,26,26,16,72,60,65,65,65,49,49,34,34,34,34,17,15,0],"gold":86,"neow_bonus":"TRANSFORM_TWO_CARDS","is_prod":false,"is_daily":false,"chose_seed":false,"campfire_upgraded":7,"win_rate":1,"timestamp":1549383952,"path_taken":["M","?","?","M","M","R","E","R","T","R","?","E","M","E","R","BOSS","M","M","?","$","?","R","E","R","T","R","?","M","E"],"build_version":"2019-01-23","purchased_purges":1,"victory":false,"max_hp_per_floor":[72,72,72,72,72,72,72,72,72,72,72,72,72,72,72,72,72,72,72,72,72,72,72,86,86,86,86,91,91,91],"card_choices":[{"not_picked":["Clothesline","Feel No Pain"],"picked":"Spot Weakness","floor":1.0},{"not_picked":["Warcry","Clash"],"picked":"Clothesline","floor":4.0},{"not_picked":["Burning Pact","Thunderclap"],"picked":"Uppercut","floor":5.0},{"not_picked":["True Grit","Infernal Blade"],"picked":"Inflame","floor":7.0},{"not_picked":["Dropkick","Flex"],"picked":"Battle Trance","floor":11.0},{"not_picked":["Cleave","Headbutt"],"picked":"Feel No Pain","floor":12.0},{"not_picked":["Sword Boomerang","Clothesline"],"picked":"Armaments+1","floor":13.0},{"not_picked":["Second Wind+1","Perfected Strike"],"picked":"Disarm+1","floor":14.0},{"not_picked":["Fiend Fire","Brutality"],"picked":"Demon Form","floor":16.0},{"not_picked":["Headbutt","Twin Strike+1"],"picked":"Disarm+1","floor":18.0},{"not_picked":["Pommel Strike","Thunderclap"],"picked":"Headbutt+1","floor":19.0},{"not_picked":["Feed","Clash"],"picked":"Battle Trance+1","floor":24.0},{"not_picked":["Pommel Strike","Combust+1"],"picked":"Shrug It Off+1","floor":29.0}],"player_experience":22195,"relics_obtained":[{"floor":2.0,"key":"Whetstone"},{"floor":7.0,"key":"Shuriken"},{"floor":9.0,"key":"Bronze Scales"},{"floor":12.0,"key":"Toxic Egg 2"},{"floor":14.0,"key":"Blood Vial"},{"floor":22.0,"key":"Enchiridion"},{"floor":24.0,"key":"Smiling Mask"},{"floor":24.0,"key":"Mango"},{"floor":26.0,"key":"Ornamental Fan"}],"event_choices":[{"damage_healed":0.0,"max_hp_gain":0.0,"max_hp_loss":0.0,"gold_gain":0.0,"event_name":"The Woman in Blue","player_choice":"Bought 2 Potions","floor":3.0,"gold_loss":0.0,"damage_taken":0.0},{"cards_removed":["Strike_R"],"damage_healed":0.0,"max_hp_gain":0.0,"max_hp_loss":0.0,"gold_gain":0.0,"event_name":"Beggar","player_choice":"Gave Gold","floor":20.0,"gold_loss":75.0,"damage_taken":0.0},{"damage_healed":0.0,"max_hp_gain":0.0,"max_hp_loss":0.0,"gold_gain":0.0,"event_name":"Cursed Tome","player_choice":"Obtained Book","floor":22.0,"gold_loss":0.0,"damage_taken":16.0},{"damage_healed":0.0,"max_hp_gain":5.0,"max_hp_loss":0.0,"gold_gain":0.0,"event_name":"Forgotten Altar","player_choice":"Shed Blood","floor":28.0,"gold_loss":0.0,"damage_taken":22.0}],"is_beta":false,"boss_relics":[{"not_picked":["White Beast Statue","Eternal Feather"],"picked":"Black Star"}],"items_purged_floors":[21],"is_endless":false,"potions_floor_spawned":[1,7,13,16,19],"killed_by":"Slavers","ascension_level":2}