{"gold_per_floor":[114,189,209,224,224,224,254,254,254,254,34,34,44,64,64,64],"floor_reached":16,"playtime":1342,"items_purged":["Defend_G"],"score":105,"play_id":"9e554dd7-d4df-427e-aa62-103d2d7328f7","local_time":"20180703170429","is_ascension_mode":true,"campfire_choices":[{"data":"Cloak And Dagger","floor":6,"key":"SMITH"},{"data":"Prepared","floor":8,"key":"SMITH"},{"data":"Setup","floor":10,"key":"SMITH"},{"data":"Blade Dance","floor":12,"key":"SMITH"},{"data":"Calculated Gamble","floor":15,"key":"SMITH"}],"neow_cost":"","seed_source_timestamp":19807276200853,"circlet_count":0,"master_deck":["Defend_G+1","Defend_G","Defend_G","Defend_G","Strike_G","Strike_G","Strike_G","Strike_G+1","Strike_G","Survivor","Neutralize","Cloak And Dagger+1","Setup+1","Prepared+1","Blade Dance+1","Well Laid Plans","Calculated Gamble+1"],"relics":["Ring of the Snake","Tingsha","Du-Vu Doll"],"potions_floor_usage":[7,16],"damage_taken":[{"damage":1,"enemies":"2 Louse","floor":1,"turns":4},{"damage":11,"enemies":"Jaw Worm","floor":3,"turns":6},{"damage":0,"enemies":"Cultist","floor":4,"turns":4},{"damage":2,"enemies":"3 Sentries","floor":7,"turns":15},{"damage":0,"enemies":"Looter","floor":13,"turns":3},{"damage":0,"enemies":"Exordium Wildlife","floor":14,"turns":3},{"damage":33,"enemies":"Hexaghost","floor":16,"turns":12}],"seed_played":"-5075030866495947458","potions_obtained":[{"floor":4,"key":"GhostInAJar"},{"floor":7,"key":"SpeedPotion"},{"floor":13,"key":"EssenceOfSteel"}],"is_trial":false,"path_per_floor":["M","?","M","M","?","R","E","R","T","R","$","R","M","M","R"],"character_chosen":"THE_SILENT","items_purchased":["Blade Dance","Well Laid Plans"],"campfire_rested":0,"item_purchase_floors":[11,11],"current_hp_per_floor":[69,58,47,47,33,33,31,31,31,31,31,31,31,31,31,0],"gold":64,"neow_bonus":"","is_prod":false,"is_daily":false,"chose_seed":false,"campfire_upgraded":5,"win_rate":0,"timestamp":1530630269,"path_taken":["M","?","M","?","?","R","E","R","T","R","?","R","M","?","R","BOSS"],"build_version":"2018-06-28","purchased_purges":1,"victory":false,"max_hp_per_floor":[70,70,70,70,70,70,70,70,70,70,70,70,70,70,70,70],"card_choices":[{"not_picked":["Deflect","Choke"],"picked":"Cloak And Dagger","floor":1},{"not_picked":["Slice","Crippling Poison","Flying Knee"],"picked":"SKIP","floor":3},{"not_picked":["Dagger Spray","Reflex"],"picked":"Setup","floor":4},{"not_picked":["Wraith Form v2","Dash"],"picked":"Prepared","floor":7},{"not_picked":["Dodge and Roll","Slice"],"picked":"Calculated Gamble","floor":13},{"not_picked":["Poisoned Stab","Dagger Spray","Acrobatics"],"picked":"SKIP","floor":14}],"player_experience":248459,"relics_obtained":[{"floor":7,"key":"Tingsha"},{"floor":9,"key":"Du-Vu Doll"}],"event_choices":[{"event_name":"World of Goop","player_choice":"Gather Gold","floor":2,"damage_taken":0},{"event_name":"Shining Light","player_choice":"Entered Light","floor":5,"damage_taken":0}],"boss_relics":[],"items_purged_floors":[11],"is_endless":false,"potions_floor_spawned":[4,7,13],"killed_by":"Hexaghost","ascension_level":1}