{"gold_per_floor":[113,113,132,132,149,178,178,196,496,506,523,523,523],"floor_reached":13,"playtime":692,"items_purged":[],"score":104,"play_id":"e906063e-d42d-4dd4-96ce-97f9f804dbdb","local_time":"20190109125749","is_ascension_mode":true,"campfire_choices":[{"data":"1","floor":7,"key":"LIFT"}],"neow_cost":"NONE","seed_source_timestamp":486677631837,"circlet_count":0,"master_deck":["Defend_G","Defend_G","Defend_G","Defend_G","Defend_G","Strike_G","Strike_G","Strike_G","Strike_G","Survivor","Neutralize","Purity","Noxious Fumes","Flechettes","Good Instincts","Dagger Spray","Slice","Noxious Fumes","Catalyst"],"relics":["Ring of the Snake","Girya","Old Coin","Singing Bowl"],"potions_floor_usage":[6,13],"damage_taken":[{"damage":4,"enemies":"Small Slimes","floor":1,"turns":4},{"damage":0,"enemies":"Cultist","floor":3,"turns":4},{"damage":2,"enemies":"2 Louse","floor":5,"turns":3},{"damage":26,"enemies":"Gremlin Nob","floor":6,"turns":4},{"damage":1,"enemies":"Exordium Wildlife","floor":8,"turns":3},{"damage":0,"enemies":"3 Louse","floor":10,"turns":2},{"damage":12,"enemies":"2 Fungi Beasts","floor":11,"turns":3},{"damage":22,"enemies":"3 Sentries","floor":13,"turns":4}],"seed_played":"9220149566028213199","potions_obtained":[{"floor":3,"key":"SteroidPotion"},{"floor":8,"key":"SpeedPotion"}],"is_trial":false,"path_per_floor":["M","?","M","?","M","E","R","M","T","M","M","T","E"],"character_chosen":"THE_SILENT","items_purchased":[],"campfire_rested":0,"item_purchase_floors":[],"current_hp_per_floor":[66,66,66,59,57,31,31,30,30,30,18,18,0],"gold":523,"neow_bonus":"RANDOM_COLORLESS","is_prod":false,"is_daily":false,"chose_seed":false,"campfire_upgraded":0,"win_rate":0,"timestamp":1547035069,"path_taken":["M","?","?","?","M","E","R","M","T","M","M","?","E"],"build_version":"2019-01-03v4","purchased_purges":0,"victory":false,"max_hp_per_floor":[70,70,70,70,70,70,70,70,70,70,70,70,70],"card_choices":[{"not_picked":["Distraction","Underhanded Strike"],"picked":"Noxious Fumes","floor":1},{"not_picked":["Flechettes","Underhanded Strike","Acrobatics"],"picked":"SKIP","floor":3},{"not_picked":["Underhanded Strike","Deadly Poison"],"picked":"Dagger Spray","floor":5},{"not_picked":["Calculated Gamble","Sucker Punch","Distraction"],"picked":"SKIP","floor":6},{"not_picked":["Venomology","Finisher"],"picked":"Slice","floor":8},{"not_picked":["PiercingWail","Cloak And Dagger"],"picked":"Noxious Fumes","floor":10},{"not_picked":["PiercingWail","Outmaneuver"],"picked":"Catalyst","floor":11}],"player_experience":296000,"relics_obtained":[{"floor":6,"key":"Girya"},{"floor":9,"key":"Old Coin"},{"floor":12,"key":"Singing Bowl"}],"event_choices":[{"damage_healed":0,"gold_gain":0,"player_choice":"2 cards matched","damage_taken":0,"max_hp_gain":0,"max_hp_loss":0,"event_name":"Match and Keep!","floor":2,"gold_loss":0,"cards_obtained":["Flechettes","Good Instincts"]},{"cards_removed":["Strike_G"],"damage_healed":0,"gold_gain":0,"player_choice":"Card Removal","damage_taken":7,"max_hp_gain":0,"max_hp_loss":0,"event_name":"Golden Wing","floor":4,"gold_loss":0}],"is_beta":false,"boss_relics":[],"items_purged_floors":[],"is_endless":false,"potions_floor_spawned":[3,8],"killed_by":"3 Sentries","ascension_level":4}