{"gold_per_floor":[116,131,146,156,175,175,200,214,237,11,31,66,141,141,141,238,238,253,353,372,342,361,361,388,399,399,416,441,28,61,75,75,172,172,185,199,213,226,243,274,274,307,307,321,331,331,8,36,36,36],"floor_reached":51,"playtime":1679,"items_purged":[],"score":1769,"play_id":"55fe7e69-7a2e-4b62-a53c-e161967d4bff","local_time":"20190203200756","daily_mods":["Vintage"],"is_ascension_mode":true,"campfire_choices":[{"data":"Gash","floor":6,"key":"SMITH"},{"data":"Self Repair","floor":15,"key":"SMITH"},{"floor":23,"key":"DIG"},{"floor":32,"key":"DIG"},{"data":"1","floor":41,"key":"LIFT"},{"data":"2","floor":49,"key":"LIFT"}],"neow_cost":"","seed_source_timestamp":0,"circlet_count":0,"master_deck":["Gash+1","BootSequence+1","Self Repair+1","Reinforced Body","Beam Cell"],"relics":["Unceasing Top","The Courier","Art of War","DataDisk","Ancient Tea Set","Mango","Shuriken","Anchor","Pen Nib","HandDrill","Mummified Hand","FossilizedHelix","Coffee Dripper","Omamori","Shovel","Sundial","Thread and Needle","Girya","Bottled Tornado","Du-Vu Doll","War Paint","Ginger","Lantern","Blood Vial","Incense Burner","Membership Card","Whetstone","Orichalcum","Bag of Preparation","Orrery","Gremlin Horn","Emotion Chip","Dodecahedron","Torii","Kunai","Smiling Mask","Ice Cream","Blue Candle","StoneCalendar","Cables","Calipers","Molten Egg 2","Bottled Lightning","Mercury Hourglass"],"potions_floor_usage":[39],"damage_taken":[{"damage":0,"enemies":"Small Slimes","floor":1,"turns":1},{"damage":0,"enemies":"Cultist","floor":2,"turns":1},{"damage":0,"enemies":"2 Louse","floor":3,"turns":1},{"damage":0,"enemies":"Lots of Slimes","floor":4,"turns":1},{"damage":0,"enemies":"Looter","floor":5,"turns":1},{"damage":0,"enemies":"Gremlin Nob","floor":7,"turns":1},{"damage":0,"enemies":"3 Louse","floor":8,"turns":1},{"damage":0,"enemies":"Gremlin Gang","floor":11,"turns":1},{"damage":0,"enemies":"Lagavulin","floor":12,"turns":1},{"damage":0,"enemies":"Hexaghost","floor":16,"turns":1},{"damage":0,"enemies":"Spheric Guardian","floor":18,"turns":1},{"damage":0,"enemies":"Colosseum Slavers","floor":19,"turns":1},{"damage":0,"enemies":"Colosseum Nobs","floor":19,"turns":1},{"damage":0,"enemies":"Chosen","floor":20,"turns":1},{"damage":0,"enemies":"3 Cultists","floor":22,"turns":1},{"damage":0,"enemies":"Gremlin Leader","floor":24,"turns":1},{"damage":0,"enemies":"Shelled Parasite and Fungi","floor":25,"turns":1},{"damage":0,"enemies":"Cultist and Chosen","floor":27,"turns":1},{"damage":0,"enemies":"Slavers","floor":28,"turns":1},{"damage":0,"enemies":"Gremlin Leader","floor":30,"turns":1},{"damage":0,"enemies":"Centurion and Healer","floor":31,"turns":1},{"damage":0,"enemies":"Collector","floor":33,"turns":1},{"damage":0,"enemies":"Orb Walker","floor":35,"turns":1},{"damage":0,"enemies":"3 Darklings","floor":36,"turns":1},{"damage":0,"enemies":"Spire Growth","floor":37,"turns":1},{"damage":0,"enemies":"Maw","floor":38,"turns":1},{"damage":0,"enemies":"4 Shapes","floor":39,"turns":1},{"damage":0,"enemies":"Nemesis","floor":40,"turns":1},{"damage":0,"enemies":"Giant Head","floor":42,"turns":1},{"damage":0,"enemies":"Spire Growth","floor":44,"turns":1},{"damage":0,"enemies":"Jaw Worm Horde","floor":45,"turns":1},{"damage":0,"enemies":"Nemesis","floor":48,"turns":1},{"damage":0,"enemies":"Time Eater","floor":50,"turns":3}],"seed_played":"-2908090450249845388","potions_obtained":[{"floor":1,"key":"Energy Potion"},{"floor":3,"key":"Swift Potion"},{"floor":7,"key":"Fire Potion"},{"floor":21,"key":"EntropicBrew"},{"floor":28,"key":"Strength Potion"},{"floor":42,"key":"Fire Potion"}],"is_trial":true,"path_per_floor":["M","M","M","M","M","R","E","M","T","$","M","E","?","?","R","B",null,"M","?","M","?","M","R","E","M","T","M","E","$","E","M","R","B",null,"M","M","M","M","M","E","R","E","T","M","M","?","$","E","R","B",null],"character_chosen":"DEFECT","items_purchased":["HandDrill","Go for the Eyes","Self Repair","Incense Burner","Membership Card","Calipers","Molten Egg 2","Bottled Lightning"],"campfire_rested":0,"item_purchase_floors":[10,10,10,29,29,47,47,47],"current_hp_per_floor":[75,75,75,75,89,89,89,89,89,89,89,89,78,78,78,88,89,89,89,89,89,89,89,89,89,89,89,89,89,89,89,89,89,89,89,89,89,89,89,89,89,89,89,89,89,89,89,89,89,89],"gold":36,"neow_bonus":"","is_prod":false,"is_daily":false,"chose_seed":false,"campfire_upgraded":2,"win_rate":0,"timestamp":1549242476,"path_taken":["M","M","M","M","M","R","E","M","T","$","M","E","?","?","R","BOSS","M","?","M","?","M","R","E","M","T","M","E","$","E","M","R","BOSS","M","?","M","M","M","E","R","E","T","M","M","?","$","E","R","BOSS"],"build_version":"2019-01-23","purchased_purges":0,"victory":true,"max_hp_per_floor":[75,75,75,75,89,89,89,89,89,89,89,89,89,89,89,89,89,89,89,89,89,89,89,89,89,89,89,89,89,89,89,89,89,89,89,89,89,89,89,89,89,89,89,89,89,89,89,89,89,89],"card_choices":[{"not_picked":["Coolheaded","Conserve Battery"],"picked":"BootSequence","floor":7},{"not_picked":["Amplify","Hologram","Turbo"],"picked":"SKIP","floor":12},{"not_picked":["Tempest","Streamline","Loop"],"picked":"SKIP","floor":24},{"not_picked":["Core Surge","Gash+1","Defragment"],"picked":"SKIP","floor":28},{"not_picked":["Turbo","Chaos+1","Tempest"],"picked":"SKIP","floor":30},{"not_picked":["Steam","Hologram"],"picked":"Reinforced Body","floor":34},{"not_picked":["Barrage","Conserve Battery","Leap+1"],"picked":"SKIP","floor":40},{"not_picked":["Compile Driver","Static Discharge"],"picked":"Beam Cell","floor":42},{"not_picked":["Skim+1","Core Surge+1","Loop"],"picked":"SKIP","floor":48}],"player_experience":211749,"relics_obtained":[{"floor":1,"key":"The Courier"},{"floor":2,"key":"Art of War"},{"floor":3,"key":"DataDisk"},{"floor":4,"key":"Ancient Tea Set"},{"floor":5,"key":"Mango"},{"floor":7,"key":"Shuriken"},{"floor":8,"key":"Anchor"},{"floor":9,"key":"Pen Nib"},{"floor":11,"key":"Mummified Hand"},{"floor":12,"key":"FossilizedHelix"},{"floor":18,"key":"Omamori"},{"floor":19,"key":"Shovel"},{"floor":19,"key":"Sundial"},{"floor":20,"key":"Thread and Needle"},{"floor":22,"key":"Girya"},{"floor":23,"key":"Bottled Tornado"},{"floor":24,"key":"Du-Vu Doll"},{"floor":25,"key":"War Paint"},{"floor":26,"key":"Ginger"},{"floor":27,"key":"Lantern"},{"floor":28,"key":"Blood Vial"},{"floor":30,"key":"Whetstone"},{"floor":31,"key":"Orichalcum"},{"floor":32,"key":"Bag of Preparation"},{"floor":35,"key":"Gremlin Horn"},{"floor":36,"key":"Emotion Chip"},{"floor":37,"key":"Dodecahedron"},{"floor":38,"key":"Torii"},{"floor":39,"key":"Kunai"},{"floor":40,"key":"Smiling Mask"},{"floor":42,"key":"Ice Cream"},{"floor":43,"key":"Blue Candle"},{"floor":44,"key":"StoneCalendar"},{"floor":45,"key":"Cables"},{"floor":48,"key":"Mercury Hourglass"}],"event_choices":[{"damage_healed":0,"gold_gain":75,"player_choice":"Gather Gold","damage_taken":11,"max_hp_gain":0,"max_hp_loss":0,"event_name":"World of Goop","floor":13,"gold_loss":0},{"cards_removed":["Go for the Eyes"],"damage_healed":0,"gold_gain":0,"player_choice":"Purged","damage_taken":0,"max_hp_gain":0,"max_hp_loss":0,"event_name":"Purifier","floor":14,"gold_loss":0},{"damage_healed":0,"gold_gain":0,"player_choice":"Fight","damage_taken":0,"max_hp_gain":0,"max_hp_loss":0,"event_name":"Colosseum","floor":19,"gold_loss":0},{"damage_healed":0,"gold_gain":0,"player_choice":"Fought Nobs","damage_taken":0,"max_hp_gain":0,"max_hp_loss":0,"event_name":"Colosseum","floor":19,"gold_loss":0},{"damage_healed":0,"gold_gain":0,"player_choice":"Bought 2 Potions","damage_taken":0,"max_hp_gain":0,"max_hp_loss":0,"event_name":"The Woman in Blue","floor":21,"gold_loss":0},{"damage_healed":0,"gold_gain":0,"player_choice":"Memory 1","damage_taken":0,"max_hp_gain":0,"max_hp_loss":0,"event_name":"SensoryStone","floor":46,"gold_loss":0}],"is_beta":false,"boss_relics":[{"not_picked":["Fusion Hammer","Eternal Feather"],"picked":"Coffee Dripper"},{"not_picked":["Runic Dome","Calling Bell"],"picked":"Orrery"}],"items_purged_floors":[],"is_endless":false,"potions_floor_spawned":[1,3,7,12,16,19,22,27,28,30,33,35,37,38,42,48],"ascension_level":5}