{"gold_per_floor":[119,137,25,25,39,39,64,64,64,64,76,104,104,121,121,121],"floor_reached":16,"playtime":589,"items_purged":["Defend_R"],"score":110,"play_id":"7b9c7e30-1324-486f-9e2b-c366f7ab3127","local_time":"20190123134336","is_ascension_mode":false,"campfire_choices":[{"floor":6,"key":"RECALL"},{"data":"Pommel Strike","floor":8,"key":"SMITH"},{"floor":15,"key":"REST"}],"neow_cost":"NONE","seed_source_timestamp":1013309729130359,"circlet_count":0,"master_deck":["Strike_R+1","Strike_R","Strike_R","Strike_R","Strike_R+1","Defend_R","Defend_R","Defend_R","Bash","Evolve","Inflame","Combust","Pain","Pommel Strike+1","Carnage+1","Regret","Burning Pact","Battle Trance"],"relics":["Burning Blood","NeowsBlessing","WarpedTongs","Molten Egg 2","Oddly Smooth Stone","Ice Cream","Boot"],"potions_floor_usage":[12,16,16],"damage_taken":[{"damage":0,"enemies":"Jaw Worm","floor":1,"turns":1},{"damage":0,"enemies":"Cultist","floor":2,"turns":1},{"damage":1,"enemies":"2 Louse","floor":5,"turns":1},{"damage":30,"enemies":"Gremlin Nob","floor":7,"turns":4},{"damage":3,"enemies":"2 Fungi Beasts","floor":11,"turns":3},{"damage":39,"enemies":"3 Sentries","floor":12,"turns":9},{"damage":1,"enemies":"Looter","floor":14,"turns":2},{"damage":39,"enemies":"Slime Boss","floor":16,"turns":8}],"seed_played":"-8909377561496514556","potions_obtained":[{"floor":5,"key":"Swift Potion"},{"floor":11,"key":"PowerPotion"},{"floor":14,"key":"Weak Potion"}],"is_trial":false,"path_per_floor":["M","M","$","?","M","R","E","R","T","?","M","E","?","M","R","B"],"character_chosen":"IRONCLAD","items_purchased":["Combust"],"campfire_rested":1,"item_purchase_floors":[3],"current_hp_per_floor":[80,80,80,80,80,80,56,56,56,56,59,26,10,15,39,0],"gold":121,"neow_bonus":"THREE_ENEMY_KILL","is_prod":false,"is_daily":false,"chose_seed":false,"campfire_upgraded":1,"win_rate":0,"timestamp":1548229416,"path_taken":["M","M","$","?","?","R","E","R","T","?","M","E","?","M","R","BOSS"],"build_version":"2019-01-17v2","purchased_purges":1,"victory":false,"max_hp_per_floor":[80,80,80,80,80,80,80,80,80,80,80,80,80,80,80,80],"card_choices":[{"not_picked":["Clash","Iron Wave"],"picked":"Evolve","floor":1},{"not_picked":["Body Slam","Headbutt"],"picked":"Inflame","floor":2},{"not_picked":["True Grit","Fire Breathing"],"picked":"Pommel Strike","floor":5},{"not_picked":["Entrench","True Grit"],"picked":"Carnage","floor":7},{"not_picked":["Disarm","Shockwave","Armaments"],"picked":"SKIP","floor":11},{"not_picked":["Pummel+1","Headbutt+1"],"picked":"Burning Pact","floor":12},{"not_picked":["Inflame","Warcry"],"picked":"Battle Trance","floor":14}],"player_experience":638637,"relics_obtained":[{"floor":7,"key":"Molten Egg 2"},{"floor":9,"key":"Oddly Smooth Stone"},{"floor":12,"key":"Boot"}],"event_choices":[{"damage_healed":0,"gold_gain":0,"player_choice":"Rummage","damage_taken":0,"relics_obtained":["WarpedTongs"],"max_hp_gain":0,"max_hp_loss":0,"event_name":"Accursed Blacksmith","floor":4,"gold_loss":0,"cards_obtained":["Pain"]},{"damage_healed":0,"gold_gain":0,"player_choice":"Box","damage_taken":0,"relics_obtained":["Ice Cream"],"max_hp_gain":0,"max_hp_loss":0,"event_name":"Big Fish","floor":10,"gold_loss":0,"cards_obtained":["Regret"]},{"damage_healed":0,"gold_gain":0,"player_choice":"Entered Light","damage_taken":16,"max_hp_gain":0,"max_hp_loss":0,"event_name":"Shining Light","floor":13,"gold_loss":0,"cards_upgraded":["Strike_R","Strike_R"]}],"is_beta":false,"boss_relics":[],"items_purged_floors":[3],"is_endless":false,"potions_floor_spawned":[5,11,14],"killed_by":"Slime Boss","ascension_level":0}