{"gold_per_floor":[113,113,113,128,141,168,168,195,195,18,43,61,61,73,73,175,175,188,199,124,124],"floor_reached":21,"playtime":1793,"items_purged":["Strike_R"],"score":221,"play_id":"201baaac-fd5a-46bf-a8b1-3844ceb4df4b","local_time":"20190131002340","is_ascension_mode":true,"campfire_choices":[{"floor":7,"key":"REST"},{"data":"Thunderclap","floor":15,"key":"SMITH"}],"neow_cost":"NONE","seed_source_timestamp":1360073382942300,"circlet_count":0,"master_deck":["Strike_R","Strike_R","Strike_R","Strike_R","Defend_R","Defend_R","Defend_R","Uppercut","Heavy Blade","Thunderclap+1","Sentinel+1","Metallicize","Shrug It Off+1","Armaments+1","Anger","Shrug It Off+1","Flex+1","Demon Form"],"relics":["Burning Blood","Toxic Egg 2","PreservedInsect","Peace Pipe","Mango","Incense Burner","Runic Pyramid"],"potions_floor_usage":[6,11,13,16,16,18],"damage_taken":[{"damage":2,"enemies":"2 Louse","floor":1,"turns":4},{"damage":8,"enemies":"Jaw Worm","floor":4,"turns":4},{"damage":0,"enemies":"Small Slimes","floor":5,"turns":3},{"damage":79,"enemies":"Lagavulin","floor":6,"turns":12},{"damage":18,"enemies":"3 Sentries","floor":8,"turns":6},{"damage":1,"enemies":"Lagavulin","floor":11,"turns":7},{"damage":16,"enemies":"2 Fungi Beasts","floor":12,"turns":4},{"damage":0,"enemies":"Large Slime","floor":13,"turns":1},{"damage":0,"enemies":"Looter","floor":14,"turns":4},{"damage":6,"enemies":"Hexaghost","floor":16,"turns":12},{"damage":39,"enemies":"3 Byrds","floor":18,"turns":8},{"damage":2,"enemies":"Chosen","floor":19,"turns":7},{"damage":69,"enemies":"Masked Bandits","floor":21,"turns":4}],"seed_played":"-2092778994398869560","potions_obtained":[{"floor":5,"key":"Dexterity Potion"},{"floor":6,"key":"SmokeBomb"},{"floor":11,"key":"SkillPotion"},{"floor":12,"key":"SpeedPotion"},{"floor":14,"key":"Block Potion"},{"floor":18,"key":"SmokeBomb"}],"is_trial":false,"path_per_floor":["M","?","T","M","M","E","R","E","T","$","E","M","M","M","R","B",null,"M","M","?","?"],"character_chosen":"IRONCLAD","items_purchased":["Armaments+1","Poison Potion"],"campfire_rested":1,"item_purchase_floors":[10,10],"current_hp_per_floor":[80,80,80,78,80,7,31,19,33,33,38,28,34,40,40,40,94,61,65,65,0],"gold":124,"neow_bonus":"THREE_CARDS","is_prod":false,"is_daily":false,"chose_seed":false,"campfire_upgraded":1,"win_rate":0,"timestamp":1548912220,"path_taken":["M","?","?","M","M","E","R","E","T","$","E","M","M","M","R","BOSS","M","M","?","?"],"build_version":"2019-01-23","purchased_purges":1,"victory":false,"max_hp_per_floor":[80,80,80,80,80,80,80,80,94,94,94,94,94,94,94,94,94,94,94,94,94],"card_choices":[{"not_picked":["Sword Boomerang","Wild Strike"],"picked":"Uppercut","floor":0},{"not_picked":["Intimidate","Flex"],"picked":"Heavy Blade","floor":1},{"not_picked":["Uppercut","Sword Boomerang","Wild Strike"],"picked":"SKIP","floor":4},{"not_picked":["Hemokinesis","Havoc+1"],"picked":"Sentinel+1","floor":5},{"not_picked":["Juggernaut","Searing Blow"],"picked":"Metallicize","floor":6},{"not_picked":["Barricade","Rupture"],"picked":"Shrug It Off+1","floor":8},{"not_picked":["Perfected Strike","Body Slam"],"picked":"Anger","floor":11},{"not_picked":["Pommel Strike","Headbutt"],"picked":"Shrug It Off+1","floor":12},{"not_picked":["Clash","Reaper"],"picked":"Flex+1","floor":14},{"not_picked":["Fiend Fire","Limit Break+1"],"picked":"Demon Form","floor":16},{"not_picked":["Thunderclap","Shrug It Off+1","Corruption"],"picked":"SKIP","floor":18},{"not_picked":["Bloodletting+1","Metallicize+1","Thunderclap+1"],"picked":"SKIP","floor":19}],"player_experience":133923,"relics_obtained":[{"floor":3,"key":"Toxic Egg 2"},{"floor":6,"key":"PreservedInsect"},{"floor":8,"key":"Peace Pipe"},{"floor":9,"key":"Mango"},{"floor":11,"key":"Incense Burner"}],"event_choices":[{"damage_healed":0,"gold_gain":0,"cards_transformed":["Bash"],"player_choice":"Change","damage_taken":0,"max_hp_gain":0,"max_hp_loss":0,"event_name":"Living Wall","floor":2,"gold_loss":0,"cards_obtained":["Thunderclap"]},{"cards_removed":["Defend_R"],"damage_healed":0,"gold_gain":0,"player_choice":"Gave Gold","damage_taken":0,"max_hp_gain":0,"max_hp_loss":0,"event_name":"Beggar","floor":20,"gold_loss":75},{"damage_healed":0,"gold_gain":0,"player_choice":"Fought Bandits","damage_taken":0,"max_hp_gain":0,"max_hp_loss":0,"event_name":"Masked Bandits","floor":21,"gold_loss":0}],"is_beta":false,"boss_relics":[{"not_picked":["Pandora\u0027s Box","White Beast Statue"],"picked":"Runic Pyramid"}],"items_purged_floors":[10],"is_endless":false,"potions_floor_spawned":[5,6,11,12,13,14,18],"killed_by":"Masked Bandits","ascension_level":2}