{"gold_per_floor":[114,114,129,129,7,67,97,112,137,137,152,182,212,194],"floor_reached":14,"playtime":1188,"items_purged":[],"score":143,"play_id":"7f342a53-c82e-44b3-8854-d17b260ba343","local_time":"20190205145245","daily_mods":["Specialized","Flight","DeadlyEvents"],"is_ascension_mode":false,"campfire_choices":[{"floor":10,"key":"REST"}],"neow_cost":"","seed_source_timestamp":350391301651321,"circlet_count":0,"master_deck":["Strike_MRS","Strike_MRS","Strike_MRS","Strike_MRS","Defend_MRS","Defend_MRS","Defend_MRS","Defend_MRS","MasterSpark","UpSweep","SuperNova","SuperNova","SuperNova","SuperNova","SuperNova","DarkSpark","AsteroidBelt","Pain","MilkyWay","UnstableBomb","GrandCross","RefractionSpark","WitchLeyline","Orbital","OrrerysSun","D6C"],"special_seed":17932,"relics":["MiniHakkero","WarpedTongs","Tiny Chest","Incense Burner","PreservedInsect","StoneCalendar","MawBank"],"potions_floor_usage":[8,14,14,14,14,14,14],"damage_taken":[{"damage":6,"enemies":"2 Louse","floor":1,"turns":4},{"damage":11,"enemies":"Cultist","floor":3,"turns":5},{"damage":29,"enemies":"3 Sentries","floor":6,"turns":9},{"damage":22,"enemies":"Lagavulin","floor":7,"turns":8},{"damage":5,"enemies":"Jaw Worm","floor":8,"turns":3},{"damage":7,"enemies":"Exordium Wildlife","floor":11,"turns":3},{"damage":19,"enemies":"Gremlin Nob","floor":12,"turns":4},{"damage":6,"enemies":"3 Sentries","floor":13,"turns":4},{"damage":1,"enemies":"Looter","floor":14,"turns":3}],"seed_played":"-4750178062839727014","potions_obtained":[{"floor":1,"key":"FearPotion"},{"floor":2,"key":"Regen Potion"},{"floor":2,"key":"LiquidBronze"},{"floor":7,"key":"Block Potion"},{"floor":8,"key":"SkillPotion"},{"floor":12,"key":"EntropicBrew"}],"is_trial":false,"path_per_floor":["M","?","M","?","$","E","E","M","T","R","M","E","E","M"],"character_chosen":"MARISA","items_purchased":["MilkyWay","UnstableBomb"],"campfire_rested":1,"item_purchase_floors":[5,5],"current_hp_per_floor":[69,69,58,58,58,29,7,11,11,33,26,7,1,0],"gold":194,"neow_bonus":"","is_prod":false,"is_daily":true,"chose_seed":false,"campfire_upgraded":0,"win_rate":0.0,"timestamp":1549374765,"path_taken":["M","?","?","?","$","E","?","?","T","R","M","E","?","?"],"build_version":"2019-01-23","purchased_purges":0,"victory":false,"max_hp_per_floor":[75,75,75,75,75,75,75,75,75,75,75,75,75,75],"card_choices":[{"not_picked":["MachineGunSpark","EnergyRecoil"],"picked":"DarkSpark","floor":1},{"not_picked":["SporeBomb","EventHorizon"],"picked":"AsteroidBelt","floor":3},{"not_picked":["SporeBomb","LuminesStrike"],"picked":"GrandCross","floor":6},{"not_picked":["EventHorizon","IllusionStar"],"picked":"RefractionSpark","floor":7},{"not_picked":["BlazeAway","OortCloud"],"picked":"WitchLeyline","floor":8},{"not_picked":["6A","WitchOfGreed"],"picked":"Orbital","floor":11},{"not_picked":["ShootingEcho","MysteriousBeam"],"picked":"OrrerysSun","floor":12},{"not_picked":["MilkyWay","GalacticHalo"],"picked":"D6C","floor":13}],"player_experience":563689,"relics_obtained":[{"floor":6,"key":"Tiny Chest"},{"floor":7,"key":"Incense Burner"},{"floor":9,"key":"PreservedInsect"},{"floor":12,"key":"StoneCalendar"},{"floor":13,"key":"MawBank"}],"event_choices":[{"damage_healed":0,"gold_gain":0,"player_choice":"Got Potions","damage_taken":0,"max_hp_gain":0,"max_hp_loss":0,"event_name":"Lab","floor":2,"gold_loss":0},{"damage_healed":0,"gold_gain":0,"player_choice":"Rummage","damage_taken":0,"relics_obtained":["WarpedTongs"],"max_hp_gain":0,"max_hp_loss":0,"event_name":"Accursed Blacksmith","floor":4,"gold_loss":0,"cards_obtained":["Pain"]}],"is_beta":false,"boss_relics":[],"items_purged_floors":[],"is_endless":false,"potions_floor_spawned":[1,7,8,12,13],"killed_by":"Looter","ascension_level":0}