{"gold_per_floor":[110,21,21,40,40,70,70,70,120,120,155,80,99,114,114,193,193,209,209,209,20,20,20,20,20,44,44,64,64,76,89,89,162,162,176,191,27,45,45,45,55,86,86,105,105,105,105,116,116,116],"floor_reached":51,"playtime":2252,"items_purged":["Decay"],"score":1407,"play_id":"16a942b3-c6cd-43a1-afaa-ab8343955ef4","local_time":"20190205042913","is_ascension_mode":true,"campfire_choices":[{"data":"Footwork","floor":7.0,"key":"SMITH"},{"data":"Neutralize","floor":10.0,"key":"SMITH"},{"data":"Noxious Fumes","floor":15.0,"key":"SMITH"},{"data":"Noxious Fumes","floor":23.0,"key":"SMITH"},{"data":"Bane","floor":25.0,"key":"SMITH"},{"data":"Malaise","floor":29.0,"key":"SMITH"},{"floor":32.0,"key":"REST"},{"floor":40.0,"key":"REST"},{"floor":46.0,"key":"REST"},{"floor":49.0,"key":"REST"}],"neow_cost":"NONE","seed_source_timestamp":38151146855800,"circlet_count":0,"master_deck":["AscendersBane","Defend_G","Defend_G","Defend_G","Defend_G","Defend_G","Strike_G","Survivor","Neutralize+1","Footwork+1","Well Laid Plans","Bane+1","Noxious Fumes+1","Noxious Fumes+1","Malaise+1","Blur+1","Writhe","Bouncing Flask+1","Dodge and Roll+1","Sadistic Nature","Crippling Poison+1","Terror+1","Leg Sweep+1","Deadly Poison+1","Burst+1","Outmaneuver+1","Leg Sweep+1","Dodge and Roll+1","Good Instincts+1"],"special_seed":0,"relics":["Ring of the Snake","NeowsBlessing","Matryoshka","Anchor","Gremlin Horn","Orichalcum","Bag of Preparation","Ninja Scroll","Philosopher\u0027s Stone","Toxic Egg 2","Nilry\u0027s Codex","Bronze Scales","Busted Crown","Pear","Dead Branch"],"potions_floor_usage":[50,50],"damage_taken":[{"damage":0.0,"enemies":"Cultist","floor":1.0,"turns":1.0},{"damage":0.0,"enemies":"Jaw Worm","floor":4.0,"turns":1.0},{"damage":0.0,"enemies":"Gremlin Nob","floor":6.0,"turns":1.0},{"damage":22.0,"enemies":"3 Sentries","floor":11.0,"turns":21.0},{"damage":0.0,"enemies":"Small Slimes","floor":13.0,"turns":4.0},{"damage":8.0,"enemies":"2 Fungi Beasts","floor":14.0,"turns":4.0},{"damage":1.0,"enemies":"The Guardian","floor":16.0,"turns":10.0},{"damage":4.0,"enemies":"Spheric Guardian","floor":18.0,"turns":5.0},{"damage":0.0,"enemies":"2 Thieves","floor":28.0,"turns":3.0},{"damage":3.0,"enemies":"Shelled Parasite and Fungi","floor":30.0,"turns":4.0},{"damage":11.0,"enemies":"Centurion and Healer","floor":31.0,"turns":7.0},{"damage":19.0,"enemies":"Automaton","floor":33.0,"turns":8.0},{"damage":0.0,"enemies":"3 Shapes","floor":35.0,"turns":5.0},{"damage":6.0,"enemies":"Orb Walker","floor":36.0,"turns":3.0},{"damage":0.0,"enemies":"3 Darklings","floor":38.0,"turns":4.0},{"damage":25.0,"enemies":"Spire Growth","floor":41.0,"turns":6.0},{"damage":38.0,"enemies":"Giant Head","floor":42.0,"turns":9.0},{"damage":0.0,"enemies":"4 Shapes","floor":44.0,"turns":4.0},{"damage":1.0,"enemies":"Jaw Worm Horde","floor":48.0,"turns":4.0},{"damage":7,"enemies":"Awakened One","floor":50,"turns":24}],"seed_played":"2235595851881048963","potions_obtained":[{"floor":1.0,"key":"SteroidPotion"},{"floor":13.0,"key":"Swift Potion"},{"floor":18.0,"key":"SteroidPotion"},{"floor":28.0,"key":"Explosive Potion"},{"floor":36.0,"key":"SteroidPotion"},{"floor":41.0,"key":"Weak Potion"},{"floor":42.0,"key":"SkillPotion"},{"floor":48.0,"key":"PowerPotion"}],"is_trial":false,"path_per_floor":["M","$","?","M","?","E","R","T","T","R","E","?","M","M","R","B",null,"M","?","?","$","?","R","?","R","T","?","M","R","M","M","R","B",null,"M","M","$","M","?","R","M","E","T","M","?","R","?","M","R","B",null],"character_chosen":"THE_SILENT","items_purchased":["Footwork","Sadistic Nature","Leg Sweep+1"],"campfire_rested":4,"item_purchase_floors":[2,21,37],"current_hp_per_floor":[59,59,66,66,59,59,59,59,59,59,37,37,37,29,29,28,57,53,53,53,53,53,53,32,32,32,32,32,32,29,18,37,18,54,54,48,48,48,48,66,41,13,13,13,13,34,34,33,54,47],"gold":116,"neow_bonus":"THREE_ENEMY_KILL","is_prod":false,"is_daily":false,"chose_seed":false,"campfire_upgraded":6,"win_rate":0,"timestamp":1549333753,"path_taken":["M","$","?","?","?","E","R","?","T","R","E","?","M","M","R","BOSS","M","?","?","$","?","R","?","R","T","?","M","R","?","M","R","BOSS","M","M","$","M","?","R","M","E","T","M","?","R","?","?","R","BOSS"],"build_version":"2019-01-23","purchased_purges":1,"victory":true,"max_hp_per_floor":[66,66,66,66,66,66,66,66,66,66,66,66,66,66,66,66,66,66,66,66,66,66,66,66,66,66,66,66,66,66,66,66,66,66,66,66,66,66,66,66,66,76,76,76,72,72,72,72,72,72],"card_choices":[{"not_picked":["Reflex","Deflect","Outmaneuver"],"picked":"SKIP","floor":1.0},{"not_picked":["Cloak And Dagger","Leg Sweep","Outmaneuver"],"picked":"SKIP","floor":4.0},{"not_picked":["Prepared","Dagger Throw"],"picked":"Well Laid Plans","floor":6.0},{"not_picked":["Leg Sweep","Cloak And Dagger"],"picked":"Bane","floor":11.0},{"not_picked":["PiercingWail","Sucker Punch"],"picked":"Noxious Fumes","floor":13.0},{"not_picked":["Blade Dance","Outmaneuver"],"picked":"Noxious Fumes","floor":14.0},{"not_picked":["Night Terror","Wraith Form v2"],"picked":"Malaise","floor":16.0},{"not_picked":["Blade Dance","Deflect"],"picked":"Blur+1","floor":18.0},{"not_picked":["Dash","Masterful Stab+1"],"picked":"Terror+1","floor":28.0},{"not_picked":["Cloak And Dagger+1","Poisoned Stab"],"picked":"Leg Sweep+1","floor":30.0},{"not_picked":["Outmaneuver+1","Blade Dance+1"],"picked":"Deadly Poison+1","floor":31.0},{"not_picked":["Tools of the Trade","Die Die Die"],"picked":"Burst+1","floor":33.0},{"not_picked":["Dagger Spray"],"picked":"SKIP","floor":35.0},{"not_picked":[],"picked":"Outmaneuver+1","floor":36.0},{"not_picked":["Distraction+1"],"picked":"SKIP","floor":38.0},{"not_picked":[],"picked":"Dodge and Roll+1","floor":41.0},{"not_picked":["Flechettes"],"picked":"SKIP","floor":42.0},{"not_picked":["Dagger Throw+1"],"picked":"SKIP","floor":44.0},{"not_picked":[],"picked":"Good Instincts+1","floor":47.0},{"not_picked":["Outmaneuver+1"],"picked":"SKIP","floor":48.0}],"player_experience":618784,"relics_obtained":[{"floor":6.0,"key":"Matryoshka"},{"floor":8.0,"key":"Anchor"},{"floor":8.0,"key":"Gremlin Horn"},{"floor":9.0,"key":"Orichalcum"},{"floor":9.0,"key":"Bag of Preparation"},{"floor":11.0,"key":"Ninja Scroll"},{"floor":24.0,"key":"Nilry\u0027s Codex"},{"floor":26.0,"key":"Bronze Scales"},{"floor":42.0,"key":"Pear"},{"floor":43.0,"key":"Dead Branch"}],"event_choices":[{"damage_healed":7.0,"max_hp_gain":0.0,"max_hp_loss":0.0,"gold_gain":0.0,"event_name":"Wheel of Change","player_choice":"Full Heal","floor":3.0,"gold_loss":0.0,"damage_taken":0.0},{"cards_removed":["Strike_G"],"damage_healed":0.0,"max_hp_gain":0.0,"max_hp_loss":0.0,"gold_gain":0.0,"event_name":"Golden Wing","player_choice":"Card Removal","floor":5.0,"gold_loss":0.0,"damage_taken":7.0},{"cards_removed":["Strike_G"],"damage_healed":0.0,"max_hp_gain":0.0,"max_hp_loss":0.0,"gold_gain":0.0,"event_name":"The Cleric","player_choice":"Card Removal","floor":12.0,"gold_loss":75.0,"damage_taken":0.0},{"damage_healed":0.0,"max_hp_gain":0.0,"max_hp_loss":0.0,"gold_gain":0.0,"event_name":"The Mausoleum","player_choice":"Opened","floor":19.0,"gold_loss":0.0,"damage_taken":0.0,"relics_obtained":["Toxic Egg 2"],"cards_obtained":["Writhe"]},{"damage_healed":0.0,"max_hp_gain":0.0,"max_hp_loss":0.0,"gold_gain":0.0,"cards_transformed":["Strike_G","Strike_G"],"event_name":"Drug Dealer","player_choice":"Became Test Subject","floor":20.0,"gold_loss":0.0,"damage_taken":0.0,"cards_obtained":["Bouncing Flask","Dodge and Roll"]},{"damage_healed":0.0,"max_hp_gain":0.0,"max_hp_loss":0.0,"gold_gain":0.0,"event_name":"The Library","player_choice":"Read","floor":22.0,"gold_loss":0.0,"damage_taken":0.0,"cards_obtained":["Crippling Poison"]},{"damage_healed":0.0,"max_hp_gain":0.0,"max_hp_loss":0.0,"gold_gain":0.0,"event_name":"Cursed Tome","player_choice":"Obtained Book","floor":24.0,"gold_loss":0.0,"damage_taken":21.0},{"damage_healed":0.0,"max_hp_gain":0.0,"max_hp_loss":0.0,"gold_gain":0.0,"event_name":"Forgotten Altar","player_choice":"Smashed Altar","floor":27.0,"gold_loss":0.0,"damage_taken":0.0,"cards_obtained":["Decay"]},{"damage_healed":0.0,"max_hp_gain":0.0,"max_hp_loss":0.0,"gold_gain":0.0,"event_name":"Mysterious Sphere","player_choice":"Ignored","floor":39.0,"gold_loss":0.0,"damage_taken":0.0},{"damage_healed":0.0,"max_hp_gain":0.0,"max_hp_loss":4.0,"gold_gain":0.0,"event_name":"Winding Halls","player_choice":"Max HP","floor":45.0,"gold_loss":0.0,"damage_taken":0.0},{"damage_healed":0.0,"max_hp_gain":0.0,"max_hp_loss":0.0,"gold_gain":0.0,"event_name":"SensoryStone","player_choice":"Memory 1","floor":47.0,"gold_loss":0.0,"damage_taken":0.0}],"is_beta":false,"boss_relics":[{"not_picked":["Cursed Key","Runic Dome"],"picked":"Philosopher\u0027s Stone"},{"not_picked":["Pandora\u0027s Box","Coffee Dripper"],"picked":"Busted Crown"}],"items_purged_floors":[37],"is_endless":false,"potions_floor_spawned":[1,13,18,28,36,41,42,44,48],"ascension_level":19}