{"gold_per_floor":[117,67,81,99,174,208,208,227,227,227,227,51,69,89,89,89],"floor_reached":16,"playtime":732,"items_purged":["Strike_R"],"score":117,"play_id":"d1054fbd-1317-4751-ae8c-dd7229a98052","local_time":"20180703122732","is_ascension_mode":true,"campfire_choices":[{"data":"Immolate","floor":7,"key":"SMITH"},{"data":"Thunderclap","floor":11,"key":"SMITH"},{"data":"Pommel Strike","floor":15,"key":"SMITH"}],"neow_cost":"NONE","seed_source_timestamp":3806269314768,"circlet_count":0,"master_deck":["Strike_R","Strike_R","Strike_R","Defend_R","Defend_R","Defend_R","Defend_R","Bash","Thunderclap","Iron Wave","Thunderclap+1","Immolate+1","Cleave+1","Purity","Pommel Strike+1"],"relics":["Burning Blood","Orichalcum","Blue Candle","Kunai"],"potions_floor_usage":[6],"damage_taken":[{"damage":6,"enemies":"Jaw Worm","floor":1,"turns":2},{"damage":2,"enemies":"Small Slimes","floor":3,"turns":4},{"damage":0,"enemies":"Cultist","floor":4,"turns":3},{"damage":28,"enemies":"Lagavulin","floor":6,"turns":6},{"damage":7,"enemies":"Blue Slaver","floor":8,"turns":2},{"damage":12,"enemies":"Large Slime","floor":13,"turns":3},{"damage":4,"enemies":"Red Slaver","floor":14,"turns":4},{"damage":45,"enemies":"Hexaghost","floor":16,"turns":9}],"seed_played":"7246695233172670105","potions_obtained":[{"floor":3,"key":"SkillPotion"},{"floor":13,"key":"LiquidBronze"}],"is_trial":false,"path_per_floor":["M","?","M","M","?","E","R","M","T","?","R","$","M","M","R"],"character_chosen":"IRONCLAD","items_purchased":["Purity"],"campfire_rested":0,"item_purchase_floors":[12],"current_hp_per_floor":[80,80,80,80,69,47,47,46,46,46,46,46,40,42,42,0],"gold":89,"neow_bonus":"RANDOM_COMMON_RELIC","is_prod":false,"is_daily":false,"chose_seed":false,"campfire_upgraded":3,"win_rate":0,"timestamp":1530613652,"path_taken":["M","?","?","M","?","E","R","M","T","?","R","$","M","M","R","BOSS"],"build_version":"2018-06-28","purchased_purges":1,"victory":false,"max_hp_per_floor":[80,80,80,80,80,80,80,80,80,80,80,80,80,80,80,80],"card_choices":[{"not_picked":["Cleave","Body Slam"],"picked":"Thunderclap","floor":1},{"not_picked":["Perfected Strike","Armaments"],"picked":"Iron Wave","floor":3},{"not_picked":["Perfected Strike","Sever Soul"],"picked":"Thunderclap","floor":4},{"not_picked":["Perfected Strike","Flex"],"picked":"Immolate","floor":6},{"not_picked":["Wild Strike","Blood for Blood"],"picked":"Cleave","floor":8},{"not_picked":["Wild Strike","Impervious","Clothesline"],"picked":"SKIP","floor":13},{"not_picked":["Infernal Blade","Corruption"],"picked":"Pommel Strike","floor":14}],"player_experience":240640,"relics_obtained":[{"floor":6,"key":"Blue Candle"},{"floor":9,"key":"Kunai"}],"event_choices":[{"event_name":"The Cleric","player_choice":"Card Removal","floor":2,"damage_taken":0},{"event_name":"World of Goop","player_choice":"Gather Gold","floor":5,"damage_taken":0},{"event_name":"Upgrade Shrine","player_choice":"Upgraded","floor":10,"damage_taken":0}],"boss_relics":[],"items_purged_floors":[12],"is_endless":false,"potions_floor_spawned":[3,13],"killed_by":"Hexaghost","ascension_level":3}