{"gold_per_floor":[113,125,75,0,19,19,38,38,38,48,63,63,82,110,110,206,206,219,232,331,351,370,370,370],"floor_reached":24,"playtime":1779,"items_purged":["Defend_B"],"score":227,"play_id":"484d5d56-9fea-47d7-9ec3-831b4561301e","local_time":"20180628195954","is_ascension_mode":false,"campfire_choices":[{"data":"Melter","floor":6,"key":"SMITH"},{"data":"Rebound","floor":8,"key":"SMITH"},{"data":"Beam Cell","floor":12,"key":"SMITH"},{"data":"Zap","floor":15,"key":"SMITH"},{"data":"Scrape","floor":23,"key":"SMITH"}],"neow_cost":"NONE","seed_source_timestamp":20968011161802,"circlet_count":0,"master_deck":["Strike_B","Strike_B","Strike_B","Defend_B","Defend_B","Defend_B","Zap+1","Dualcast","Gash","Rebound+1","Melter+1","Rebound","Beam Cell+1","Hologram","Seek","Sweeping Beam","Conserve Battery+1","Scrape+1","Stack+1"],"relics":["Cracked Core","Mango","Gambling Chip","Black Star"],"potions_floor_usage":[1,2,13,14,16,18,19,21,22],"damage_taken":[{"damage":3,"enemies":"Jaw Worm","floor":1,"turns":3},{"damage":1,"enemies":"2 Louse","floor":2,"turns":2},{"damage":0,"enemies":"Cultist","floor":5,"turns":3},{"damage":6,"enemies":"2 Fungi Beasts","floor":7,"turns":3},{"damage":12,"enemies":"Blue Slaver","floor":10,"turns":3},{"damage":10,"enemies":"Looter","floor":11,"turns":2},{"damage":3,"enemies":"Red Slaver","floor":13,"turns":2},{"damage":0,"enemies":"Gremlin Nob","floor":14,"turns":2},{"damage":41,"enemies":"The Guardian","floor":16,"turns":8},{"damage":10,"enemies":"3 Byrds","floor":18,"turns":5},{"damage":0,"enemies":"Chosen","floor":19,"turns":3},{"damage":16,"enemies":"Centurion and Healer","floor":21,"turns":5},{"damage":15,"enemies":"3 Cultists","floor":22,"turns":5},{"damage":61,"enemies":"Gremlin Leader","floor":24,"turns":7}],"seed_played":"-572967217998801891","potions_obtained":[{"floor":7,"key":"EntropicBrew"},{"floor":10,"key":"FairyPotion"},{"floor":13,"key":"Fire Potion"},{"floor":14,"key":"Poison Potion"},{"floor":19,"key":"FearPotion"}],"is_trial":false,"path_per_floor":["M","M","?","$","M","R","M","R","T","M","M","R","M","E","R","B",null,"M","M","?","M","M","R"],"character_chosen":"DEFECT","items_purchased":[],"campfire_rested":0,"item_purchase_floors":[],"current_hp_per_floor":[72,71,71,71,71,71,65,65,79,67,57,57,54,54,54,13,89,79,79,79,63,48,48,0],"gold":370,"neow_bonus":"THREE_SMALL_POTIONS","is_prod":false,"is_daily":false,"chose_seed":false,"campfire_upgraded":5,"win_rate":0,"timestamp":1530208794,"path_taken":["M","M","?","$","M","R","M","R","T","M","M","R","M","E","R","BOSS","M","M","?","M","?","R","E"],"build_version":"2018-06-21v2","purchased_purges":1,"victory":false,"max_hp_per_floor":[75,75,75,75,75,75,75,75,89,89,89,89,89,89,89,89,89,89,89,89,89,89,89,89],"card_choices":[{"not_picked":["Barrage","Cold Snap"],"picked":"Gash","floor":1},{"not_picked":["Doom and Gloom","Recycle"],"picked":"Rebound","floor":2},{"not_picked":["Coolheaded","Ball Lightning"],"picked":"Melter","floor":5},{"not_picked":["Compile Driver","Doom and Gloom","Aggregate"],"picked":"SKIP","floor":7},{"not_picked":["Compile Driver","Steam"],"picked":"Rebound","floor":10},{"not_picked":["Capacitor","Darkness"],"picked":"Beam Cell","floor":11},{"not_picked":["Coolheaded","Chaos","Heatsinks"],"picked":"SKIP","floor":13},{"not_picked":["Skim","Hello World"],"picked":"Hologram","floor":14},{"not_picked":["Amplify","Fission"],"picked":"Seek","floor":16},{"not_picked":["Ball Lightning","Storm"],"picked":"Sweeping Beam","floor":18},{"not_picked":["Gash","Barrage"],"picked":"Conserve Battery+1","floor":19},{"not_picked":["Fusion","Sweeping Beam"],"picked":"Scrape","floor":21},{"not_picked":["Ball Lightning","Scrape"],"picked":"Stack+1","floor":22}],"player_experience":215729,"relics_obtained":[{"floor":9,"key":"Mango"},{"floor":14,"key":"Gambling Chip"}],"event_choices":[{"event_name":"The Cleric","player_choice":"Card Removal","floor":3,"damage_taken":0},{"event_name":"Nest","player_choice":"Stole From Cult","floor":20,"damage_taken":0}],"boss_relics":[{"not_picked":["Lizard Tail","Runic Dome"],"picked":"Black Star"}],"items_purged_floors":[4],"is_endless":false,"potions_floor_spawned":[7,10,13,14,19],"killed_by":"Gremlin Leader","ascension_level":0}