{"gold_per_floor":[112,112,187,201,46,46,81,81,132,213,230,263,263,289,301,313],"floor_reached":16,"playtime":335,"items_purged":[],"score":216,"play_id":"9e5a926e-23da-45d7-8b73-54dad011add8","local_time":"20190205181806","is_ascension_mode":true,"campfire_choices":[{"data":"Glass Knife","floor":6,"key":"SMITH"},{"data":"Dagger Spray","floor":8,"key":"SMITH"},{"data":"Noxious Fumes","floor":15,"key":"SMITH"}],"neow_cost":"NONE","seed_source_timestamp":5244699909200,"circlet_count":0,"master_deck":["AscendersBane","Defend_G","Defend_G","Defend_G","Defend_G","Defend_G","Strike_G","Strike_G","Strike_G","Strike_G","Strike_G","Survivor","Neutralize","Finesse","Dagger Spray+1","Glass Knife+1","Crippling Poison","Noxious Fumes+1"],"relics":["Ring of the Snake","Juzu Bracelet","Omamori","Tiny Chest","Dodecahedron","MawBank"],"potions_floor_usage":[7,12,12,12,16,16],"damage_taken":[{"damage":1,"enemies":"2 Louse","floor":1,"turns":3},{"damage":0,"enemies":"Jaw Worm","floor":4,"turns":4},{"damage":30,"enemies":"Gremlin Nob","floor":7,"turns":4},{"damage":0,"enemies":"Cultist","floor":11,"turns":2},{"damage":14,"enemies":"Lagavulin","floor":12,"turns":6},{"damage":0,"enemies":"Lots of Slimes","floor":14,"turns":1},{"damage":16,"enemies":"Hexaghost","floor":16,"turns":9}],"seed_played":"-5046429282886544036","potions_obtained":[{"floor":4,"key":"Regen Potion"},{"floor":7,"key":"EntropicBrew"},{"floor":11,"key":"Block Potion"},{"floor":14,"key":"Dexterity Potion"}],"is_trial":false,"path_per_floor":["M","$","?","M","$","R","E","R","T","T","M","E","?","M","R","B"],"character_chosen":"THE_SILENT","items_purchased":["Glass Knife"],"campfire_rested":0,"item_purchase_floors":[5],"current_hp_per_floor":[58,58,47,47,47,47,29,29,29,29,29,15,15,15,15,0],"gold":313,"neow_bonus":"RANDOM_COLORLESS","is_prod":false,"is_daily":false,"chose_seed":false,"campfire_upgraded":3,"win_rate":0,"timestamp":1549383486,"path_taken":["M","$","?","M","$","R","E","R","T","?","M","E","?","M","R","BOSS"],"build_version":"2019-01-23","purchased_purges":0,"victory":false,"max_hp_per_floor":[66,66,66,66,66,66,66,66,66,66,66,66,66,66,66,66],"card_choices":[{"not_picked":["Riddle With Holes","Dodge and Roll"],"picked":"All Out Attack","floor":1},{"not_picked":["Leg Sweep","Outmaneuver"],"picked":"Dagger Spray","floor":4},{"not_picked":["Doppelganger","Slice","Prepared"],"picked":"SKIP","floor":7},{"not_picked":["Backflip","Flying Knee","Blade Dance"],"picked":"SKIP","floor":11},{"not_picked":["Phantasmal Killer","PiercingWail"],"picked":"Crippling Poison","floor":12},{"not_picked":["Prepared","Crippling Poison"],"picked":"Noxious Fumes","floor":14}],"player_experience":624136,"relics_obtained":[{"floor":7,"key":"Juzu Bracelet"},{"floor":9,"key":"Omamori"},{"floor":10,"key":"Tiny Chest"},{"floor":12,"key":"Dodecahedron"}],"event_choices":[{"damage_healed":0,"gold_gain":75,"player_choice":"Gather Gold","damage_taken":11,"max_hp_gain":0,"max_hp_loss":0,"event_name":"World of Goop","floor":3,"gold_loss":0},{"cards_removed":["All Out Attack"],"damage_healed":0,"gold_gain":0,"player_choice":"Gave Card","damage_taken":0,"relics_obtained":["MawBank"],"max_hp_gain":0,"max_hp_loss":0,"event_name":"WeMeetAgain","floor":13,"gold_loss":0}],"is_beta":false,"boss_relics":[],"items_purged_floors":[],"is_endless":false,"potions_floor_spawned":[4,7,11,14],"killed_by":"Hexaghost","ascension_level":20}