{"gold_per_floor":[211,85,101,101,101,101,136,155,155,175,175,208,227,302,302,402,402,416,35,35,31,45,45,57,57,133,159,169,44,71,71,71,173,173,184,196,196,46,146,175,175,175,175,175,189,222,242,262,262,262],"floor_reached":51,"playtime":5906,"items_purged":["Strike_R","Strike_R","Strike_R","Defend_R"],"score":901,"play_id":"1e34ae1d-f6f8-4856-b38f-c91a1ac296f3","local_time":"20190203105207","is_ascension_mode":true,"campfire_choices":[{"data":"Bash","floor":6.0,"key":"SMITH"},{"data":"Uppercut","floor":11.0,"key":"SMITH"},{"data":"Berserk","floor":15.0,"key":"SMITH"},{"data":"Offering","floor":23.0,"key":"SMITH"},{"data":"Battle Trance","floor":25.0,"key":"SMITH"},{"data":"Flame Barrier","floor":32.0,"key":"SMITH"},{"floor":42.0,"key":"DIG"},{"floor":44.0,"key":"DIG"},{"data":"Apotheosis","floor":49,"key":"SMITH"}],"neow_cost":"NONE","seed_source_timestamp":0,"circlet_count":0,"master_deck":["Strike_R+1","Defend_R","Defend_R","Bash+1","Body Slam+1","True Grit+1","Uppercut+1","Entrench","Feel No Pain","Berserk+1","Offering+1","Battle Trance+1","Metallicize","Shrug It Off","Ghostly Armor","Feel No Pain+1","Intimidate+1","Metallicize","Flame Barrier+1","Feed","Flame Barrier+1","Apotheosis+1","Double Tap","Flame Barrier+1"],"special_seed":0,"relics":["Burning Blood","Red Skull","Kunai","Bag of Preparation","Coffee Dripper","Happy Flower","Pantograph","Bronze Scales","Whetstone","Velvet Choker","Ginger","Shovel","Dodecahedron","Paper Frog","PreservedInsect","Orichalcum"],"potions_floor_usage":[50,50],"damage_taken":[{"damage":0.0,"enemies":"Small Slimes","floor":1.0,"turns":3.0},{"damage":3.0,"enemies":"Cultist","floor":3.0,"turns":4.0},{"damage":26.0,"enemies":"Gremlin Nob","floor":7.0,"turns":4.0},{"damage":0.0,"enemies":"2 Louse","floor":8.0,"turns":2.0},{"damage":1.0,"enemies":"Looter","floor":10.0,"turns":3.0},{"damage":18.0,"enemies":"Lagavulin","floor":12.0,"turns":7.0},{"damage":2.0,"enemies":"Red Slaver","floor":13.0,"turns":5.0},{"damage":33.0,"enemies":"Slime Boss","floor":16.0,"turns":10.0},{"damage":20.0,"enemies":"3 Byrds","floor":18.0,"turns":7.0},{"damage":6.0,"enemies":"2 Thieves","floor":21.0,"turns":4.0},{"damage":6.0,"enemies":"Snecko","floor":22.0,"turns":2.0},{"damage":6.0,"enemies":"Centurion and Healer","floor":24.0,"turns":4.0},{"damage":21.0,"enemies":"Gremlin Leader","floor":27.0,"turns":5.0},{"damage":6.0,"enemies":"Snake Plant","floor":28.0,"turns":3.0},{"damage":14.0,"enemies":"Slavers","floor":30.0,"turns":7.0},{"damage":34.0,"enemies":"Collector","floor":33.0,"turns":10.0},{"damage":21.0,"enemies":"3 Darklings","floor":35.0,"turns":6.0},{"damage":6.0,"enemies":"3 Shapes","floor":36.0,"turns":6.0},{"damage":17.0,"enemies":"Mind Bloom Boss Battle","floor":39.0,"turns":7.0},{"damage":56.0,"enemies":"Reptomancer","floor":40.0,"turns":9.0},{"damage":6.0,"enemies":"Transient","floor":45.0,"turns":5.0},{"damage":9.0,"enemies":"Nemesis","floor":46.0,"turns":3.0},{"damage":6.0,"enemies":"3 Darklings","floor":47.0,"turns":5.0},{"damage":6,"enemies":"Spire Growth","floor":48,"turns":3},{"damage":28,"enemies":"Time Eater","floor":50,"turns":10}],"seed_played":"989919539855143545","potions_obtained":[{"floor":1.0,"key":"Regen Potion"},{"floor":8.0,"key":"SteroidPotion"},{"floor":10.0,"key":"Dexterity Potion"},{"floor":16.0,"key":"Poison Potion"},{"floor":22.0,"key":"Poison Potion"},{"floor":28.0,"key":"SteroidPotion"},{"floor":30.0,"key":"Fruit Juice"},{"floor":33.0,"key":"Fire Potion"},{"floor":36.0,"key":"EssenceOfSteel"},{"floor":46.0,"key":"Regen Potion"},{"floor":47.0,"key":"Explosive Potion"}],"is_trial":false,"path_per_floor":["M","$","M","?","?","R","E","M","T","M","R","E","M","?","R","B",null,"M","$","?","M","M","R","M","R","T","E","M","$","E","$","R","B",null,"M","M","?","$","?","E","?","R","T","R","M","E","M","M","R","B",null],"character_chosen":"IRONCLAD","items_purchased":["True Grit","Metallicize","Shrug It Off","Happy Flower"],"campfire_rested":0,"item_purchase_floors":[2,19,19,19],"current_hp_per_floor":[80,80,80,64,64,64,44,50,50,55,55,43,47,36,36,24,80,66,66,66,66,66,66,66,66,66,51,51,51,48,48,48,45,85,70,73,63,63,77,27,27,27,27,27,27,24,24,24,24,42],"gold":262,"neow_bonus":"HUNDRED_GOLD","is_prod":false,"is_daily":false,"chose_seed":false,"campfire_upgraded":7,"win_rate":0,"timestamp":1549187527,"path_taken":["M","$","M","?","?","R","E","M","T","?","R","E","M","?","R","BOSS","M","$","?","M","M","R","M","R","T","E","?","$","E","?","R","BOSS","M","M","?","$","?","E","?","R","T","R","M","E","?","M","R","BOSS"],"build_version":"2019-01-23","purchased_purges":4,"victory":true,"max_hp_per_floor":[80,80,80,80,80,80,80,80,80,80,80,80,80,80,80,80,80,80,80,80,80,80,80,80,80,80,80,80,80,85,85,85,85,85,85,88,88,88,88,88,88,88,88,88,88,88,88,88,88,88],"card_choices":[{"not_picked":["Hemokinesis","Iron Wave"],"picked":"Body Slam","floor":1.0},{"not_picked":["True Grit","Thunderclap","Clash"],"picked":"SKIP","floor":3.0},{"not_picked":["Perfected Strike","Twin Strike"],"picked":"Uppercut","floor":7.0},{"not_picked":["Reckless Charge","Intimidate"],"picked":"Entrench","floor":8.0},{"not_picked":["Twin Strike","Headbutt","Bloodletting"],"picked":"SKIP","floor":10.0},{"not_picked":["Anger","Clash"],"picked":"Feel No Pain","floor":12.0},{"not_picked":["Iron Wave","Anger"],"picked":"Berserk","floor":13.0},{"not_picked":["Limit Break","Impervious"],"picked":"Offering","floor":16.0},{"not_picked":["Uppercut","Cleave"],"picked":"Battle Trance","floor":18.0},{"not_picked":["Sword Boomerang","Perfected Strike"],"picked":"Ghostly Armor","floor":21.0},{"not_picked":["Sword Boomerang","Twin Strike+1","Heavy Blade"],"picked":"SKIP","floor":22.0},{"not_picked":["Sword Boomerang","Twin Strike+1","Heavy Blade"],"picked":"SKIP","floor":22.0},{"not_picked":["Sword Boomerang","Twin Strike+1","Heavy Blade"],"picked":"SKIP","floor":22.0},{"not_picked":["Fire Breathing+1","Spot Weakness"],"picked":"Feel No Pain+1","floor":24.0},{"not_picked":["Flex+1","Warcry+1"],"picked":"Intimidate+1","floor":27.0},{"not_picked":["Cleave","Heavy Blade+1"],"picked":"Metallicize","floor":28.0},{"not_picked":["Shockwave","Offering"],"picked":"Flame Barrier","floor":30.0},{"not_picked":["Fiend Fire","Limit Break"],"picked":"Feed","floor":33.0},{"not_picked":["Infernal Blade+1","Twin Strike+1","Heavy Blade+1"],"picked":"SKIP","floor":35.0},{"not_picked":["Shrug It Off","Burning Pact"],"picked":"Flame Barrier+1","floor":36.0},{"not_picked":["Deep Breath","Mayhem"],"picked":"Apotheosis","floor":37.0},{"not_picked":["Hemokinesis+1","Clothesline","Infernal Blade+1"],"picked":"SKIP","floor":40.0},{"not_picked":["Blood for Blood+1","Cleave","Perfected Strike"],"picked":"SKIP","floor":45.0},{"not_picked":["Ghostly Armor+1","Second Wind+1"],"picked":"Double Tap","floor":46.0},{"not_picked":["Flex+1","Headbutt"],"picked":"Flame Barrier+1","floor":47.0},{"not_picked":["Sword Boomerang+1","Pommel Strike+1","Wild Strike+1"],"picked":"SKIP","floor":48}],"player_experience":69936,"relics_obtained":[{"floor":7.0,"key":"Red Skull"},{"floor":9.0,"key":"Kunai"},{"floor":12.0,"key":"Bag of Preparation"},{"floor":26.0,"key":"Pantograph"},{"floor":27.0,"key":"Bronze Scales"},{"floor":30.0,"key":"Whetstone"},{"floor":39.0,"key":"Ginger"},{"floor":40.0,"key":"Shovel"},{"floor":42.0,"key":"Dodecahedron"},{"floor":43.0,"key":"Paper Frog"},{"floor":44.0,"key":"PreservedInsect"},{"floor":46.0,"key":"Orichalcum"}],"event_choices":[{"damage_healed":0.0,"max_hp_gain":0.0,"max_hp_loss":0.0,"gold_gain":0.0,"event_name":"Shining Light","player_choice":"Entered Light","floor":4.0,"gold_loss":0.0,"damage_taken":16.0,"cards_upgraded":["Strike_R","True Grit"]},{"damage_healed":0.0,"max_hp_gain":0.0,"max_hp_loss":0.0,"gold_gain":0.0,"event_name":"Upgrade Shrine","player_choice":"Upgraded","floor":5.0,"gold_loss":0.0,"damage_taken":0.0,"cards_upgraded":["Body Slam"]},{"damage_healed":0.0,"max_hp_gain":0.0,"max_hp_loss":0.0,"gold_gain":75.0,"event_name":"World of Goop","player_choice":"Gather Gold","floor":14.0,"gold_loss":0.0,"damage_taken":11.0},{"cards_removed":["Strike_R"],"damage_healed":0.0,"max_hp_gain":0.0,"max_hp_loss":0.0,"gold_gain":0.0,"event_name":"Bonfire Elementals","player_choice":"Offered Basic","floor":20.0,"gold_loss":0.0,"damage_taken":0.0},{"damage_healed":0.0,"max_hp_gain":0.0,"max_hp_loss":0.0,"gold_gain":0.0,"event_name":"SensoryStone","player_choice":"Memory 3","floor":37.0,"gold_loss":0.0,"damage_taken":10.0},{"damage_healed":0.0,"max_hp_gain":0.0,"max_hp_loss":0.0,"gold_gain":0.0,"event_name":"MindBloom","player_choice":"Fight","floor":39.0,"gold_loss":0.0,"damage_taken":0.0},{"cards_removed":["Defend_R"],"damage_healed":0.0,"max_hp_gain":0.0,"max_hp_loss":0.0,"gold_gain":0.0,"event_name":"Wheel of Change","player_choice":"Card Removal","floor":41.0,"gold_loss":0.0,"damage_taken":0.0}],"is_beta":false,"boss_relics":[{"not_picked":["Busted Crown","Calling Bell"],"picked":"Coffee Dripper"},{"not_picked":["Runic Pyramid","Astrolabe"],"picked":"Velvet Choker"}],"items_purged_floors":[2,19,29,38],"is_endless":false,"potions_floor_spawned":[1,8,10,16,22,28,30,33,36,46,47],"ascension_level":4}