{"gold_per_floor":[112,112,112,132,132,132,158,158,158,158,175,239,257,14,14,92,92,105,18,18,118,131,131,131],"floor_reached":24,"playtime":1593,"items_purged":[],"score":604,"play_id":"6d7995ad-8fce-45cc-9ad6-32a3cdf2fe80","local_time":"20190124191117","is_ascension_mode":true,"campfire_choices":[{"data":"Zap","floor":6.0,"key":"SMITH"},{"floor":8.0,"key":"REST"},{"data":"Dualcast","floor":10.0,"key":"SMITH"},{"floor":15.0,"key":"REST"},{"floor":23,"key":"REST"}],"neow_cost":"NONE","seed_source_timestamp":0,"circlet_count":0,"master_deck":["AscendersBane","Strike_B+1","Defend_B+1","Defend_B","Defend_B+1","Zap+1","Dualcast+1","Blind+1","Chill","Echo Form","Conserve Battery","Panache","Coolheaded","Echo Form","Loop+1","Defragment+1","All For One+1","Beam Cell","Defragment","Streamline","Gash"],"special_seed":0,"relics":["Cracked Core","War Paint","Cables","Tiny Chest","Astrolabe","Gremlin Horn","Shovel","Frozen Egg 2"],"potions_floor_usage":[21],"damage_taken":[{"damage":0.0,"enemies":"2 Louse","floor":1.0,"turns":2.0},{"damage":2.0,"enemies":"Jaw Worm","floor":4.0,"turns":3.0},{"damage":13.0,"enemies":"Lagavulin","floor":7.0,"turns":7.0},{"damage":0.0,"enemies":"Cultist","floor":11.0,"turns":2.0},{"damage":38.0,"enemies":"Gremlin Nob","floor":12.0,"turns":5.0},{"damage":3.0,"enemies":"Large Slime","floor":13.0,"turns":7.0},{"damage":13.0,"enemies":"The Guardian","floor":16.0,"turns":9.0},{"damage":0.0,"enemies":"Spheric Guardian","floor":18.0,"turns":4.0},{"damage":22,"enemies":"Colosseum Slavers","floor":21,"turns":4},{"damage":27,"enemies":"Colosseum Nobs","floor":21,"turns":4},{"damage":9,"enemies":"Shell Parasite","floor":22,"turns":5},{"damage":29,"enemies":"Snake Plant","floor":24,"turns":2}],"seed_played":"6884410505881563916","potions_obtained":[{"floor":1.0,"key":"Strength Potion"},{"floor":7.0,"key":"Energy Potion"},{"floor":16.0,"key":"Fruit Juice"},{"floor":18.0,"key":"SpeedPotion"}],"is_trial":false,"path_per_floor":["M","?","?","M","?","R","E","R","T","R","M","E","M","$","R","B",null,"M","$","T","?","M","R","M"],"character_chosen":"DEFECT","items_purchased":["Panache","Coolheaded","Defragment"],"campfire_rested":3,"item_purchase_floors":[14,14,19],"current_hp_per_floor":[64,43,43,41,41,41,28,49,49,49,49,11,8,8,29,21,62,62,62,62,13,4,26,0],"gold":131,"neow_bonus":"RANDOM_COLORLESS","is_prod":false,"is_daily":false,"chose_seed":false,"campfire_upgraded":2,"win_rate":0,"timestamp":1548375077,"path_taken":["M","?","?","M","?","R","E","R","T","R","M","E","?","$","R","BOSS","M","$","?","?","M","R","M"],"build_version":"2019-01-23","purchased_purges":0,"victory":false,"max_hp_per_floor":[71,71,71,71,71,71,71,71,71,71,71,71,71,71,71,76,76,76,76,76,76,76,76,76],"card_choices":[{"not_picked":["Steam","Leap"],"picked":"Chill","floor":1.0},{"not_picked":["Rebound","Melter","Conserve Battery"],"picked":"SKIP","floor":4.0},{"not_picked":["Streamline","Beam Cell"],"picked":"Echo Form","floor":7.0},{"not_picked":["Tempest","Double Energy","Conserve Battery"],"picked":"SKIP","floor":11.0},{"not_picked":["Steam Power","Rip and Tear"],"picked":"Conserve Battery","floor":12.0},{"not_picked":["Leap","Conserve Battery","Turbo"],"picked":"SKIP","floor":13.0},{"not_picked":["Buffer","Reboot"],"picked":"Echo Form","floor":16.0},{"not_picked":["Sweeping Beam","Ball Lightning"],"picked":"Beam Cell","floor":18.0},{"not_picked":["Compile Driver+1","Sweeping Beam"],"picked":"Streamline","floor":21},{"not_picked":["Hologram","Recycle"],"picked":"Gash","floor":22}],"player_experience":528168,"relics_obtained":[{"floor":7.0,"key":"War Paint"},{"floor":9.0,"key":"Cables"},{"floor":12.0,"key":"Tiny Chest"},{"floor":20.0,"key":"Gremlin Horn"},{"floor":21,"key":"Shovel"},{"floor":21,"key":"Frozen Egg 2"}],"event_choices":[{"damage_healed":0.0,"max_hp_gain":0.0,"max_hp_loss":0.0,"gold_gain":0.0,"event_name":"Shining Light","player_choice":"Entered Light","floor":2.0,"gold_loss":0.0,"damage_taken":21.0,"cards_upgraded":["Blind","Strike_B"]},{"cards_removed":["Strike_B"],"damage_healed":0.0,"max_hp_gain":0.0,"max_hp_loss":0.0,"gold_gain":0.0,"event_name":"Living Wall","player_choice":"Forget","floor":3.0,"gold_loss":0.0,"damage_taken":0.0},{"damage_healed":0.0,"max_hp_gain":0.0,"max_hp_loss":0.0,"gold_gain":0.0,"event_name":"Liars Game","player_choice":"Ignored","floor":5.0,"gold_loss":0.0,"damage_taken":0.0},{"damage_healed":0,"gold_gain":0,"player_choice":"Fight","damage_taken":0,"max_hp_gain":0,"max_hp_loss":0,"event_name":"Colosseum","floor":21,"gold_loss":0},{"damage_healed":0,"gold_gain":0,"player_choice":"Fought Nobs","damage_taken":0,"max_hp_gain":0,"max_hp_loss":0,"event_name":"Colosseum","floor":21,"gold_loss":0}],"is_beta":false,"boss_relics":[{"not_picked":["White Beast Statue","Empty Cage"],"picked":"Astrolabe"}],"items_purged_floors":[],"is_endless":false,"potions_floor_spawned":[1,7,11,16,18,21],"killed_by":"Snake Plant","ascension_level":20}