{"gold_per_floor":[109,121,121,139,151,151,185,185,185,244,244,244,278,298,298,298],"floor_reached":16,"playtime":913,"items_purged":[],"score":127,"play_id":"d83883c1-5200-4d91-8d70-4980667a8e11","local_time":"20180703113439","is_ascension_mode":true,"campfire_choices":[{"data":"Cleave","floor":6,"key":"SMITH"},{"data":"Twin Strike","floor":8,"key":"SMITH"},{"floor":12,"key":"REST"},{"data":"Thunderclap","floor":15,"key":"SMITH"}],"neow_cost":"NONE","seed_source_timestamp":439036247874,"circlet_count":0,"master_deck":["Strike_R","Strike_R","Strike_R+1","Strike_R","Strike_R","Defend_R","Defend_R","Defend_R","Defend_R","Bash+1","Thunderclap+1","Iron Wave+1","Cleave+1","Twin Strike+1","Spot Weakness"],"relics":["Burning Blood","Regal Pillow","Whetstone","Anchor","Letter Opener","Strawberry"],"potions_floor_usage":[5,5,5,16],"damage_taken":[{"damage":4,"enemies":"Jaw Worm","floor":1,"turns":4},{"damage":6,"enemies":"Cultist","floor":2,"turns":4},{"damage":4,"enemies":"2 Louse","floor":4,"turns":3},{"damage":8,"enemies":"Exordium Thugs","floor":5,"turns":4},{"damage":27,"enemies":"Gremlin Nob","floor":7,"turns":4},{"damage":40,"enemies":"Lagavulin Event","floor":10,"turns":5},{"damage":33,"enemies":"Lagavulin","floor":13,"turns":5},{"damage":4,"enemies":"Red Slaver","floor":14,"turns":2},{"damage":51,"enemies":"The Guardian","floor":16,"turns":10}],"seed_played":"-5894706562060836731","potions_obtained":[{"floor":1,"key":"Ancient Potion"},{"floor":3,"key":"Block Potion"},{"floor":3,"key":"Poison Potion"},{"floor":3,"key":"AttackPotion"},{"floor":13,"key":"Strength Potion"}],"is_trial":false,"path_per_floor":["M","M","?","M","M","R","E","R","T","?","?","R","E","M","R"],"character_chosen":"IRONCLAD","items_purchased":[],"campfire_rested":1,"item_purchase_floors":[],"current_hp_per_floor":[80,80,80,80,78,78,57,57,57,23,23,62,42,44,44,0],"gold":298,"neow_bonus":"RANDOM_COMMON_RELIC","is_prod":false,"is_daily":false,"chose_seed":false,"campfire_upgraded":3,"win_rate":0,"timestamp":1530610479,"path_taken":["M","M","?","M","M","R","E","R","T","?","?","R","E","M","R","BOSS"],"build_version":"2018-06-28","purchased_purges":0,"victory":false,"max_hp_per_floor":[80,80,80,80,80,80,80,80,80,80,80,80,87,87,87,87],"card_choices":[{"not_picked":["Metallicize","Armaments"],"picked":"Thunderclap","floor":1},{"not_picked":["Uppercut","Armaments","Perfected Strike"],"picked":"SKIP","floor":2},{"not_picked":["Intimidate","Infernal Blade"],"picked":"Iron Wave","floor":4},{"not_picked":["Shrug It Off","Flex"],"picked":"Cleave","floor":5},{"not_picked":["Pommel Strike","Battle Trance"],"picked":"Twin Strike","floor":7},{"not_picked":["Uppercut","Double Tap"],"picked":"Spot Weakness","floor":10},{"not_picked":["True Grit","Wild Strike","Searing Blow"],"picked":"SKIP","floor":13},{"not_picked":["Rampage","Shockwave","Anger"],"picked":"SKIP","floor":14}],"player_experience":237466,"relics_obtained":[{"floor":7,"key":"Whetstone"},{"floor":9,"key":"Anchor"},{"floor":10,"key":"Letter Opener"},{"floor":13,"key":"Strawberry"}],"event_choices":[{"event_name":"The Lab","player_choice":"Got Potions","floor":3,"damage_taken":0},{"event_name":"Dead Adventurer","player_choice":"Searched \u00273\u0027 times","floor":10,"damage_taken":0},{"event_name":"Upgrade Shrine","player_choice":"Upgraded","floor":11,"damage_taken":0}],"boss_relics":[],"items_purged_floors":[],"is_endless":false,"potions_floor_spawned":[1,13],"killed_by":"The Guardian","ascension_level":3}