{"gold_per_floor":[118,196,0,0,13,40,53,67,67,82,182,182,33,61,61,162,162,175,208,226,70,169,169],"floor_reached":23,"playtime":1185,"items_purged":["Strike_B"],"score":344,"play_id":"443b2e54-38ee-4eed-9a75-16379458e60b","local_time":"20180708191413","is_ascension_mode":true,"campfire_choices":[{"data":"Zap","floor":12,"key":"SMITH"},{"data":"Dualcast","floor":15,"key":"SMITH"}],"neow_cost":"NONE","seed_source_timestamp":72138545369,"circlet_count":0,"master_deck":["Strike_B","Strike_B","Strike_B","Defend_B","Defend_B","Defend_B","Defend_B","Zap+1","Dualcast+1","Streamline","Loop","Redo","Gash+1","FTL+1","Reprogram","Core Surge+1","Gash+1","All For One+1","Melter+1","Amplify","Gash+1","Trip","Go for the Eyes+1"],"relics":["Cracked Core","NeowsBlessing","Molten Egg 2","Potion Belt","Meat on the Bone","Shuriken","Eternal Feather","Red Mask"],"potions_floor_usage":[14,19,23,23],"damage_taken":[{"damage":0,"enemies":"2 Louse","floor":1,"turns":1},{"damage":0,"enemies":"Small Slimes","floor":5,"turns":1},{"damage":0,"enemies":"3 Sentries","floor":6,"turns":1},{"damage":0,"enemies":"Cultist","floor":7,"turns":2},{"damage":7,"enemies":"Looter","floor":8,"turns":3},{"damage":12,"enemies":"Exordium Thugs","floor":10,"turns":4},{"damage":0,"enemies":"Lagavulin","floor":14,"turns":3},{"damage":0,"enemies":"Slime Boss","floor":16,"turns":5},{"damage":7,"enemies":"Chosen","floor":18,"turns":3},{"damage":7,"floor":19,"turns":2},{"damage":19,"enemies":"Shell Parasite","floor":20,"turns":3},{"damage":45,"enemies":"Book of Stabbing","floor":23,"turns":3}],"seed_played":"-7532082004497472812","potions_obtained":[{"floor":5,"key":"Ancient Potion"},{"floor":6,"key":"Ancient Potion"},{"floor":7,"key":"PowerPotion"},{"floor":16,"key":"Explosive Potion"}],"is_trial":false,"path_per_floor":["M","?","$","T","M","E","M","M","T","M","?","R","$","E","R","B",null,"M","?","M","$","?"],"character_chosen":"DEFECT","items_purchased":["Loop","Redo","All For One+1","Trip","Go for the Eyes+1"],"campfire_rested":0,"item_purchase_floors":[3,3,13,21,21],"current_hp_per_floor":[75,75,75,75,75,75,75,68,68,56,56,56,56,56,56,56,75,68,61,42,42,42,0],"gold":169,"neow_bonus":"THREE_ENEMY_KILL","is_prod":false,"is_daily":false,"chose_seed":false,"campfire_upgraded":2,"win_rate":0,"timestamp":1531070053,"path_taken":["M","?","$","?","M","E","M","M","T","M","?","R","?","E","R","BOSS","M","?","M","$","?","E"],"build_version":"2018-07-05","purchased_purges":1,"victory":false,"max_hp_per_floor":[75,75,75,75,75,75,75,75,75,75,75,75,75,75,75,75,75,75,75,75,75,75,75],"card_choices":[{"not_picked":["Coolheaded","Cold Snap"],"picked":"Streamline","floor":1},{"not_picked":["Coolheaded","Rebound+1"],"picked":"Gash+1","floor":5},{"not_picked":["Coolheaded","Ball Lightning+1"],"picked":"FTL+1","floor":6},{"not_picked":["Steam","Hologram"],"picked":"Reprogram","floor":7},{"not_picked":["Rip and Tear+1","Barrage+1"],"picked":"Core Surge+1","floor":8},{"not_picked":["Rebound+1","Hologram"],"picked":"Gash+1","floor":10},{"not_picked":["Coolheaded","Skim"],"picked":"Melter+1","floor":14},{"not_picked":["Buffer","Creative AI"],"picked":"Amplify","floor":16},{"not_picked":["Darkness","Rebound+1","Heatsinks+1"],"picked":"SKIP","floor":18},{"not_picked":["Heatsinks","Rebound+1"],"picked":"Gash+1","floor":20}],"player_experience":284937,"relics_obtained":[{"floor":4,"key":"Molten Egg 2"},{"floor":6,"key":"Potion Belt"},{"floor":9,"key":"Meat on the Bone"},{"floor":14,"key":"Shuriken"},{"floor":19,"key":"Red Mask"}],"event_choices":[{"event_name":"Golden Wing","player_choice":"Gained Gold","floor":2,"damage_taken":0},{"event_name":"Wheel of Change","player_choice":"Gold","floor":11,"damage_taken":0},{"event_name":"Masked Bandits","player_choice":"Fought over 175 gold","floor":19,"damage_taken":0},{"event_name":"Nest","player_choice":"Stole From Cult","floor":22,"damage_taken":0}],"boss_relics":[{"not_picked":["Snecko Eye","Fusion Hammer"],"picked":"Eternal Feather"}],"items_purged_floors":[3],"is_endless":false,"potions_floor_spawned":[5,6,7,16],"killed_by":"Book of Stabbing","ascension_level":3}