{"gold_per_floor":[114,114,189,207,220,220,29,29,79,108,120,120,153,167,167,245,245,256,46,58,58,72,72,72,72,99,99,99,118,131,131,131,203,203,215,215,49,66,82,82,111,111,111,111,140,40,67,67,67,67,67],"floor_reached":51,"playtime":3522,"items_purged":[],"score":1376,"play_id":"5f489d00-b141-4087-8f8e-0141f206c802","local_time":"20190124142940","is_ascension_mode":true,"campfire_choices":[{"data":"Zap","floor":6.0,"key":"SMITH"},{"floor":8.0,"key":"REST"},{"data":"Go for the Eyes","floor":12.0,"key":"SMITH"},{"floor":15.0,"key":"REST"},{"floor":23.0,"key":"REST"},{"floor":25.0,"key":"REST"},{"data":"Dualcast","floor":28.0,"key":"SMITH"},{"floor":32.0,"key":"REST"},{"floor":40.0,"key":"REST"},{"floor":42.0,"key":"REST"},{"floor":49.0,"key":"REST"}],"neow_cost":"NONE","seed_source_timestamp":0,"circlet_count":0,"master_deck":["AscendersBane","Strike_B+1","Defend_B","Defend_B","Zap+1","Dualcast+1","Hologram","Cold Snap","Conserve Battery","Panache","Go for the Eyes+1","Cold Snap","FTL","Chaos+1","Redo+1","Undo+1","White Noise","Coolheaded","Beam Cell+1","Core Surge","Lockon","Echo Form","Leap","Rainbow","Compile Driver","Meteor Strike","Defragment","Tempest"],"special_seed":0,"relics":["Cracked Core","NeowsBlessing","Ancient Tea Set","Whetstone","Juzu Bracelet","Emotion Chip","Astrolabe","Strange Spoon","Orichalcum","Fusion Hammer","PreservedInsect","DataDisk","Kunai","MawBank","Bag of Marbles"],"potions_floor_usage":[50],"damage_taken":[{"damage":0.0,"enemies":"2 Louse","floor":1.0,"turns":1.0},{"damage":0.0,"enemies":"Jaw Worm","floor":4.0,"turns":1.0},{"damage":0.0,"enemies":"Small Slimes","floor":5.0,"turns":1.0},{"damage":0.0,"enemies":"3 Sentries","floor":10.0,"turns":4.0},{"damage":0.0,"enemies":"Looter","floor":11.0,"turns":1.0},{"damage":33.0,"enemies":"Gremlin Nob","floor":13.0,"turns":4.0},{"damage":2.0,"enemies":"Exordium Wildlife","floor":14.0,"turns":4.0},{"damage":38.0,"enemies":"The Guardian","floor":16.0,"turns":12.0},{"damage":20.0,"enemies":"2 Thieves","floor":18.0,"turns":3.0},{"damage":20.0,"enemies":"Chosen","floor":20.0,"turns":9.0},{"damage":13.0,"enemies":"Snecko","floor":22.0,"turns":7.0},{"damage":7.0,"enemies":"Colosseum Slavers","floor":27.0,"turns":4.0},{"damage":11.0,"enemies":"Centurion and Healer","floor":29.0,"turns":7.0},{"damage":17.0,"enemies":"Cultist and Chosen","floor":30.0,"turns":10.0},{"damage":17.0,"enemies":"Champ","floor":33.0,"turns":9.0},{"damage":6.0,"enemies":"Orb Walker","floor":35.0,"turns":3.0},{"damage":17.0,"enemies":"3 Darklings","floor":38.0,"turns":4.0},{"damage":0.0,"enemies":"Sphere and 2 Shapes","floor":39.0,"turns":7.0},{"damage":47.0,"enemies":"Giant Head","floor":41.0,"turns":7.0},{"damage":18.0,"enemies":"Spire Growth","floor":45.0,"turns":4.0},{"damage":7.0,"enemies":"Nemesis","floor":47.0,"turns":5.0},{"damage":15,"enemies":"Donu and Deca","floor":50,"turns":7},{"damage":22,"enemies":"Awakened One","floor":51,"turns":2}],"seed_played":"1270293357679436783","potions_obtained":[{"floor":1.0,"key":"Poison Potion"},{"floor":5.0,"key":"AttackPotion"},{"floor":10.0,"key":"Fire Potion"},{"floor":16.0,"key":"Explosive Potion"},{"floor":18.0,"key":"FocusPotion"},{"floor":22.0,"key":"Poison Potion"},{"floor":33.0,"key":"SkillPotion"},{"floor":35.0,"key":"GamblersBrew"},{"floor":39.0,"key":"Strength Potion"},{"floor":45.0,"key":"Fire Potion"}],"is_trial":false,"path_per_floor":["M","?","?","M","M","R","$","R","T","E","M","R","E","M","R","B",null,"M","$","M","?","M","R","?","R","T","?","R","M","M","?","R","B",null,"M","?","$","M","M","R","E","R","T","T","M","$","E","?","R","B","B"],"character_chosen":"DEFECT","items_purchased":["Panache","Strange Spoon","PreservedInsect","Defragment","Tempest"],"campfire_rested":8,"item_purchase_floors":[7,19,37,46,46],"current_hp_per_floor":[64,46,35,35,35,35,35,56,56,56,56,56,23,21,42,4,54,34,34,14,14,1,22,22,43,43,36,36,25,8,8,29,12,56,50,50,50,33,33,54,7,28,28,28,10,10,3,3,24,9,0],"gold":67,"neow_bonus":"THREE_ENEMY_KILL","is_prod":false,"is_daily":false,"chose_seed":false,"campfire_upgraded":3,"win_rate":0,"timestamp":1548358180,"path_taken":["M","?","?","M","?","R","$","R","T","E","M","R","E","M","R","BOSS","M","$","M","?","M","R","?","R","T","?","R","M","M","?","R","BOSS","M","?","$","M","M","R","E","R","T","?","M","$","E","?","R","BOSS","BOSS"],"build_version":"2019-01-23","purchased_purges":0,"victory":false,"max_hp_per_floor":[71,71,71,71,71,71,71,71,71,71,71,71,71,71,71,71,71,71,71,71,71,71,71,71,71,71,71,71,71,71,71,71,71,71,71,71,71,71,71,71,71,71,71,71,71,71,71,71,71,71,71],"card_choices":[{"not_picked":["Stack","Loop"],"picked":"Hologram","floor":1.0},{"not_picked":["Steam","Loop"],"picked":"Cold Snap","floor":4.0},{"not_picked":["Hologram","Barrage"],"picked":"Conserve Battery","floor":5.0},{"not_picked":["Conserve Battery","Consume"],"picked":"Go for the Eyes","floor":10.0},{"not_picked":["Reinforced Body","Rebound"],"picked":"Cold Snap","floor":11.0},{"not_picked":["Lockon","Cold Snap","Compile Driver"],"picked":"SKIP","floor":13.0},{"not_picked":["Chaos","Streamline"],"picked":"FTL","floor":14.0},{"not_picked":["Fission","Reboot"],"picked":"Meteor Strike","floor":16.0},{"not_picked":["Steam","Darkness"],"picked":"White Noise","floor":18.0},{"not_picked":["Rip and Tear","Redo"],"picked":"Coolheaded","floor":20.0},{"not_picked":["Heatsinks+1","Rebound","Streamline"],"picked":"SKIP","floor":22.0},{"not_picked":["Rebound","Conserve Battery"],"picked":"Beam Cell+1","floor":29.0},{"not_picked":["Beam Cell","Sweeping Beam+1"],"picked":"Core Surge","floor":30.0},{"not_picked":["Thunder Strike","Fission"],"picked":"Echo Form","floor":33.0},{"not_picked":["Sweeping Beam+1","Self Repair+1","Steam"],"picked":"SKIP","floor":35.0},{"not_picked":["Turbo+1","Beam Cell+1"],"picked":"Leap","floor":38.0},{"not_picked":["Beam Cell","Compile Driver+1"],"picked":"Rainbow","floor":39.0},{"not_picked":["Streamline","Turbo"],"picked":"Compile Driver","floor":41.0},{"not_picked":["Turbo","Cold Snap"],"picked":"Meteor Strike","floor":45.0},{"not_picked":["Lockon","Beam Cell+1","Turbo"],"picked":"SKIP","floor":47.0}],"player_experience":524646,"relics_obtained":[{"floor":9.0,"key":"Whetstone"},{"floor":10.0,"key":"Juzu Bracelet"},{"floor":13.0,"key":"Emotion Chip"},{"floor":26.0,"key":"Orichalcum"},{"floor":41.0,"key":"DataDisk"},{"floor":43.0,"key":"Kunai"},{"floor":44.0,"key":"MawBank"},{"floor":47.0,"key":"Bag of Marbles"}],"event_choices":[{"damage_healed":0.0,"max_hp_gain":0.0,"max_hp_loss":0.0,"gold_gain":0.0,"event_name":"Scrap Ooze","player_choice":"Success","floor":2.0,"gold_loss":0.0,"damage_taken":18.0,"relics_obtained":["Ancient Tea Set"]},{"damage_healed":0.0,"max_hp_gain":0.0,"max_hp_loss":0.0,"gold_gain":75.0,"event_name":"World of Goop","player_choice":"Gather Gold","floor":3.0,"gold_loss":0.0,"damage_taken":11.0},{"damage_healed":0.0,"max_hp_gain":0.0,"max_hp_loss":0.0,"gold_gain":0.0,"event_name":"The Mausoleum","player_choice":"Ignored","floor":24.0,"gold_loss":0.0,"damage_taken":0.0},{"damage_healed":0.0,"max_hp_gain":0.0,"max_hp_loss":0.0,"gold_gain":0.0,"event_name":"Colosseum","player_choice":"Fight","floor":27.0,"gold_loss":0.0,"damage_taken":0.0},{"damage_healed":0.0,"max_hp_gain":0.0,"max_hp_loss":0.0,"gold_gain":0.0,"event_name":"Colosseum","player_choice":"Fled From Nobs","floor":27.0,"gold_loss":0.0,"damage_taken":0.0},{"damage_healed":0.0,"max_hp_gain":0.0,"max_hp_loss":0.0,"gold_gain":0.0,"cards_transformed":["Defend_B"],"event_name":"Transmorgrifier","player_choice":"Transformed","floor":31.0,"gold_loss":0.0,"damage_taken":0.0,"cards_obtained":["Lockon"]},{"cards_removed":["Defend_B"],"damage_healed":0.0,"max_hp_gain":0.0,"max_hp_loss":0.0,"gold_gain":0.0,"event_name":"Bonfire Elementals","player_choice":"Offered Basic","floor":36.0,"gold_loss":0.0,"damage_taken":0.0},{"cards_removed":["Strike_B"],"damage_healed":0.0,"max_hp_gain":0.0,"max_hp_loss":0.0,"gold_gain":0.0,"event_name":"Falling","player_choice":"Removed Attack","floor":48.0,"gold_loss":0.0,"damage_taken":0.0}],"is_beta":false,"boss_relics":[{"not_picked":["Runic Pyramid","Calling Bell"],"picked":"Astrolabe"},{"not_picked":["Pandora\u0027s Box","Nuclear Battery"],"picked":"Fusion Hammer"}],"items_purged_floors":[],"is_endless":false,"potions_floor_spawned":[1,5,10,16,18,22,33,35,39,45],"killed_by":"Awakened One","ascension_level":20}