{"gold_per_floor":[215,215,226,243,136,136,166,166,190,221,221,254,11,54,54,150,150,175,188,209,259,280,321,158,158,183,183,224,224,264,288,288,377,377,398,398,731,731,745,745,770,786,811,811],"floor_reached":44,"playtime":2015,"items_purged":["Pain"],"score":1016,"play_id":"83b328d1-51ec-41fb-9f25-9e0bb0ab657e","local_time":"20190202143157","is_ascension_mode":true,"campfire_choices":[{"data":"Perfected Strike","floor":6.0,"key":"SMITH"},{"data":"Shockwave","floor":8.0,"key":"SMITH"},{"data":"Perfected Strike","floor":15.0,"key":"SMITH"},{"floor":29.0,"key":"REST"},{"floor":32.0,"key":"DIG"},{"data":"Double Tap","floor":40.0,"key":"SMITH"}],"neow_cost":"NONE","seed_source_timestamp":1218301855205181,"circlet_count":0,"master_deck":["AscendersBane","Strike_R","Strike_R","Strike_R","Strike_R","Strike_R","Defend_R+1","Defend_R","Defend_R","Defend_R","Perfected Strike+1","Perfected Strike+1","Perfected Strike+1","Flex+1","Shockwave+1","Clothesline+1","Battle Trance","Thunderclap","Double Tap","Perfected Strike","Shrug It Off","Metallicize","Impervious","Perfected Strike","Pommel Strike","Double Tap+1","Madness","Madness","Clothesline"],"special_seed":0,"relics":["Burning Blood","WarpedTongs","Whetstone","War Paint","Bag of Preparation","Mercury Hourglass","Omamori","Strawberry","Orrery","Meat on the Bone","Orichalcum","MutagenicStrength","Art of War","Shovel","Kunai","Pantograph","Anchor","Velvet Choker","Question Card","Ancient Tea Set"],"potions_floor_usage":[44,44],"damage_taken":[{"damage":12.0,"enemies":"Small Slimes","floor":1.0,"turns":5.0},{"damage":4.0,"enemies":"Cultist","floor":3.0,"turns":4.0},{"damage":8.0,"enemies":"Jaw Worm","floor":4.0,"turns":2.0},{"damage":12.0,"enemies":"Lagavulin","floor":7.0,"turns":4.0},{"damage":16.0,"enemies":"Gremlin Nob","floor":10.0,"turns":4.0},{"damage":15.0,"enemies":"3 Sentries","floor":12.0,"turns":5.0},{"damage":7.0,"enemies":"Lagavulin","floor":14.0,"turns":5.0},{"damage":17.0,"enemies":"The Guardian","floor":16.0,"turns":6.0},{"damage":11.0,"enemies":"2 Thieves","floor":18.0,"turns":2.0},{"damage":4.0,"enemies":"Chosen","floor":19.0,"turns":3.0},{"damage":0.0,"enemies":"Snecko","floor":20.0,"turns":2.0},{"damage":0.0,"enemies":"Centurion and Healer","floor":22.0,"turns":5.0},{"damage":15.0,"enemies":"Slavers","floor":23.0,"turns":5.0},{"damage":57.0,"enemies":"Gremlin Leader","floor":28.0,"turns":4.0},{"damage":15.0,"enemies":"Book of Stabbing","floor":30.0,"turns":3.0},{"damage":4.0,"enemies":"Chosen and Byrds","floor":31.0,"turns":3.0},{"damage":68.0,"enemies":"Collector","floor":33.0,"turns":8.0},{"damage":0.0,"enemies":"Orb Walker","floor":35.0,"turns":2.0},{"damage":6.0,"enemies":"3 Shapes","floor":39.0,"turns":2.0},{"damage":25.0,"enemies":"Nemesis","floor":41.0,"turns":5.0},{"damage":18.0,"enemies":"Maw","floor":42.0,"turns":6.0},{"damage":57,"enemies":"Reptomancer","floor":44,"turns":3}],"seed_played":"1786327283118992712","potions_obtained":[{"floor":1.0,"key":"FearPotion"},{"floor":7.0,"key":"Strength Potion"},{"floor":20.0,"key":"Block Potion"},{"floor":28.0,"key":"AttackPotion"},{"floor":30.0,"key":"BloodPotion"},{"floor":31.0,"key":"Swift Potion"},{"floor":35.0,"key":"SpeedPotion"}],"is_trial":false,"path_per_floor":["M","?","M","M","$","R","E","R","T","E","?","E","$","E","R","B",null,"M","M","M","?","M","E","$","?","T","T","E","R","E","M","R","B",null,"M","?","?","?","M","R","E","M","T","E"],"character_chosen":"IRONCLAD","items_purchased":["Flex","Shockwave","Omamori","Orichalcum"],"campfire_rested":1,"item_purchase_floors":[5,5,13,24],"current_hp_per_floor":[62,62,64,62,62,62,56,56,56,46,46,37,37,43,43,32,64,59,61,67,67,73,64,64,64,64,64,25,47,50,52,52,25,63,69,55,55,55,55,55,48,48,48,0],"gold":811,"neow_bonus":"HUNDRED_GOLD","is_prod":false,"is_daily":false,"chose_seed":false,"campfire_upgraded":4,"win_rate":0,"timestamp":1549114317,"path_taken":["M","?","M","?","$","R","E","R","T","E","?","E","$","E","R","BOSS","M","M","M","?","?","E","$","?","T","?","E","R","E","M","R","BOSS","M","?","?","?","M","R","E","M","T","E"],"build_version":"2019-01-23","purchased_purges":1,"victory":false,"max_hp_per_floor":[75,75,75,75,75,75,75,75,75,75,68,68,68,75,75,75,75,75,75,75,75,75,75,75,75,75,75,75,75,75,75,75,75,75,75,75,75,75,75,75,75,75,75,75],"card_choices":[{"not_picked":["Dropkick","Twin Strike"],"picked":"Perfected Strike","floor":1.0},{"not_picked":["True Grit","Iron Wave"],"picked":"Perfected Strike","floor":3.0},{"not_picked":["True Grit","Warcry"],"picked":"Perfected Strike","floor":4.0},{"not_picked":["Sword Boomerang","Shrug It Off"],"picked":"Clothesline","floor":7.0},{"not_picked":["Fire Breathing","Corruption"],"picked":"Battle Trance","floor":10.0},{"not_picked":["Armaments","Spot Weakness","True Grit"],"picked":"SKIP","floor":12.0},{"not_picked":["Twin Strike","Rage"],"picked":"Thunderclap","floor":14.0},{"not_picked":["Fiend Fire","Feed"],"picked":"Double Tap","floor":16.0},{"not_picked":["Iron Wave","Sword Boomerang"],"picked":"Perfected Strike","floor":17.0},{"not_picked":["Twin Strike","Wild Strike"],"picked":"Shrug It Off","floor":17.0},{"not_picked":["Havoc","Intimidate"],"picked":"Metallicize","floor":17.0},{"not_picked":["Sword Boomerang","Infernal Blade","Body Slam"],"picked":"SKIP","floor":18.0},{"not_picked":["Flex+1","Clash"],"picked":"Impervious","floor":19.0},{"not_picked":["Thunderclap","Pommel Strike+1","Fiend Fire"],"picked":"SKIP","floor":20.0},{"not_picked":["Combust","Havoc"],"picked":"Perfected Strike","floor":22.0},{"not_picked":["Clothesline","Wild Strike"],"picked":"Pommel Strike","floor":23.0},{"not_picked":["Anger","Corruption","Wild Strike"],"picked":"SKIP","floor":28.0},{"not_picked":["Hemokinesis","Clothesline","Havoc"],"picked":"SKIP","floor":30.0},{"not_picked":["Fiend Fire","Headbutt","Havoc"],"picked":"SKIP","floor":31.0},{"not_picked":["Juggernaut","Bludgeon"],"picked":"Double Tap","floor":33.0},{"not_picked":["Wild Strike+1","Burning Pact","Heavy Blade"],"picked":"SKIP","floor":35.0},{"not_picked":["Armaments","Warcry","Havoc"],"picked":"SKIP","floor":39.0},{"not_picked":["Reckless Charge","Heavy Blade"],"picked":"Clothesline","floor":41.0},{"not_picked":["Whirlwind","Flex","Clothesline","Headbutt"],"picked":"SKIP","floor":42.0}],"player_experience":687073,"relics_obtained":[{"floor":7.0,"key":"Whetstone"},{"floor":9.0,"key":"War Paint"},{"floor":10.0,"key":"Bag of Preparation"},{"floor":12.0,"key":"Mercury Hourglass"},{"floor":14.0,"key":"Strawberry"},{"floor":23.0,"key":"Meat on the Bone"},{"floor":26.0,"key":"Art of War"},{"floor":27.0,"key":"Shovel"},{"floor":28.0,"key":"Kunai"},{"floor":30.0,"key":"Pantograph"},{"floor":32.0,"key":"Anchor"},{"floor":41.0,"key":"Question Card"},{"floor":43.0,"key":"Ancient Tea Set"}],"event_choices":[{"damage_healed":0.0,"max_hp_gain":0.0,"max_hp_loss":0.0,"gold_gain":0.0,"event_name":"Accursed Blacksmith","player_choice":"Rummage","floor":2.0,"gold_loss":0.0,"damage_taken":0.0,"relics_obtained":["WarpedTongs"],"cards_obtained":["Pain"]},{"damage_healed":0.0,"max_hp_gain":0.0,"max_hp_loss":7.0,"gold_gain":0.0,"event_name":"Golden Idol","player_choice":"Lose Max HP","floor":11.0,"gold_loss":0.0,"damage_taken":0.0,"relics_obtained":["Golden Idol"]},{"damage_healed":0.0,"max_hp_gain":0.0,"max_hp_loss":0.0,"gold_gain":50.0,"event_name":"Golden Shrine","player_choice":"Pray","floor":21.0,"gold_loss":0.0,"damage_taken":0.0},{"damage_healed":0.0,"max_hp_gain":0.0,"max_hp_loss":0.0,"gold_gain":0.0,"event_name":"Drug Dealer","player_choice":"Inject Mutagens","floor":25.0,"gold_loss":0.0,"damage_taken":0.0,"relics_obtained":["MutagenicStrength"]},{"damage_healed":0.0,"max_hp_gain":0.0,"max_hp_loss":0.0,"gold_gain":0.0,"event_name":"Winding Halls","player_choice":"Embrace Madness","floor":36.0,"gold_loss":0.0,"damage_taken":14.0,"cards_obtained":["Madness","Madness"]},{"damage_healed":0.0,"max_hp_gain":0.0,"max_hp_loss":0.0,"gold_gain":333.0,"event_name":"The Moai Head","player_choice":"Gave Idol","floor":37.0,"relics_lost":["Golden Idol"],"gold_loss":0.0,"damage_taken":0.0},{"cards_removed":["Bash"],"damage_healed":0.0,"max_hp_gain":0.0,"max_hp_loss":0.0,"gold_gain":0.0,"event_name":"Falling","player_choice":"Removed Attack","floor":38.0,"gold_loss":0.0,"damage_taken":0.0}],"is_beta":true,"boss_relics":[{"not_picked":["Tiny House","White Beast Statue"],"picked":"Orrery"},{"not_picked":["Black Blood","Philosopher\u0027s Stone"],"picked":"Velvet Choker"}],"items_purged_floors":[13],"is_endless":false,"potions_floor_spawned":[1,7,20,28,30,31,35],"killed_by":"Reptomancer","ascension_level":17}