{"gold_per_floor":[117,134,309,384,394,394,449,449,497,99,115,115,115],"floor_reached":13,"playtime":519,"items_purged":["Strike_R"],"score":95,"play_id":"c7c088f5-d9ae-411f-b4d8-eaf2f86f5630","local_time":"20190124125202","is_ascension_mode":true,"campfire_choices":[{"data":"Pummel","floor":6,"key":"SMITH"},{"floor":8,"key":"REST"}],"neow_cost":"NONE","seed_source_timestamp":680400018318,"circlet_count":0,"master_deck":["Strike_R","Strike_R","Strike_R","Defend_R","Defend_R","Defend_R","Defend_R","Bash+1","Pummel+1","Doubt","Sword Boomerang","Feed","Armaments","Clothesline","Entrench"],"relics":["Burning Blood","Tiny Chest","Smiling Mask","Oddly Smooth Stone","Anchor"],"potions_floor_usage":[7,13],"damage_taken":[{"damage":1,"enemies":"Cultist","floor":1,"turns":3},{"damage":4,"enemies":"Small Slimes","floor":2,"turns":4},{"damage":8,"enemies":"Jaw Worm","floor":5,"turns":4},{"damage":60,"enemies":"3 Sentries","floor":7,"turns":13},{"damage":18,"enemies":"Lots of Slimes","floor":11,"turns":5},{"damage":40,"enemies":"Lagavulin","floor":13,"turns":9}],"seed_played":"-281293437830406295","potions_obtained":[{"floor":2,"key":"BloodPotion"},{"floor":5,"key":"PowerPotion"}],"is_trial":false,"path_per_floor":["M","M","?","?","M","R","E","R","T","$","M","?","E"],"character_chosen":"IRONCLAD","items_purchased":["Armaments","Oddly Smooth Stone","Anchor"],"campfire_rested":1,"item_purchase_floors":[10,10,10],"current_hp_per_floor":[80,80,80,69,67,67,13,37,37,37,28,28,0],"gold":115,"neow_bonus":"UPGRADE_CARD","is_prod":false,"is_daily":false,"chose_seed":false,"campfire_upgraded":1,"win_rate":0,"timestamp":1548352322,"path_taken":["M","?","?","?","M","R","E","R","T","?","?","?","E"],"build_version":"2019-01-23","purchased_purges":1,"victory":false,"max_hp_per_floor":[80,80,80,80,80,80,80,80,80,80,83,83,83],"card_choices":[{"not_picked":["Iron Wave","Havoc","Pommel Strike"],"picked":"SKIP","floor":1},{"not_picked":["Headbutt","Warcry"],"picked":"Pummel","floor":2},{"not_picked":["Heavy Blade","Headbutt"],"picked":"Sword Boomerang","floor":5},{"not_picked":["Perfected Strike","Body Slam"],"picked":"Feed","floor":7},{"not_picked":["Pommel Strike","Armaments"],"picked":"Clothesline","floor":11}],"player_experience":121439,"relics_obtained":[{"floor":7,"key":"Tiny Chest"},{"floor":9,"key":"Smiling Mask"}],"event_choices":[{"damage_healed":0,"gold_gain":175,"player_choice":"AGREE","damage_taken":0,"max_hp_gain":0,"max_hp_loss":0,"event_name":"Liars Game","floor":3,"gold_loss":0,"cards_obtained":["Doubt"]},{"damage_healed":0,"gold_gain":75,"player_choice":"Gather Gold","damage_taken":11,"max_hp_gain":0,"max_hp_loss":0,"event_name":"World of Goop","floor":4,"gold_loss":0},{"damage_healed":0,"gold_gain":0,"cards_transformed":["Strike_R"],"player_choice":"Change","damage_taken":0,"max_hp_gain":0,"max_hp_loss":0,"event_name":"Living Wall","floor":12,"gold_loss":0,"cards_obtained":["Entrench"]}],"is_beta":false,"boss_relics":[],"items_purged_floors":[10],"is_endless":false,"potions_floor_spawned":[2,5],"killed_by":"Lagavulin","ascension_level":3}