{"gold_per_floor":[115,115,186,136,149,176,176,188,188,188,46,46,46],"floor_reached":13,"playtime":807,"items_purged":[],"score":81,"play_id":"d2c75fa1-b636-4e44-822d-9e27a8e9532a","local_time":"20190111171549","is_ascension_mode":false,"campfire_choices":[{"floor":7,"key":"REST"}],"neow_cost":"NONE","seed_source_timestamp":15117352080213,"circlet_count":0,"master_deck":["Defend_G","Defend_G","Defend_G","Defend_G","Defend_G","Strike_G","Strike_G","Strike_G","Survivor","Neutralize","Deflect","Backflip","Catalyst","Prepared","Catalyst","Parasite","Burst"],"relics":["Ring of the Snake","Question Card","Paper Crane","Pear","Frozen Egg 2"],"potions_floor_usage":[6],"damage_taken":[{"damage":0,"enemies":"Jaw Worm","floor":1,"turns":5},{"damage":0,"enemies":"2 Louse","floor":5,"turns":3},{"damage":40,"enemies":"3 Sentries","floor":6,"turns":22},{"damage":0,"enemies":"Small Slimes","floor":8,"turns":7},{"damage":53,"enemies":"Gremlin Nob","floor":13,"turns":6}],"seed_played":"-5469235505104510957","potions_obtained":[{"floor":1,"key":"Regen Potion"},{"floor":8,"key":"Explosive Potion"}],"is_trial":false,"path_per_floor":["M","?","T","?","M","E","R","M","T","?","$","T","E"],"character_chosen":"THE_SILENT","items_purchased":["Burst"],"campfire_rested":1,"item_purchase_floors":[11],"current_hp_per_floor":[70,63,63,63,63,38,59,59,69,80,80,80,27],"gold":46,"neow_bonus":"THREE_CARDS","is_prod":false,"is_daily":false,"chose_seed":false,"campfire_upgraded":0,"win_rate":0.0,"timestamp":1547244949,"path_taken":["M","?","?","?","M","E","R","?","T","?","?","?","E"],"build_version":"2019-01-10","purchased_purges":0,"victory":false,"max_hp_per_floor":[70,70,70,70,70,70,70,70,80,80,80,80,80],"card_choices":[{"not_picked":["Choke","Slice"],"picked":"Deflect","floor":0},{"not_picked":["Leg Sweep","Expertise"],"picked":"Backflip","floor":1},{"not_picked":["Slice","Distraction","All Out Attack"],"picked":"Catalyst","floor":5},{"not_picked":["Terror","Outmaneuver","PiercingWail"],"picked":"Prepared","floor":6},{"not_picked":["Deflect","Bane","Cloak And Dagger"],"picked":"Catalyst","floor":8}],"player_experience":45055,"relics_obtained":[{"floor":3,"key":"Question Card"},{"floor":6,"key":"Paper Crane"},{"floor":9,"key":"Pear"},{"floor":12,"key":"Frozen Egg 2"}],"event_choices":[{"cards_removed":["Strike_G"],"damage_healed":0,"gold_gain":0,"player_choice":"Card Removal","damage_taken":7,"max_hp_gain":0,"max_hp_loss":0,"event_name":"Golden Wing","floor":2,"gold_loss":0},{"cards_removed":["Strike_G"],"damage_healed":0,"gold_gain":0,"player_choice":"Card Removal","damage_taken":0,"max_hp_gain":0,"max_hp_loss":0,"event_name":"The Cleric","floor":4,"gold_loss":50},{"damage_healed":20,"gold_gain":0,"player_choice":"Healed and dodged fight","damage_taken":0,"max_hp_gain":0,"max_hp_loss":0,"event_name":"Mushrooms","floor":10,"gold_loss":0,"cards_obtained":["Parasite"]}],"is_beta":false,"boss_relics":[],"items_purged_floors":[],"is_endless":false,"potions_floor_spawned":[1,8],"killed_by":"Gremlin Nob","ascension_level":0}