{"gold_per_floor":[113,129,129,2,2,16,16,16,61,74,74,88,101,101,101,198,198,218,55,55,75,92,92,124,142,166,182,182],"floor_reached":28,"playtime":1687,"items_purged":["Pain"],"score":257,"play_id":"6e540809-a9df-47bb-b778-3e9cb6d8b6fd","local_time":"20190204123111","is_ascension_mode":false,"campfire_choices":[{"data":"Shrug It Off","floor":7,"key":"SMITH"},{"floor":11,"key":"RECALL"},{"data":"Deep Breath","floor":15,"key":"SMITH"},{"floor":23,"key":"REST"}],"neow_cost":"NONE","seed_source_timestamp":257336857315107,"circlet_count":0,"master_deck":["Strike_R","Strike_R","Strike_R","Strike_R","Strike_R","Defend_R+1","Bash+1","Deep Breath+1","Spot Weakness","Shrug It Off+1","Evolve","Perfected Strike","Cleave","Pommel Strike","Disarm","Perfected Strike","Demon Form","Intimidate+1","Pommel Strike+1","Berserk+1","Perfected Strike","Flash of Steel","Pommel Strike","Heavy Blade","True Grit","Perfected Strike+1"],"relics":["Burning Blood","WarpedTongs","Happy Flower","Singing Bowl","Astrolabe","FaceOfCleric","Lantern","Anchor"],"potions_floor_usage":[24,27,28],"damage_taken":[{"damage":16,"enemies":"Jaw Worm","floor":1,"turns":5},{"damage":0,"enemies":"Small Slimes","floor":2,"turns":4},{"damage":3,"enemies":"Cultist","floor":6,"turns":3},{"damage":11,"enemies":"Exordium Thugs","floor":10,"turns":5},{"damage":3,"enemies":"Large Slime","floor":12,"turns":5},{"damage":10,"enemies":"Gremlin Gang","floor":13,"turns":2},{"damage":19,"enemies":"The Guardian","floor":16,"turns":13},{"damage":28,"enemies":"Spheric Guardian","floor":18,"turns":4},{"damage":19,"enemies":"2 Thieves","floor":21,"turns":3},{"damage":23,"enemies":"Snecko","floor":22,"turns":4},{"damage":49,"enemies":"Gremlin Leader","floor":24,"turns":5},{"damage":21,"enemies":"Snake Plant","floor":25,"turns":3},{"damage":0,"enemies":"Chosen and Byrds","floor":27,"turns":4},{"damage":35,"enemies":"Shelled Parasite and Fungi","floor":28,"turns":3}],"seed_played":"-1027563246164686802","potions_obtained":[{"floor":1,"key":"Block Potion"},{"floor":6,"key":"Block Potion"},{"floor":16,"key":"FairyPotion"},{"floor":18,"key":"Weak Potion"},{"floor":22,"key":"EssenceOfSteel"},{"floor":24,"key":"Explosive Potion"},{"floor":27,"key":"Fruit Juice"}],"is_trial":false,"path_per_floor":["M","M","?","$","?","M","R","$","T","M","R","M","M","T","R","B",null,"M","$","?","M","M","R","E","M","T","M","M"],"character_chosen":"IRONCLAD","items_purchased":["Evolve","Perfected Strike","Flash of Steel"],"campfire_rested":1,"item_purchase_floors":[4,4,19],"current_hp_per_floor":[70,76,60,60,60,63,63,63,63,58,58,61,57,57,57,44,80,58,58,58,46,30,54,12,10,10,22,0],"gold":182,"neow_bonus":"RANDOM_COLORLESS","is_prod":false,"is_daily":false,"chose_seed":false,"campfire_upgraded":2,"win_rate":0,"timestamp":1549279871,"path_taken":["M","M","?","$","?","M","R","$","T","?","R","M","M","?","R","BOSS","M","$","?","?","M","R","E","M","T","M","M"],"build_version":"2019-01-23","purchased_purges":1,"victory":false,"max_hp_per_floor":[80,80,80,80,80,80,80,80,80,80,80,80,80,80,80,80,80,80,80,80,81,82,82,83,86,86,92,92],"card_choices":[{"not_picked":["Ghostly Armor","Clash"],"picked":"Spot Weakness","floor":1},{"not_picked":["Clothesline","Hemokinesis"],"picked":"Shrug It Off","floor":2},{"not_picked":["Intimidate","Dual Wield"],"picked":"Cleave","floor":6},{"not_picked":["Inflame","Wild Strike"],"picked":"Pommel Strike","floor":10},{"not_picked":["Second Wind","Cleave"],"picked":"Disarm","floor":12},{"not_picked":["Impervious","Headbutt"],"picked":"Perfected Strike","floor":13},{"not_picked":["Offering","Impervious"],"picked":"Demon Form","floor":16},{"not_picked":["Flex","Armaments+1"],"picked":"Perfected Strike","floor":18},{"not_picked":["Bloodletting","Power Through"],"picked":"Pommel Strike","floor":21},{"not_picked":["Armaments","Twin Strike"],"picked":"Heavy Blade","floor":22},{"not_picked":["Wild Strike","Clash+1"],"picked":"True Grit","floor":24},{"not_picked":["Armaments","Cleave+1","Flex+1"],"picked":"Singing Bowl","floor":25},{"not_picked":["Carnage","Flex"],"picked":"Perfected Strike+1","floor":27}],"player_experience":538811,"relics_obtained":[{"floor":9,"key":"Happy Flower"},{"floor":14,"key":"Singing Bowl"},{"floor":24,"key":"Lantern"},{"floor":26,"key":"Anchor"}],"event_choices":[{"damage_healed":0,"gold_gain":0,"player_choice":"Entered Light","damage_taken":16,"max_hp_gain":0,"max_hp_loss":0,"event_name":"Shining Light","floor":3,"gold_loss":0,"cards_upgraded":["Bash","Defend_R"]},{"damage_healed":0,"gold_gain":0,"player_choice":"Rummage","damage_taken":0,"relics_obtained":["WarpedTongs"],"max_hp_gain":0,"max_hp_loss":0,"event_name":"Accursed Blacksmith","floor":5,"gold_loss":0,"cards_obtained":["Pain"]},{"damage_healed":0,"gold_gain":0,"player_choice":"Trade","damage_taken":0,"relics_obtained":["FaceOfCleric"],"max_hp_gain":0,"max_hp_loss":0,"event_name":"FaceTrader","floor":20,"gold_loss":0}],"is_beta":false,"boss_relics":[{"not_picked":["Black Star","Velvet Choker"],"picked":"Astrolabe"}],"items_purged_floors":[19],"is_endless":false,"potions_floor_spawned":[1,6,16,18,22,24,27],"killed_by":"Shelled Parasite and Fungi","ascension_level":0}