{"gold_per_floor":[114,21,21,21,34,69,69,104,104,131,196,206,206,224,224,323,323,334,353,353,383,298,327,327,362,362,392,417,55,90,90,90,188,188,199,45,267,267,85,117,134,160,160,174,174,184,50,76,76,76],"floor_reached":51,"playtime":3054,"items_purged":["Perfected Strike","Perfected Strike"],"score":1093,"play_id":"812b2d20-4abc-43a6-8ed7-cb2db27f5147","local_time":"20190203155843","is_ascension_mode":true,"campfire_choices":[{"data":"Flash of Steel","floor":7,"key":"SMITH"},{"data":"True Grit","floor":13,"key":"SMITH"},{"floor":15,"key":"REST"},{"floor":32,"key":"REST"},{"floor":45,"key":"REST"},{"floor":49,"key":"REST"}],"neow_cost":"NONE","seed_source_timestamp":3028817546656,"circlet_count":0,"master_deck":["Defend_R","Defend_R","Defend_R","Defend_R","Bash","Flash of Steel+1","Headbutt","True Grit+1","Dropkick","Reaper","Iron Wave+1","Disarm+1","Bite","Bite","Bite","Bite","Pommel Strike+1","Twin Strike","Inflame","Sword Boomerang","Magnetism","Feed+1","Inflame","Flash of Steel+1","Rage+1","Iron Wave+1","Pummel+1","Panacea+1"],"relics":["Burning Blood","NeowsBlessing","Matryoshka","Red Skull","Blue Candle","Kunai","Lantern","Bag of Marbles","Vajra","Fusion Hammer","Red Mask","PreservedInsect","Regal Pillow","Boot","MawBank","Art of War","ClockworkSouvenir","Molten Egg 2","Busted Crown","Toxic Egg 2","Shuriken","Dodecahedron","Champion Belt"],"potions_floor_usage":[10,16,18,18,25,28,33,33,42,50,50,50],"damage_taken":[{"damage":0,"enemies":"2 Louse","floor":1,"turns":1},{"damage":0,"enemies":"Cultist","floor":5,"turns":1},{"damage":0,"enemies":"Gremlin Nob","floor":6,"turns":1},{"damage":45,"enemies":"3 Sentries","floor":8,"turns":8},{"damage":24,"enemies":"Lagavulin","floor":10,"turns":5},{"damage":12,"enemies":"3 Sentries","floor":11,"turns":5},{"damage":0,"enemies":"Jaw Worm","floor":12,"turns":1},{"damage":0,"enemies":"3 Louse","floor":14,"turns":1},{"damage":40,"enemies":"Hexaghost","floor":16,"turns":9},{"damage":0,"enemies":"3 Byrds","floor":18,"turns":5},{"damage":1,"enemies":"Spheric Guardian","floor":19,"turns":3},{"damage":0,"enemies":"Masked Bandits","floor":21,"turns":4},{"damage":9,"enemies":"Book of Stabbing","floor":23,"turns":4},{"damage":39,"enemies":"Gremlin Leader","floor":25,"turns":4},{"damage":0,"enemies":"Snecko","floor":27,"turns":2},{"damage":1,"enemies":"3 Cultists","floor":28,"turns":4},{"damage":7,"enemies":"Slavers","floor":30,"turns":4},{"damage":0,"enemies":"Champ","floor":33,"turns":10},{"damage":0,"enemies":"Orb Walker","floor":35,"turns":2},{"damage":24,"enemies":"Nemesis","floor":40,"turns":5},{"damage":32,"enemies":"3 Darklings","floor":41,"turns":4},{"damage":34,"enemies":"Reptomancer","floor":42,"turns":4},{"damage":10,"enemies":"Spire Growth","floor":44,"turns":4},{"damage":0,"enemies":"Transient","floor":46,"turns":5},{"damage":13,"enemies":"Giant Head","floor":48,"turns":5},{"damage":44,"enemies":"Time Eater","floor":50,"turns":7}],"seed_played":"6250345968253413319","potions_obtained":[{"floor":8,"key":"EssenceOfSteel"},{"floor":11,"key":"Weak Potion"},{"floor":12,"key":"Fire Potion"},{"floor":14,"key":"SteroidPotion"},{"floor":18,"key":"Fruit Juice"},{"floor":25,"key":"Explosive Potion"},{"floor":27,"key":"Weak Potion"},{"floor":28,"key":"Dexterity Potion"},{"floor":35,"key":"Strength Potion"},{"floor":41,"key":"Poison Potion"},{"floor":44,"key":"Fire Potion"}],"is_trial":false,"path_per_floor":["M","$","?","$","M","E","R","E","T","E","?","M","R","M","R","B",null,"M","M","?","?","?","E","?","E","T","M","M","$","E","?","R","B",null,"M","$","?","?","$","E","M","E","T","M","R","M","$","E","R","B",null],"character_chosen":"IRONCLAD","items_purchased":["Flash of Steel","ClockworkSouvenir","Magnetism","Inflame","Flash of Steel+1","Panacea+1","PowerPotion"],"campfire_rested":4,"item_purchase_floors":[2,29,29,36,39,47,47],"current_hp_per_floor":[80,80,80,80,80,80,80,41,41,23,17,23,23,29,53,19,65,82,85,59,59,59,59,59,36,36,44,59,59,59,49,64,64,64,64,64,64,64,64,59,53,35,35,48,68,68,68,63,68,52],"gold":76,"neow_bonus":"THREE_ENEMY_KILL","is_prod":false,"is_daily":false,"chose_seed":false,"campfire_upgraded":2,"win_rate":0,"timestamp":1549205923,"path_taken":["M","$","?","$","?","E","R","E","T","E","?","M","R","M","R","BOSS","M","M","?","?","?","E","?","E","T","M","?","$","E","?","R","BOSS","M","$","?","?","$","E","M","E","T","M","R","M","?","E","R","BOSS"],"build_version":"2019-01-23","purchased_purges":2,"victory":true,"max_hp_per_floor":[80,80,80,80,80,80,80,80,80,80,80,80,80,80,80,80,80,85,85,59,59,59,59,59,59,59,59,59,59,59,64,64,64,64,64,64,64,64,64,64,64,68,68,68,68,68,68,68,68,68],"card_choices":[{"not_picked":["Anger","Entrench"],"picked":"Perfected Strike","floor":1},{"not_picked":["Blood for Blood","Havoc","Sword Boomerang"],"picked":"SKIP","floor":5},{"not_picked":["Armaments","Thunderclap"],"picked":"Headbutt","floor":6},{"not_picked":["Infernal Blade","Second Wind"],"picked":"True Grit","floor":8},{"not_picked":["Brutality","Seeing Red"],"picked":"Perfected Strike","floor":10},{"not_picked":["Anger","Clothesline"],"picked":"Perfected Strike","floor":12},{"not_picked":["Feel No Pain","Carnage"],"picked":"Dropkick","floor":14},{"not_picked":["Dark Embrace","Exhume"],"picked":"Reaper","floor":16},{"not_picked":["Warcry","Entrench"],"picked":"Iron Wave+1","floor":18},{"not_picked":["Flex","Sentinel"],"picked":"Disarm+1","floor":19},{"not_picked":["Thunderclap","Dropkick"],"picked":"Pommel Strike+1","floor":21},{"not_picked":["Rupture","Clothesline+1"],"picked":"Twin Strike","floor":23},{"not_picked":["Wild Strike+1","Anger"],"picked":"Inflame","floor":25},{"not_picked":["True Grit","Havoc","Double Tap"],"picked":"SKIP","floor":27},{"not_picked":["Wild Strike","Carnage"],"picked":"Sword Boomerang","floor":28},{"not_picked":["Metallicize","Headbutt","Combust+1"],"picked":"SKIP","floor":30},{"not_picked":["Limit Break","Fiend Fire+1"],"picked":"Feed+1","floor":33},{"not_picked":["Cleave+1"],"picked":"SKIP","floor":35},{"not_picked":["Clash+1"],"picked":"SKIP","floor":40},{"not_picked":["Clash+1"],"picked":"SKIP","floor":40},{"not_picked":[],"picked":"Rage+1","floor":41},{"not_picked":[],"picked":"Iron Wave+1","floor":42},{"not_picked":[],"picked":"Pummel+1","floor":44},{"not_picked":["Clash+1"],"picked":"SKIP","floor":46},{"not_picked":["Perfected Strike+1"],"picked":"SKIP","floor":48}],"player_experience":352534,"relics_obtained":[{"floor":6,"key":"Red Skull"},{"floor":8,"key":"Blue Candle"},{"floor":9,"key":"Kunai"},{"floor":9,"key":"Lantern"},{"floor":10,"key":"Bag of Marbles"},{"floor":11,"key":"Vajra"},{"floor":21,"key":"Red Mask"},{"floor":23,"key":"Regal Pillow"},{"floor":25,"key":"Boot"},{"floor":26,"key":"MawBank"},{"floor":26,"key":"Art of War"},{"floor":30,"key":"Molten Egg 2"},{"floor":40,"key":"Toxic Egg 2"},{"floor":42,"key":"Shuriken"},{"floor":43,"key":"Dodecahedron"},{"floor":48,"key":"Champion Belt"}],"event_choices":[{"cards_removed":["Perfected Strike"],"damage_healed":0,"gold_gain":0,"player_choice":"Gave Card","damage_taken":0,"relics_obtained":["Matryoshka"],"max_hp_gain":0,"max_hp_loss":0,"event_name":"WeMeetAgain","floor":3,"gold_loss":0},{"damage_healed":0,"gold_gain":0,"player_choice":"Searched \u00271\u0027 times","damage_taken":0,"max_hp_gain":0,"max_hp_loss":0,"event_name":"Dead Adventurer","floor":11,"gold_loss":0},{"damage_healed":0,"gold_gain":0,"player_choice":"Became a vampire","damage_taken":0,"max_hp_gain":0,"max_hp_loss":26,"event_name":"Vampires","floor":20,"gold_loss":0,"cards_obtained":["Bite","Bite","Bite","Bite","Bite"]},{"damage_healed":0,"gold_gain":0,"player_choice":"Fought Bandits","damage_taken":0,"max_hp_gain":0,"max_hp_loss":0,"event_name":"Masked Bandits","floor":21,"gold_loss":0},{"damage_healed":0,"gold_gain":0,"player_choice":"Obtained Relic","damage_taken":0,"relics_obtained":["PreservedInsect"],"max_hp_gain":0,"max_hp_loss":0,"event_name":"Addict","floor":22,"gold_loss":85},{"damage_healed":0,"gold_gain":0,"player_choice":"Full Heal","damage_taken":0,"max_hp_gain":0,"max_hp_loss":0,"event_name":"Wheel of Change","floor":24,"gold_loss":0},{"damage_healed":0,"gold_gain":0,"player_choice":"Shed Blood","damage_taken":15,"max_hp_gain":5,"max_hp_loss":0,"event_name":"Forgotten Altar","floor":31,"gold_loss":0},{"damage_healed":0,"gold_gain":222,"player_choice":"Wore Mask","damage_taken":0,"max_hp_gain":0,"max_hp_loss":0,"event_name":"Tomb of Lord Red Mask","floor":37,"gold_loss":0},{"cards_removed":["Bite"],"damage_healed":0,"gold_gain":0,"player_choice":"Removed Attack","damage_taken":0,"max_hp_gain":0,"max_hp_loss":0,"event_name":"Falling","floor":38,"gold_loss":0}],"is_beta":false,"boss_relics":[{"not_picked":["Runic Pyramid","Runic Dome"],"picked":"Fusion Hammer"},{"not_picked":["Empty Cage","Velvet Choker"],"picked":"Busted Crown"}],"items_purged_floors":[36,39],"is_endless":false,"potions_floor_spawned":[8,11,12,14,18,25,27,28,35,41,44],"ascension_level":5}