{"gold_per_floor":[115,131,131,131,131,156,156,172,172,172,191,216,235,235,235,312,312,328,346,346,356,142,142,142,142,142,170,170,170,187,199,199,199],"floor_reached":33,"playtime":5547,"items_purged":[],"score":479,"play_id":"2c84bed9-4a28-4c10-a54f-ad9039bfa7f6","local_time":"20181029191650","is_ascension_mode":true,"campfire_choices":[{"data":"Corruption","floor":7.0,"key":"SMITH"},{"data":"Anger","floor":10.0,"key":"SMITH"},{"floor":15.0,"key":"REST"},{"data":"Barricade","floor":23,"key":"SMITH"},{"data":"Sentinel","floor":25,"key":"SMITH"},{"data":"Evolve","floor":32,"key":"SMITH"}],"neow_cost":"NONE","seed_source_timestamp":0,"circlet_count":0,"master_deck":["Bash+1","AscendersBane","Disarm","Rage","Thunderclap","Corruption+1","Headbutt","Anger+1","Intimidate","Flame Barrier","Shrug It Off","Juggernaut","Sentinel+1","Reckless Charge","Evolve+1","Iron Wave","Iron Wave","Thunderclap","Hemokinesis","Warcry","Shrug It Off","Ghostly","Ghostly","Ghostly","Ghostly","Ghostly","Havoc+1","Barricade+1","Battle Trance","Infernal Blade"],"special_seed":0,"relics":["Burning Blood","Ginger","Bird Faced Urn","Dream Catcher","Pandora\u0027s Box","Pantograph","Omamori","WarpedTongs"],"potions_floor_usage":[21],"damage_taken":[{"damage":2.0,"enemies":"Small Slimes","floor":1.0,"turns":5.0},{"damage":8.0,"enemies":"Cultist","floor":2.0,"turns":5.0},{"damage":10.0,"enemies":"Lagavulin","floor":6.0,"turns":8.0},{"damage":0.0,"enemies":"2 Louse","floor":8.0,"turns":3.0},{"damage":11.0,"enemies":"Lots of Slimes","floor":11.0,"turns":3.0},{"damage":40.0,"enemies":"Gremlin Nob","floor":12.0,"turns":5.0},{"damage":14.0,"enemies":"Large Slime","floor":13.0,"turns":8.0},{"damage":47.0,"enemies":"The Guardian","floor":16.0,"turns":10.0},{"damage":9,"enemies":"Chosen","floor":18,"turns":6},{"damage":22,"enemies":"Spheric Guardian","floor":19,"turns":4},{"damage":6,"enemies":"Snake Plant","floor":21,"turns":6},{"damage":9,"enemies":"Slavers","floor":27,"turns":8},{"damage":3,"enemies":"Chosen and Byrds","floor":30,"turns":8},{"damage":1,"enemies":"Centurion and Healer","floor":31,"turns":7},{"damage":69,"enemies":"Collector","floor":33,"turns":10}],"seed_played":"4998284682858617848","potions_obtained":[{"floor":1.0,"key":"SkillPotion"},{"floor":8.0,"key":"Explosive Potion"},{"floor":11.0,"key":"Explosive Potion"},{"floor":13.0,"key":"PowerPotion"},{"floor":18,"key":"GamblersBrew"},{"floor":19,"key":"PowerPotion"},{"floor":30,"key":"Weak Potion"}],"is_trial":false,"path_per_floor":["M","M","?","?","?","E","R","M","T","R","M","E","M","?","R","B",null,"M","M","?","M","$","R","?","R","T","E","$","?","M","M","R"],"character_chosen":"IRONCLAD","items_purchased":["Barricade","Battle Trance"],"campfire_rested":1,"item_purchase_floors":[22,22],"current_hp_per_floor":[76,74,74,74,79,75,75,81,81,81,76,42,36,19,44,7,66,65,53,42,42,42,42,42,42,42,42,42,42,42,42,42,0],"gold":199,"neow_bonus":"TRANSFORM_CARD","is_prod":false,"is_daily":false,"chose_seed":false,"campfire_upgraded":5,"win_rate":0,"timestamp":1540837010,"path_taken":["M","M","?","?","?","E","R","M","T","R","M","E","M","?","R","BOSS","M","?","?","M","?","R","?","R","T","E","$","?","M","M","R","BOSS"],"build_version":"2018-10-25v2","purchased_purges":0,"victory":false,"max_hp_per_floor":[80,80,80,80,85,85,85,85,85,85,85,85,85,85,85,85,85,85,85,42,42,42,42,42,42,42,42,42,42,42,42,42,42],"card_choices":[{"not_picked":["Corruption","Wild Strike"],"picked":"Rage","floor":1.0},{"not_picked":["Sword Boomerang","Wild Strike"],"picked":"Thunderclap","floor":2.0},{"not_picked":["Burning Pact","Perfected Strike"],"picked":"Headbutt","floor":6.0},{"not_picked":["Uppercut","Shrug It Off"],"picked":"Anger","floor":8.0},{"not_picked":["Havoc","Perfected Strike"],"picked":"Intimidate","floor":11.0},{"not_picked":["Metallicize","Havoc"],"picked":"Flame Barrier","floor":12.0},{"not_picked":["Twin Strike","Metallicize"],"picked":"Shrug It Off","floor":13.0},{"not_picked":["Barricade","Demon Form"],"picked":"Juggernaut","floor":16.0},{"not_picked":["Shrug It Off","Heavy Blade"],"picked":"Warcry","floor":18},{"not_picked":["Shockwave","Perfected Strike"],"picked":"Shrug It Off","floor":19},{"not_picked":["Warcry","True Grit"],"picked":"Havoc+1","floor":21},{"not_picked":["Reckless Charge","Sword Boomerang","Havoc"],"picked":"SKIP","floor":27},{"not_picked":["Disarm","Bloodletting","Headbutt"],"picked":"SKIP","floor":30},{"not_picked":["Second Wind","Cleave","Armaments"],"picked":"SKIP","floor":31}],"player_experience":416994,"relics_obtained":[{"floor":6.0,"key":"Ginger"},{"floor":9.0,"key":"Bird Faced Urn"},{"floor":12.0,"key":"Dream Catcher"},{"floor":26,"key":"Pantograph"},{"floor":27,"key":"Omamori"}],"event_choices":[{"cards_removed":["Strike_R"],"damage_healed":0.0,"max_hp_gain":0.0,"max_hp_loss":0.0,"gold_gain":0.0,"event_name":"Living Wall","player_choice":"Forget","floor":3.0,"gold_loss":0.0,"damage_taken":0.0},{"damage_healed":0.0,"max_hp_gain":0.0,"max_hp_loss":0.0,"gold_gain":0.0,"event_name":"Match and Keep!","player_choice":"1 cards matched","floor":4.0,"gold_loss":0.0,"damage_taken":0.0,"cards_obtained":["Corruption"]},{"damage_healed":0.0,"max_hp_gain":5.0,"max_hp_loss":0.0,"gold_gain":0.0,"event_name":"Big Fish","player_choice":"Donut","floor":5.0,"gold_loss":0.0,"damage_taken":0.0},{"damage_healed":0.0,"max_hp_gain":0.0,"max_hp_loss":0.0,"gold_gain":0.0,"event_name":"Shining Light","player_choice":"Entered Light","floor":14.0,"gold_loss":0.0,"damage_taken":17.0,"cards_upgraded":["Strike_R","Bash"]},{"damage_healed":0,"gold_gain":0,"player_choice":"Became a Ghost","damage_taken":0,"max_hp_gain":0,"max_hp_loss":43,"event_name":"Ghosts","floor":20,"gold_loss":0,"cards_obtained":["Ghostly","Ghostly","Ghostly","Ghostly","Ghostly"]},{"damage_healed":0,"gold_gain":0,"player_choice":"Read","damage_taken":0,"max_hp_gain":0,"max_hp_loss":0,"event_name":"The Library","floor":24,"gold_loss":0,"cards_obtained":["Infernal Blade"]},{"damage_healed":0,"gold_gain":0,"player_choice":"Rummage","damage_taken":0,"relics_obtained":["WarpedTongs"],"max_hp_gain":0,"max_hp_loss":0,"event_name":"Accursed Blacksmith","floor":29,"gold_loss":0,"cards_obtained":["Pain"]}],"is_beta":true,"boss_relics":[{"not_picked":["Empty Cage","Orrery"],"picked":"Pandora\u0027s Box"}],"items_purged_floors":[],"is_endless":false,"potions_floor_spawned":[1,8,11,13,18,19,30],"killed_by":"Collector","ascension_level":13}