{"gold_per_floor":[114,61,74,39,54,54,54,24,24,24,49,65,27,27,27,124,124,141,141,128,145,145],"floor_reached":22,"playtime":773,"items_purged":[],"score":184,"play_id":"6ddfd7d8-6dd0-4729-91f4-b61c5d494314","local_time":"20190204115043","is_ascension_mode":false,"campfire_choices":[{"data":"Terror","floor":6,"key":"SMITH"},{"data":"Flechettes","floor":10,"key":"SMITH"},{"data":"Deadly Poison","floor":15,"key":"SMITH"}],"neow_cost":"NONE","seed_source_timestamp":2710442475003,"circlet_count":0,"master_deck":["Defend_G","Defend_G","Defend_G","Defend_G","Defend_G","Strike_G","Strike_G","Strike_G","Strike_G","Strike_G","Survivor","Neutralize","Poisoned Stab","Crippling Poison","Poisoned Stab","Flechettes+1","Terror+1","Dash","Deadly Poison+1","Tactician","Malaise","Prepared","Deflect","Prepared","Bane","A Thousand Cuts","Flying Knee+1","Bane","Skewer+1"],"relics":["Ring of the Snake","Orichalcum","Anchor","Art of War","Orrery"],"potions_floor_usage":[16,16,16,20,22],"damage_taken":[{"damage":4,"enemies":"2 Louse","floor":1,"turns":4},{"damage":1,"enemies":"Cultist","floor":3,"turns":4},{"damage":0,"enemies":"Small Slimes","floor":5,"turns":3},{"damage":8,"enemies":"Gremlin Nob","floor":11,"turns":3},{"damage":0,"enemies":"2 Fungi Beasts","floor":12,"turns":3},{"damage":7,"enemies":"Hexaghost","floor":16,"turns":8},{"damage":3,"enemies":"Chosen","floor":18,"turns":5},{"damage":6,"enemies":"2 Thieves","floor":20,"turns":4},{"damage":45,"enemies":"Shelled Parasite and Fungi","floor":21,"turns":7},{"damage":10,"enemies":"Snake Plant","floor":22,"turns":2}],"seed_played":"6269633948308298992","potions_obtained":[{"floor":3,"key":"Dexterity Potion"},{"floor":8,"key":"SpeedPotion"},{"floor":8,"key":"Ancient Potion"},{"floor":11,"key":"EssenceOfSteel"},{"floor":12,"key":"Fire Potion"},{"floor":18,"key":"PowerPotion"},{"floor":20,"key":"SteroidPotion"}],"is_trial":false,"path_per_floor":["M","?","M","$","M","R","?","?","T","R","E","M","$","?","R","B",null,"M","?","M","M","M"],"character_chosen":"THE_SILENT","items_purchased":["Flechettes","Tactician"],"campfire_rested":0,"item_purchase_floors":[4,13],"current_hp_per_floor":[66,66,65,65,65,65,70,70,70,70,62,62,62,62,62,55,75,72,58,52,7,0],"gold":145,"neow_bonus":"THREE_CARDS","is_prod":false,"is_daily":false,"chose_seed":false,"campfire_upgraded":3,"win_rate":0.0,"timestamp":1549252243,"path_taken":["M","?","M","?","?","R","?","?","T","R","E","?","?","?","R","BOSS","M","?","M","M","M"],"build_version":"2019-01-23","purchased_purges":0,"victory":false,"max_hp_per_floor":[70,70,70,70,70,70,75,75,75,75,75,75,75,75,75,75,75,75,80,80,80,80],"card_choices":[{"not_picked":["Heel Hook","Quick Slash"],"picked":"Poisoned Stab","floor":0},{"not_picked":["PiercingWail","Dagger Spray"],"picked":"Crippling Poison","floor":1},{"not_picked":["Acrobatics","Outmaneuver"],"picked":"Poisoned Stab","floor":3},{"not_picked":["Dagger Spray","Underhanded Strike"],"picked":"Terror","floor":5},{"not_picked":["Outmaneuver","Reflex"],"picked":"Dash","floor":11},{"not_picked":["Terror","PiercingWail"],"picked":"Deadly Poison","floor":12},{"not_picked":["Tools of the Trade","Doppelganger"],"picked":"Malaise","floor":16},{"not_picked":["Backflip","Dodge and Roll"],"picked":"Prepared","floor":17},{"not_picked":["Terror","Sucker Punch"],"picked":"Deflect","floor":17},{"not_picked":["Sucker Punch","PiercingWail"],"picked":"Prepared","floor":17},{"not_picked":["Dagger Spray","PiercingWail"],"picked":"Bane","floor":17},{"not_picked":["Cloak And Dagger","Expertise"],"picked":"A Thousand Cuts","floor":17},{"not_picked":["Cloak And Dagger","Backflip+1"],"picked":"Flying Knee+1","floor":18},{"not_picked":["Deflect","Eviscerate"],"picked":"Bane","floor":20},{"not_picked":["Slice+1","Burst"],"picked":"Skewer+1","floor":21}],"player_experience":176386,"relics_obtained":[{"floor":9,"key":"Anchor"},{"floor":11,"key":"Art of War"}],"event_choices":[{"damage_healed":0,"gold_gain":0,"player_choice":"Paid Gold","damage_taken":0,"relics_obtained":["Orichalcum"],"max_hp_gain":0,"max_hp_loss":0,"event_name":"WeMeetAgain","floor":2,"gold_loss":53},{"damage_healed":0,"gold_gain":0,"player_choice":"Donut","damage_taken":0,"max_hp_gain":5,"max_hp_loss":0,"event_name":"Big Fish","floor":7,"gold_loss":0},{"damage_healed":0,"gold_gain":0,"player_choice":"Bought 2 Potions","damage_taken":0,"max_hp_gain":0,"max_hp_loss":0,"event_name":"The Woman in Blue","floor":8,"gold_loss":0},{"damage_healed":0,"gold_gain":0,"player_choice":"Ignored","damage_taken":0,"max_hp_gain":0,"max_hp_loss":0,"event_name":"Shining Light","floor":14,"gold_loss":0},{"damage_healed":0,"gold_gain":0,"player_choice":"Shed Blood","damage_taken":19,"max_hp_gain":5,"max_hp_loss":0,"event_name":"Forgotten Altar","floor":19,"gold_loss":0}],"is_beta":false,"boss_relics":[{"not_picked":["Runic Dome","Cursed Key"],"picked":"Orrery"}],"items_purged_floors":[],"is_endless":false,"potions_floor_spawned":[3,11,12,18,20],"killed_by":"Snake Plant","ascension_level":0}