{"gold_per_floor":[117,133,133,144,144,144,154,167,221,256,256,159,187,187,187,287,337,349,199,199,210,223,223,250,250,295,295,295,295,363,377,377,377],"floor_reached":33,"playtime":1269,"items_purged":["Strike_G"],"score":273,"play_id":"41f96b16-e9fb-4a14-b3d9-885b0d453473","local_time":"20190205160632","is_ascension_mode":false,"campfire_choices":[{"data":"Tactician","floor":6,"key":"SMITH"},{"floor":11,"key":"REST"},{"floor":15,"key":"REST"},{"floor":23,"key":"REST"},{"floor":25,"key":"REST"},{"data":"Venomology","floor":27,"key":"SMITH"},{"floor":32,"key":"DIG"}],"neow_cost":"NONE","seed_source_timestamp":103973759404107,"circlet_count":0,"master_deck":["Defend_G","Defend_G","Defend_G+1","Defend_G","Defend_G","Strike_G","Strike_G","Strike_G","Survivor","Neutralize","Blade Dance","Tactician+1","Outmaneuver","Noxious Fumes","Cloak And Dagger","Venomology+1","Blade Dance","Caltrops","Corpse Explosion","PiercingWail","Noxious Fumes+1","Quick Slash+1","Deadly Poison+1","Tactician","Writhe","Dagger Spray+1"],"relics":["Ring of the Snake","NeowsBlessing","GremlinMask","Boot","Ornamental Fan","Bag of Preparation","Tiny House","Potion Belt","Unceasing Top","Smiling Mask","Shovel","Frozen Egg 2","Bottled Lightning"],"potions_floor_usage":[8,10,13,16,16,16,18,18,21,22,24,31,33,33,33],"damage_taken":[{"damage":0,"enemies":"2 Louse","floor":1,"turns":1},{"damage":0,"enemies":"Cultist","floor":2,"turns":1},{"damage":0,"enemies":"Small Slimes","floor":4,"turns":1},{"damage":10,"enemies":"3 Louse","floor":7,"turns":4},{"damage":5,"enemies":"Looter","floor":8,"turns":3},{"damage":25,"enemies":"3 Sentries","floor":10,"turns":9},{"damage":14,"enemies":"Lagavulin","floor":13,"turns":7},{"damage":19,"enemies":"Slime Boss","floor":16,"turns":11},{"damage":0,"enemies":"Chosen","floor":18,"turns":8},{"damage":0,"enemies":"3 Byrds","floor":21,"turns":3},{"damage":32,"enemies":"Sentry and Sphere","floor":22,"turns":6},{"damage":24,"enemies":"Book of Stabbing","floor":24,"turns":6},{"damage":5,"enemies":"Snecko","floor":31,"turns":5},{"damage":82,"enemies":"Champ","floor":33,"turns":12}],"seed_played":"3006026424168164262","potions_obtained":[{"floor":2,"key":"Fire Potion"},{"floor":3,"key":"Dexterity Potion"},{"floor":3,"key":"EssenceOfSteel"},{"floor":3,"key":"GhostInAJar"},{"floor":13,"key":"AttackPotion"},{"floor":17,"key":"Block Potion"},{"floor":18,"key":"PowerPotion"},{"floor":22,"key":"Swift Potion"},{"floor":31,"key":"Fire Potion"}],"is_trial":false,"path_per_floor":["M","M","?","M","?","R","M","M","T","E","R","$","E","$","R","B",null,"M","$","$","M","M","R","E","R","T","R","?","?","T","M","R","B"],"character_chosen":"THE_SILENT","items_purchased":["Blade Dance","Potion Belt"],"campfire_rested":4,"item_purchase_floors":[12,19],"current_hp_per_floor":[70,70,70,70,70,70,60,55,55,30,51,51,37,37,58,39,75,75,75,75,75,43,65,41,63,63,63,63,63,63,58,58,0],"gold":377,"neow_bonus":"THREE_ENEMY_KILL","is_prod":false,"is_daily":false,"chose_seed":false,"campfire_upgraded":2,"win_rate":0.0,"timestamp":1549353992,"path_taken":["M","M","?","?","?","R","?","M","T","E","R","$","E","?","R","BOSS","M","?","$","M","M","R","E","R","T","R","?","?","?","M","R","BOSS"],"build_version":"2019-01-23","purchased_purges":1,"victory":false,"max_hp_per_floor":[70,70,70,70,70,70,70,70,70,70,70,70,70,70,70,70,75,75,75,75,75,75,75,75,75,75,75,75,75,75,75,75,75],"card_choices":[{"not_picked":["Poisoned Stab","PiercingWail"],"picked":"Blade Dance","floor":1},{"not_picked":["Bane","Slice"],"picked":"Tactician","floor":2},{"not_picked":["Dash","Skewer"],"picked":"Outmaneuver","floor":4},{"not_picked":["Quick Slash","Outmaneuver"],"picked":"Noxious Fumes","floor":7},{"not_picked":["Deadly Poison","Deflect"],"picked":"Cloak And Dagger","floor":8},{"not_picked":["Infinite Blades","Storm of Steel"],"picked":"Venomology","floor":10},{"not_picked":["Outmaneuver","Blade Dance"],"picked":"Caltrops","floor":13},{"not_picked":["Phantasmal Killer","Doppelganger"],"picked":"Corpse Explosion","floor":16},{"not_picked":["Underhanded Strike","Eviscerate"],"picked":"PiercingWail","floor":17},{"not_picked":["Deflect","Dash"],"picked":"Noxious Fumes+1","floor":18},{"not_picked":["All Out Attack","Bane"],"picked":"Quick Slash+1","floor":21},{"not_picked":["Blur","Sucker Punch"],"picked":"Deadly Poison+1","floor":22},{"not_picked":["Dodge and Roll","Choke"],"picked":"Tactician","floor":24},{"not_picked":["Dagger Throw","Riddle With Holes+1"],"picked":"Dagger Spray+1","floor":31}],"player_experience":194835,"relics_obtained":[{"floor":9,"key":"Boot"},{"floor":10,"key":"Ornamental Fan"},{"floor":13,"key":"Bag of Preparation"},{"floor":24,"key":"Unceasing Top"},{"floor":26,"key":"Smiling Mask"},{"floor":30,"key":"Frozen Egg 2"},{"floor":32,"key":"Bottled Lightning"}],"event_choices":[{"damage_healed":0,"gold_gain":0,"player_choice":"Got Potions","damage_taken":0,"max_hp_gain":0,"max_hp_loss":0,"event_name":"Lab","floor":3,"gold_loss":0},{"damage_healed":0,"gold_gain":0,"player_choice":"Trade","damage_taken":0,"relics_obtained":["GremlinMask"],"max_hp_gain":0,"max_hp_loss":0,"event_name":"FaceTrader","floor":5,"gold_loss":0},{"cards_removed":["Strike_G"],"damage_healed":0,"gold_gain":0,"player_choice":"Elegance","damage_taken":0,"max_hp_gain":0,"max_hp_loss":0,"event_name":"Back to Basics","floor":28,"gold_loss":0},{"damage_healed":0,"gold_gain":0,"player_choice":"Opened","damage_taken":0,"relics_obtained":["Shovel"],"max_hp_gain":0,"max_hp_loss":0,"event_name":"The Mausoleum","floor":29,"gold_loss":0,"cards_obtained":["Writhe"]}],"is_beta":false,"boss_relics":[{"not_picked":["Velvet Choker","Busted Crown"],"picked":"Tiny House"}],"items_purged_floors":[12],"is_endless":false,"potions_floor_spawned":[2,13,18,22,31],"killed_by":"Champ","ascension_level":0}