{"gold_per_floor":[112,112,131,150,75,92,92,119,165,177,142,100,100,116,116,212,212,228,246,246],"floor_reached":20,"playtime":1213,"items_purged":[],"score":185,"play_id":"b26c3a24-2498-4d18-a600-d89cf42cb6fd","local_time":"20190129223417","is_ascension_mode":true,"campfire_choices":[{"data":"White Noise","floor":7,"key":"SMITH"},{"floor":13,"key":"REST"},{"data":"Barrage","floor":15,"key":"SMITH"}],"neow_cost":"NONE","seed_source_timestamp":1267690849535500,"circlet_count":0,"master_deck":["Strike_B","Strike_B","Defend_B","Defend_B","Defend_B","Defend_B","Zap","Dualcast","Aggregate","Static Discharge","Turbo","Darkness","FTL","White Noise+1","Multi-Cast","Coolheaded","Barrage+1","Electrodynamics","Fusion+1","Leap"],"relics":["Cracked Core","Letter Opener","Lantern","Inserter"],"potions_floor_usage":[8,8],"damage_taken":[{"damage":6,"enemies":"Jaw Worm","floor":1,"turns":3},{"damage":0,"enemies":"2 Louse","floor":3,"turns":3},{"damage":7,"enemies":"Small Slimes","floor":4,"turns":4},{"damage":8,"enemies":"Red Slaver","floor":6,"turns":3},{"damage":35,"enemies":"Gremlin Nob","floor":8,"turns":5},{"damage":16,"enemies":"Lots of Slimes","floor":10,"turns":3},{"damage":0,"enemies":"Gremlin Gang","floor":14,"turns":2},{"damage":23,"enemies":"Hexaghost","floor":16,"turns":9},{"damage":17,"enemies":"Spheric Guardian","floor":18,"turns":4},{"damage":30,"enemies":"2 Thieves","floor":19,"turns":4},{"damage":33,"enemies":"Shelled Parasite and Fungi","floor":20,"turns":2}],"seed_played":"5746652202697631056","potions_obtained":[{"floor":1,"key":"Swift Potion"},{"floor":6,"key":"PowerPotion"},{"floor":10,"key":"GamblersBrew"},{"floor":16,"key":"Strength Potion"},{"floor":18,"key":"SteroidPotion"},{"floor":19,"key":"FocusPotion"}],"is_trial":false,"path_per_floor":["M","?","M","M","$","M","R","E","T","M","?","?","R","M","R","B",null,"M","M","M"],"character_chosen":"DEFECT","items_purchased":["FTL"],"campfire_rested":1,"item_purchase_floors":[5],"current_hp_per_floor":[69,69,69,62,62,54,54,19,19,3,21,21,43,43,43,20,75,58,28,0],"gold":246,"neow_bonus":"TRANSFORM_CARD","is_prod":false,"is_daily":false,"chose_seed":false,"campfire_upgraded":2,"win_rate":0,"timestamp":1548819257,"path_taken":["M","?","M","M","$","M","R","E","T","M","?","?","R","M","R","BOSS","M","M","M"],"build_version":"2019-01-23","purchased_purges":0,"victory":false,"max_hp_per_floor":[75,75,75,75,75,75,75,75,75,75,75,75,75,75,75,75,75,75,75,75],"card_choices":[{"not_picked":["Scrape","Blizzard","Stack"],"picked":"SKIP","floor":1},{"not_picked":["Streamline","Hologram"],"picked":"Turbo","floor":3},{"not_picked":["Blizzard","Turbo"],"picked":"Darkness","floor":4},{"not_picked":["Hello World","Steam"],"picked":"White Noise","floor":6},{"not_picked":["Force Field","Fusion"],"picked":"Multi-Cast","floor":8},{"not_picked":["Streamline","Steam Power"],"picked":"Coolheaded","floor":10},{"not_picked":["Coolheaded","Blizzard"],"picked":"Barrage","floor":14},{"not_picked":["Thunder Strike","Machine Learning"],"picked":"Electrodynamics","floor":16},{"not_picked":["Streamline+1","Genetic Algorithm+1"],"picked":"Fusion+1","floor":18},{"not_picked":["Blizzard","Rebound"],"picked":"Leap","floor":19}],"player_experience":92035,"relics_obtained":[{"floor":8,"key":"Letter Opener"},{"floor":9,"key":"Lantern"}],"event_choices":[{"damage_healed":0,"gold_gain":0,"cards_transformed":["Strike_B"],"player_choice":"Change","damage_taken":0,"max_hp_gain":0,"max_hp_loss":0,"event_name":"Living Wall","floor":2,"gold_loss":0,"cards_obtained":["Static Discharge"]},{"damage_healed":18,"gold_gain":0,"player_choice":"Healed","damage_taken":0,"max_hp_gain":0,"max_hp_loss":0,"event_name":"The Cleric","floor":11,"gold_loss":35},{"damage_healed":0,"gold_gain":0,"player_choice":"Left Gold","damage_taken":0,"max_hp_gain":0,"max_hp_loss":0,"event_name":"World of Goop","floor":12,"gold_loss":42}],"is_beta":false,"boss_relics":[{"not_picked":["Busted Crown","Astrolabe"],"picked":"Inserter"}],"items_purged_floors":[],"is_endless":false,"potions_floor_spawned":[1,6,10,16,18,19],"killed_by":"Shelled Parasite and Fungi","ascension_level":1}