{"path_per_floor":["M","M","M","M","M","M","R","M","T","M","R","M","M","?","R","B",null,"M","M"],"character_chosen":"IRONCLAD","items_purchased":[],"gold_per_floor":[110,122,140,151,169,179,179,191,214,224,224,241,258,258,258,357,357,372,352,352],"floor_reached":20,"campfire_rested":0,"playtime":2183,"current_hp_per_floor":[71,76,80,75,80,80,80,80,80,80,80,80,80,80,80,71,80,64,48,0],"items_purged":[],"gold":352,"score":174,"play_id":"5e6d5b9a-1dd1-4ca4-aba2-984c984df0c3","local_time":"20180504010320","is_prod":false,"is_daily":false,"chose_seed":false,"is_ascension_mode":false,"campfire_upgraded":3,"timestamp":1525388600,"path_taken":["M","M","M","M","M","M","R","M","T","M","R","M","M","?","R","BOSS","M","M","M"],"build_version":"2018-04-28v2","seed_source_timestamp":22856005941066,"purchased_purges":0,"victory":false,"master_deck":["Strike_R","Strike_R","Strike_R","Strike_R","Strike_R","Defend_R+1","Defend_R","Defend_R","Defend_R","Bash","Anger","Searing Blow+1","Iron Wave","Clothesline","Pommel Strike+1","Body Slam+1","Headbutt","Demon Form","Rage","Body Slam+1","Juggernaut","Entrench","Anger","Twin Strike","Iron Wave","Shrug It Off","Rage+1","Warcry"],"max_hp_per_floor":[80,80,80,80,80,80,80,80,80,80,80,80,80,80,80,80,80,80,80,80],"relics":["Burning Blood","Ancient Tea Set","Orrery"],"card_choices":[{"not_picked":["Combust","Clash"],"picked":"Anger","floor":1},{"not_picked":["Intimidate","Perfected Strike"],"picked":"Searing Blow","floor":2},{"not_picked":["Second Wind","Battle Trance"],"picked":"Iron Wave","floor":3},{"not_picked":["Entrench","Iron Wave"],"picked":"Clothesline","floor":4},{"not_picked":["Carnage","Dropkick"],"picked":"Pommel Strike","floor":5},{"not_picked":["Intimidate","Cleave"],"picked":"Body Slam","floor":6},{"not_picked":["Infernal Blade","Warcry"],"picked":"Headbutt","floor":8},{"not_picked":["Iron Wave","True Grit"],"picked":"Demon Form","floor":10},{"not_picked":["Anger","Iron Wave"],"picked":"Rage","floor":12},{"not_picked":["Headbutt","Anger"],"picked":"Body Slam","floor":13},{"not_picked":["Bludgeon","Brutality"],"picked":"Juggernaut","floor":16},{"not_picked":["Headbutt","Thunderclap"],"picked":"Entrench","floor":17},{"not_picked":["Heavy Blade","Headbutt"],"picked":"Anger","floor":17},{"not_picked":["Second Wind","Sever Soul"],"picked":"Twin Strike","floor":17},{"not_picked":["Clothesline","Warcry"],"picked":"Iron Wave","floor":17},{"not_picked":["Limit Break","Feel No Pain"],"picked":"Shrug It Off","floor":17},{"not_picked":["Clash","True Grit"],"picked":"Rage","floor":18},{"not_picked":["Sever Soul","Entrench"],"picked":"Warcry","floor":19}],"player_experience":4051,"potions_floor_usage":[10,12,16,18,20,20,20],"damage_taken":[{"damage":15,"enemies":"Jaw Worm","floor":1,"turns":5},{"damage":1,"enemies":"Cultist","floor":2,"turns":3},{"damage":1,"enemies":"2 Louse","floor":3,"turns":3},{"damage":11,"enemies":"Exordium Wildlife","floor":4,"turns":4},{"damage":0,"enemies":"Red Slaver","floor":5,"turns":5},{"damage":0,"enemies":"Looter","floor":6,"turns":3},{"damage":3,"enemies":"3 Louse","floor":8,"turns":4},{"damage":1,"enemies":"Exordium Thugs","floor":10,"turns":4},{"damage":0,"enemies":"Gremlin Gang","floor":12,"turns":1},{"damage":1,"enemies":"Exordium Wildlife","floor":13,"turns":6},{"damage":30,"enemies":"Hexaghost","floor":16,"turns":8},{"damage":22,"enemies":"3 Byrds","floor":18,"turns":6},{"damage":22,"enemies":"2 Thieves","floor":19,"turns":4},{"damage":61,"enemies":"Cultist and Chosen","floor":20,"turns":6}],"event_choices":[{"event_name":"Upgrade Shrine","player_choice":"Upgraded","floor":14,"damage_taken":0}],"boss_relics":[{"not_picked":["Tiny House","Calling Bell"],"picked":"Orrery"}],"potions_floor_spawned":[1,3,6,8,10,13,16,18],"seed_played":"-3556274465878926451","killed_by":"Cultist and Chosen","ascension_level":0,"is_trial":false}