{"gold_per_floor":[219,144,164,176,191,191,191,201,201,231,231,131,131,151,151,256,256,273,283,283,109,128,128],"floor_reached":23,"playtime":1321,"items_purged":["Bash","Decay","Strike_R"],"score":203,"play_id":"dfc23672-1e04-440a-8298-4388ff927ef2","local_time":"20190130055008","is_ascension_mode":true,"campfire_choices":[{"data":"Heavy Blade","floor":6,"key":"SMITH"},{"data":"Spot Weakness","floor":11,"key":"SMITH"},{"data":"Shrug It Off","floor":13,"key":"SMITH"},{"data":"Anger","floor":15,"key":"SMITH"}],"neow_cost":"NONE","seed_source_timestamp":1293732671024200,"circlet_count":0,"master_deck":["Strike_R","Strike_R","Strike_R","Strike_R","Defend_R","Defend_R","Defend_R","Defend_R","Shrug It Off+1","Spot Weakness+1","Anger+1","Heavy Blade+1","Iron Wave","Flex","Shrug It Off","Limit Break","Iron Wave+1","Metallicize+1","Clash"],"relics":["Burning Blood","Question Card","Champion Belt","Philosopher\u0027s Stone","Nilry\u0027s Codex"],"potions_floor_usage":[16,22,23],"damage_taken":[{"damage":16,"enemies":"Cultist","floor":1,"turns":5},{"damage":5,"enemies":"2 Louse","floor":3,"turns":4},{"damage":0,"enemies":"Jaw Worm","floor":4,"turns":4},{"damage":2,"enemies":"Looter","floor":5,"turns":3},{"damage":9,"enemies":"Blue Slaver","floor":8,"turns":3},{"damage":16,"enemies":"3 Sentries","floor":10,"turns":7},{"damage":6,"enemies":"3 Louse","floor":14,"turns":3},{"damage":52,"enemies":"Slime Boss","floor":16,"turns":11},{"damage":15,"enemies":"2 Thieves","floor":18,"turns":4},{"damage":1,"enemies":"Chosen","floor":19,"turns":4},{"damage":25,"enemies":"Centurion and Healer","floor":22,"turns":7},{"damage":60,"enemies":"Slavers","floor":23,"turns":3}],"seed_played":"-1139618883833399867","potions_obtained":[{"floor":1,"key":"Dexterity Potion"},{"floor":14,"key":"Swift Potion"},{"floor":16,"key":"Regen Potion"},{"floor":18,"key":"Energy Potion"},{"floor":19,"key":"BloodPotion"}],"is_trial":false,"path_per_floor":["M","$","M","M","M","R","?","M","T","E","R","$","R","M","R","B",null,"M","M","?","$","M","E"],"character_chosen":"IRONCLAD","items_purchased":["Clash"],"campfire_rested":0,"item_purchase_floors":[21],"current_hp_per_floor":[70,70,71,77,80,80,80,77,77,67,67,67,67,67,67,21,80,71,76,60,60,49,0],"gold":128,"neow_bonus":"HUNDRED_GOLD","is_prod":false,"is_daily":false,"chose_seed":false,"campfire_upgraded":4,"win_rate":0,"timestamp":1548845408,"path_taken":["M","$","M","M","M","R","?","M","T","E","R","?","R","M","R","BOSS","M","M","?","$","M","E"],"build_version":"2019-01-23","purchased_purges":3,"victory":false,"max_hp_per_floor":[80,80,80,80,80,80,80,80,80,80,80,80,80,80,80,80,80,80,80,80,80,80,80],"card_choices":[{"not_picked":["Blood for Blood","Havoc"],"picked":"Shrug It Off","floor":1},{"not_picked":["True Grit","Thunderclap"],"picked":"Spot Weakness","floor":3},{"not_picked":["Metallicize","Burning Pact"],"picked":"Anger","floor":4},{"not_picked":["Battle Trance","Armaments"],"picked":"Heavy Blade","floor":5},{"not_picked":["Havoc","Infernal Blade"],"picked":"Iron Wave","floor":8},{"not_picked":["Bloodletting","Anger","Thunderclap"],"picked":"Flex","floor":10},{"not_picked":["Heavy Blade","True Grit","Berserk"],"picked":"Shrug It Off","floor":14},{"not_picked":["Berserk","Offering","Demon Form"],"picked":"Limit Break","floor":16},{"not_picked":["Clothesline","Twin Strike","Perfected Strike"],"picked":"Iron Wave+1","floor":18},{"not_picked":["Iron Wave","Bloodletting","Perfected Strike+1"],"picked":"Metallicize+1","floor":19},{"not_picked":["Shrug It Off+1","Clash","Disarm+1","Warcry"],"picked":"SKIP","floor":22}],"player_experience":117550,"relics_obtained":[{"floor":9,"key":"Question Card"},{"floor":10,"key":"Champion Belt"},{"floor":20,"key":"Nilry\u0027s Codex"}],"event_choices":[{"damage_healed":0,"gold_gain":0,"player_choice":"Cursed","damage_taken":0,"max_hp_gain":0,"max_hp_loss":0,"event_name":"Wheel of Change","floor":7,"gold_loss":0,"cards_obtained":["Decay"]},{"damage_healed":0,"gold_gain":0,"player_choice":"Obtained Book","damage_taken":16,"max_hp_gain":0,"max_hp_loss":0,"event_name":"Cursed Tome","floor":20,"gold_loss":0}],"is_beta":false,"boss_relics":[{"not_picked":["Astrolabe","White Beast Statue"],"picked":"Philosopher\u0027s Stone"}],"items_purged_floors":[2,12,21],"is_endless":false,"potions_floor_spawned":[1,14,16,18,19],"killed_by":"Slavers","ascension_level":1}