{"gold_per_floor":[109,34,49,60,78,78,111,111,182,208,185,224,236,266,278,419,431,431,431,431,36,36,36,36,36,36,36,36,36,36,36,36,36,36,36,36,36,36,36,36,36,36,36,36,10,10,10],"floor_reached":47,"playtime":2625,"items_purged":["Strike_R","Writhe"],"score":764,"play_id":"1557236c-078d-4fce-9978-7ca762fd0661","local_time":"20190111152839","is_ascension_mode":true,"campfire_choices":[{"data":"Hemokinesis","floor":6,"key":"SMITH"},{"data":"Immolate","floor":8,"key":"SMITH"},{"data":"Pommel Strike","floor":15,"key":"SMITH"},{"data":"Shrug It Off","floor":23,"key":"SMITH"},{"floor":25,"key":"REST"},{"data":"Disarm","floor":32,"key":"SMITH"},{"data":"True Grit","floor":40,"key":"SMITH"},{"floor":42,"key":"REST"}],"neow_cost":"NONE","seed_source_timestamp":982134741449,"circlet_count":0,"master_deck":["Strike_R","Strike_R","Strike_R","Defend_R","Defend_R","Defend_R","Defend_R","Bash","Hemokinesis+1","Twin Strike+1","Inflame","Pommel Strike+1","Immolate+1","Disarm+1","Inflame+1","Wild Strike","Feed","Shrug It Off+1","Sword Boomerang+1","Bloodletting","Rupture+1","Power Through+1","Bludgeon","Rupture+1","Perfected Strike+1","Offering","Pummel","True Grit+1","Iron Wave+1","Havoc+1","Heavy Blade","Sword Boomerang"],"relics":["Burning Blood","Ice Cream","Frozen Egg 2","MawBank","Kunai","Golden Idol","Ectoplasm","PreservedInsect","Brimstone","Lantern","Champion Belt","Mummified Hand","Tiny House","Strawberry","Bottled Flame","Juzu Bracelet"],"potions_floor_usage":[4,10,16,21,33,35,35,35,39,41,41,44],"damage_taken":[{"damage":10,"enemies":"2 Louse","floor":1,"turns":2},{"damage":6,"enemies":"Small Slimes","floor":3,"turns":3},{"damage":10,"enemies":"Jaw Worm","floor":4,"turns":2},{"damage":14,"enemies":"Looter","floor":5,"turns":4},{"damage":32,"enemies":"3 Sentries","floor":7,"turns":5},{"damage":2,"enemies":"Gremlin Nob","floor":10,"turns":2},{"damage":20,"enemies":"Lagavulin","floor":12,"turns":4},{"damage":4,"enemies":"3 Louse","floor":14,"turns":4},{"damage":48,"enemies":"Slime Boss","floor":16,"turns":9},{"damage":28,"enemies":"Shell Parasite","floor":18,"turns":6},{"damage":5,"enemies":"Spheric Guardian","floor":19,"turns":3},{"damage":32,"enemies":"Book of Stabbing","floor":24,"turns":3},{"damage":2,"enemies":"Gremlin Leader","floor":27,"turns":3},{"damage":6,"enemies":"Snecko","floor":29,"turns":3},{"damage":0,"enemies":"Shelled Parasite and Fungi","floor":30,"turns":2},{"damage":5,"enemies":"Collector","floor":33,"turns":6},{"damage":2,"enemies":"3 Darklings","floor":35,"turns":3},{"damage":21,"enemies":"3 Shapes","floor":37,"turns":1},{"damage":16,"enemies":"Maw","floor":38,"turns":5},{"damage":7,"enemies":"4 Shapes","floor":39,"turns":2},{"damage":50,"enemies":"Nemesis","floor":41,"turns":5},{"damage":8,"enemies":"Giant Head","floor":44,"turns":4},{"damage":16,"enemies":"Jaw Worm Horde","floor":46,"turns":2},{"damage":65,"enemies":"Transient","floor":47,"turns":5}],"seed_played":"-113625060508899453","potions_obtained":[{"floor":1,"key":"AttackPotion"},{"floor":7,"key":"Fire Potion"},{"floor":12,"key":"Dexterity Potion"},{"floor":27,"key":"PowerPotion"},{"floor":30,"key":"Fire Potion"},{"floor":33,"key":"EntropicBrew"},{"floor":34,"key":"SkillPotion"},{"floor":37,"key":"EssenceOfSteel"},{"floor":41,"key":"BloodPotion"},{"floor":44,"key":"Energy Potion"}],"is_trial":false,"path_per_floor":["M","$","M","M","M","R","E","R","T","E","?","E","?","M","R","B",null,"M","M","?","$","?","R","E","R","T","E","?","M","M","?","R","B",null,"M","?","M","M","M","R","E","R","T","E","$","M","M"],"character_chosen":"IRONCLAD","items_purchased":["Brimstone","Fruit Juice","Sword Boomerang"],"campfire_rested":2,"item_purchase_floors":[21,21,45],"current_hp_per_floor":[76,76,76,72,64,64,38,38,38,42,62,48,48,50,50,8,74,55,56,56,61,61,61,35,59,59,66,66,66,72,72,72,73,90,90,90,75,65,64,64,30,60,60,71,71,64,0],"gold":10,"neow_bonus":"THREE_CARDS","is_prod":false,"is_daily":false,"chose_seed":false,"campfire_upgraded":6,"win_rate":0,"timestamp":1547216919,"path_taken":["M","$","M","M","M","R","E","R","T","E","?","E","?","M","R","BOSS","M","M","?","$","?","R","E","R","T","E","?","M","M","?","R","BOSS","M","?","M","M","M","R","E","R","T","E","?","M","M"],"build_version":"2019-01-10","purchased_purges":2,"victory":false,"max_hp_per_floor":[80,80,80,80,80,80,80,80,80,80,80,80,74,74,74,74,74,77,77,77,82,82,82,82,82,82,85,85,85,85,85,85,85,90,90,90,90,90,90,90,100,100,100,103,103,106,106],"card_choices":[{"not_picked":["Sword Boomerang","Fire Breathing"],"picked":"Hemokinesis","floor":0},{"not_picked":["Feel No Pain","Warcry"],"picked":"Twin Strike","floor":1},{"not_picked":["Havoc","Heavy Blade"],"picked":"Inflame","floor":3},{"not_picked":["Clothesline","Havoc"],"picked":"Pommel Strike","floor":4},{"not_picked":["Body Slam","Clash"],"picked":"Immolate","floor":5},{"not_picked":["Rage","Twin Strike","Dual Wield"],"picked":"SKIP","floor":7},{"not_picked":["Uppercut","Anger"],"picked":"Disarm","floor":10},{"not_picked":["Clash","Berserk+1"],"picked":"Inflame+1","floor":12},{"not_picked":["Sever Soul","Uppercut"],"picked":"Wild Strike","floor":14},{"not_picked":["Brutality+1","Berserk+1"],"picked":"Feed","floor":16},{"not_picked":["Havoc","Searing Blow"],"picked":"Shrug It Off","floor":18},{"not_picked":["Whirlwind","Flex"],"picked":"Sword Boomerang+1","floor":19},{"not_picked":["Berserk+1","Anger","Dual Wield"],"picked":"SKIP","floor":24},{"not_picked":["Combust+1","Armaments"],"picked":"Bloodletting","floor":27},{"not_picked":["Anger","Cleave+1","Dropkick"],"picked":"SKIP","floor":29},{"not_picked":["Feed","Heavy Blade"],"picked":"Power Through+1","floor":30},{"not_picked":["Dark Embrace+1","Immolate"],"picked":"Bludgeon","floor":33},{"not_picked":["Twin Strike","Iron Wave"],"picked":"Rupture+1","floor":34},{"not_picked":["Thunderclap","Rupture+1"],"picked":"Perfected Strike+1","floor":35},{"not_picked":["Body Slam","Warcry+1"],"picked":"Pummel","floor":37},{"not_picked":["Pummel+1","Cleave+1"],"picked":"True Grit","floor":38},{"not_picked":["Headbutt","Armaments"],"picked":"Iron Wave+1","floor":39},{"not_picked":["Shockwave+1","Wild Strike"],"picked":"Havoc+1","floor":41},{"not_picked":["Clash+1","Bludgeon"],"picked":"Heavy Blade","floor":44},{"not_picked":["Headbutt+1","Heavy Blade+1","Shockwave"],"picked":"SKIP","floor":46}],"player_experience":308210,"relics_obtained":[{"floor":7,"key":"Ice Cream"},{"floor":9,"key":"Frozen Egg 2"},{"floor":10,"key":"MawBank"},{"floor":12,"key":"Kunai"},{"floor":24,"key":"Lantern"},{"floor":26,"key":"Champion Belt"},{"floor":27,"key":"Mummified Hand"},{"floor":41,"key":"Strawberry"},{"floor":43,"key":"Bottled Flame"},{"floor":44,"key":"Juzu Bracelet"}],"event_choices":[{"damage_healed":20,"gold_gain":0,"player_choice":"Healed","damage_taken":0,"max_hp_gain":0,"max_hp_loss":0,"event_name":"The Cleric","floor":11,"gold_loss":35},{"damage_healed":0,"gold_gain":0,"player_choice":"Lose Max HP","damage_taken":0,"relics_obtained":["Golden Idol"],"max_hp_gain":0,"max_hp_loss":6,"event_name":"Golden Idol","floor":13,"gold_loss":0},{"damage_healed":0,"gold_gain":0,"player_choice":"Opened","damage_taken":0,"relics_obtained":["PreservedInsect"],"max_hp_gain":0,"max_hp_loss":0,"event_name":"The Mausoleum","floor":20,"gold_loss":0,"cards_obtained":["Writhe"]},{"damage_healed":0,"gold_gain":0,"player_choice":"Ignored","damage_taken":0,"max_hp_gain":0,"max_hp_loss":0,"event_name":"Ghosts","floor":22,"gold_loss":0},{"damage_healed":0,"gold_gain":0,"player_choice":"Read","damage_taken":0,"max_hp_gain":0,"max_hp_loss":0,"event_name":"The Library","floor":28,"gold_loss":0,"cards_obtained":["Rupture"]},{"damage_healed":0,"gold_gain":0,"player_choice":"Ignored","damage_taken":0,"max_hp_gain":0,"max_hp_loss":0,"event_name":"Beggar","floor":31,"gold_loss":0},{"damage_healed":0,"gold_gain":0,"cards_transformed":["Strike_R"],"player_choice":"Transformed","damage_taken":0,"max_hp_gain":0,"max_hp_loss":0,"event_name":"Transmorgrifier","floor":36,"gold_loss":0,"cards_obtained":["Offering"]}],"is_beta":false,"boss_relics":[{"not_picked":["Calling Bell","Runic Cube"],"picked":"Ectoplasm"},{"not_picked":["White Beast Statue","Lizard Tail"],"picked":"Tiny House"}],"items_purged_floors":[2,21],"is_endless":false,"potions_floor_spawned":[1,7,12,27,30,33,37,41,44],"killed_by":"Transient","ascension_level":3}