{"gold_per_floor":[118,129,129,147,34,34,70,70,70,70,89,114,114,147,147,266,266,285,7,7,23,23,23,66,66,92,92,92,92,131,131,131,131,131,155,12,12,30,50,50,124,124,124,124,158,181,181,181,181,181],"floor_reached":51,"playtime":2749,"items_purged":["Defend_G"],"score":795,"play_id":"a7f91b87-c0d7-41e4-989a-6d7e07ebdf42","local_time":"20180704231907","is_ascension_mode":true,"campfire_choices":[{"data":"Infinite Blades","floor":6.0,"key":"SMITH"},{"data":"Accuracy","floor":8.0,"key":"SMITH"},{"data":"Dagger Spray","floor":10.0,"key":"SMITH"},{"floor":13.0,"key":"REST"},{"data":"Infinite Blades","floor":15.0,"key":"SMITH"},{"floor":23.0,"key":"REST"},{"floor":25.0,"key":"REST"},{"data":"Accuracy","floor":27.0,"key":"SMITH"},{"data":"Backstab","floor":29.0,"key":"SMITH"},{"data":"After Image","floor":32,"key":"SMITH"},{"data":"Infinite Blades","floor":40,"key":"SMITH"},{"data":"Infinite Blades","floor":42,"key":"SMITH"},{"data":"After Image","floor":47,"key":"SMITH"},{"data":"Neutralize","floor":49,"key":"SMITH"}],"neow_cost":"","seed_source_timestamp":0,"circlet_count":0,"master_deck":["Defend_G","Defend_G+1","Defend_G","Defend_G","Strike_G","Strike_G","Strike_G","Survivor+1","Neutralize+1","Dagger Spray+1","Backstab+1","Accuracy+1","Infinite Blades+1","Infinite Blades+1","After Image+1","Finisher+1","Infinite Blades+1","Cloak And Dagger+1","Grand Finale+1","Accuracy+1","Infinite Blades+1","Adrenaline+1","Dagger Spray+1","Blade Dance+1","After Image+1","Dodge and Roll+1"],"special_seed":0,"relics":["Ring of the Snake","Golden Idol","Darkstone Periapt","Molten Egg 2","Toxic Egg 2","Lizard Tail","Shuriken","Enchiridion","Orichalcum","Pen Nib","Red Mask","Coffee Dripper","War Paint","Tiny Chest","Bag of Preparation","Prayer Wheel"],"potions_floor_usage":[30,33,38,38,46,50,50],"damage_taken":[{"damage":0.0,"enemies":"2 Louse","floor":1.0,"turns":4.0},{"damage":0.0,"enemies":"Small Slimes","floor":2.0,"turns":4.0},{"damage":0.0,"enemies":"Jaw Worm","floor":4.0,"turns":4.0},{"damage":11.0,"enemies":"Gremlin Nob","floor":7.0,"turns":4.0},{"damage":0.0,"enemies":"Lots of Slimes","floor":11.0,"turns":1.0},{"damage":14.0,"enemies":"Large Slime","floor":12.0,"turns":4.0},{"damage":17.0,"enemies":"3 Sentries","floor":14.0,"turns":5.0},{"damage":8.0,"enemies":"Slime Boss","floor":16.0,"turns":8.0},{"damage":7.0,"enemies":"Chosen","floor":18.0,"turns":5.0},{"damage":28.0,"enemies":"2 Thieves","floor":21.0,"turns":3.0},{"damage":19.0,"enemies":"Gremlin Leader","floor":24.0,"turns":5.0},{"damage":0,"floor":30,"turns":3},{"damage":10,"enemies":"Champ","floor":33,"turns":6},{"damage":10,"enemies":"3 Darklings","floor":35,"turns":3},{"damage":0,"enemies":"Orb Walker","floor":38,"turns":3},{"damage":35,"enemies":"Maw","floor":39,"turns":5},{"damage":29,"enemies":"Nemesis","floor":41,"turns":5},{"damage":5,"enemies":"Giant Head","floor":45,"turns":4},{"damage":14,"enemies":"3 Darklings","floor":46,"turns":3},{"damage":43,"enemies":"Time Eater","floor":50,"turns":10}],"seed_played":"-1597737842676046057","potions_obtained":[{"floor":2.0,"key":"AttackPotion"},{"floor":14.0,"key":"Weak Potion"},{"floor":18.0,"key":"Strength Potion"},{"floor":37,"key":"SkillPotion"},{"floor":37,"key":"Swift Potion"},{"floor":37,"key":"Poison Potion"},{"floor":41,"key":"Explosive Potion"},{"floor":46,"key":"Ancient Potion"}],"is_trial":false,"path_per_floor":["M","M","?","M","$","R","E","R","T","R","M","M","R","E","R","B",null,"M","$","?","M","?","R","E","R","T","R","?","R","?","?","R","B",null,"M","$","?","M","M","R","E","R","T","?","E","M","R","?","R","B"],"character_chosen":"THE_SILENT","items_purchased":["Infinite Blades","Shuriken","Infinite Blades","War Paint"],"campfire_rested":3,"item_purchase_floors":[],"current_hp_per_floor":[70,70,53,53,53,53,42,42,42,42,42,28,49,32,32,24,70,63,63,47,19,19,40,21,42,42,42,42,42,42,65,65,55,70,60,60,60,60,25,25,35,35,35,35,30,16,16,61,61,18],"gold":181,"neow_bonus":"","is_prod":false,"is_daily":false,"chose_seed":false,"campfire_upgraded":11,"win_rate":0,"timestamp":1530739147,"path_taken":["M","M","?","M","$","R","E","R","T","R","?","M","R","E","R","BOSS","M","$","?","?","?","R","E","R","T","R","?","R","?","?","R","BOSS","M","$","?","?","M","R","E","R","T","?","E","M","R","?","R","BOSS"],"build_version":"2018-06-28","purchased_purges":1,"victory":true,"max_hp_per_floor":[70,70,70,70,70,70,70,70,70,70,70,70,70,70,70,70,70,70,70,70,70,70,70,70,70,70,70,70,70,70,70,70,70,70,70,70,70,70,70,70,70,70,70,70,70,70,70,61,61,61],"card_choices":[{"not_picked":["Concentrate","Endless Agony"],"picked":"Dagger Spray","floor":0.0},{"not_picked":["Underhanded Strike","Acrobatics"],"picked":"Backstab","floor":1.0},{"not_picked":["Poisoned Stab","PiercingWail","Concentrate"],"picked":"SKIP","floor":2.0},{"not_picked":["Underhanded Strike","Poisoned Stab"],"picked":"Accuracy","floor":4.0},{"not_picked":["Deadly Poison","Underhanded Strike","Dagger Spray"],"picked":"SKIP","floor":7.0},{"not_picked":["Deflect","Terror","All Out Attack+1"],"picked":"SKIP","floor":11.0},{"not_picked":["Underhanded Strike+1","Deflect"],"picked":"Infinite Blades","floor":12.0},{"not_picked":["Riddle With Holes+1","Deflect","Poisoned Stab+1"],"picked":"SKIP","floor":14.0},{"not_picked":["Tactician+1","Bullet Time+1"],"picked":"After Image","floor":16.0},{"not_picked":["Malaise+1","Endless Agony+1"],"picked":"Finisher+1","floor":18.0},{"not_picked":["Footwork","Dagger Spray+1"],"picked":"Cloak And Dagger+1","floor":21.0},{"not_picked":["Predator+1","Bane+1"],"picked":"Accuracy","floor":24.0},{"not_picked":["Blur+1","Noxious Fumes+1"],"picked":"Infinite Blades","floor":30},{"not_picked":["Glass Knife+1","Venomology+1"],"picked":"Adrenaline+1","floor":33},{"not_picked":["Bouncing Flask+1","Slice+1"],"picked":"Dagger Spray+1","floor":35},{"not_picked":["Slice+1","Dodge and Roll+1","Deadly Poison+1"],"picked":"SKIP","floor":38},{"not_picked":["Prepared+1","Bane+1"],"picked":"Blade Dance+1","floor":39},{"not_picked":["Deflect+1","Backflip+1","Poisoned Stab+1"],"picked":"SKIP","floor":41},{"not_picked":["Well Laid Plans","Prepared+1","All Out Attack+1"],"picked":"SKIP","floor":45},{"not_picked":["Riddle With Holes+1","Terror+1"],"picked":"After Image","floor":46},{"not_picked":["Dagger Throw+1","Dash+1"],"picked":"Dodge and Roll+1","floor":46}],"player_experience":273944,"relics_obtained":[{"floor":7.0,"key":"Darkstone Periapt"},{"floor":9.0,"key":"Molten Egg 2"},{"floor":14.0,"key":"Toxic Egg 2"},{"floor":20.0,"key":"Enchiridion"},{"floor":24.0,"key":"Orichalcum"},{"floor":26.0,"key":"Pen Nib"},{"floor":30,"key":"Red Mask"},{"floor":41,"key":"Tiny Chest"},{"floor":43,"key":"Bag of Preparation"},{"floor":45,"key":"Prayer Wheel"}],"event_choices":[{"event_name":"Golden Idol","player_choice":"Take Damage","floor":3.0,"damage_taken":0.0},{"event_name":"Cursed Tome","player_choice":"Obtained Book","floor":20.0,"damage_taken":0.0},{"event_name":"Transmorgrifier","player_choice":"Transform","floor":22.0,"damage_taken":0.0},{"event_name":"Ghosts","player_choice":"Ignored","floor":28.0,"damage_taken":0.0},{"event_name":"Masked Bandits","player_choice":"Fought over 92 gold","floor":30,"damage_taken":0},{"event_name":"The Library","player_choice":"Heal","floor":31,"damage_taken":0},{"event_name":"The Lab","player_choice":"Got Potions","floor":37,"damage_taken":0},{"event_name":"Wheel of Change","player_choice":"Card Removal","floor":44,"damage_taken":0},{"event_name":"The Moai Head","player_choice":"Heal","floor":48,"damage_taken":0}],"boss_relics":[{"not_picked":["Pandora\u0027s Box","Fusion Hammer"],"picked":"Lizard Tail"},{"not_picked":["Runic Dome","Empty Cage"],"picked":"Coffee Dripper"}],"items_purged_floors":[],"is_endless":false,"potions_floor_spawned":[2,14,18,41,46],"ascension_level":2}