{"gold_per_floor":[119,119,143,143,161,194,194,229,275,291,291,291,21,37,37,167,167,186,204,154,170,195,195,52,52,75,75,94,94,13,13,13,13],"floor_reached":33,"playtime":1864,"items_purged":[],"score":280,"play_id":"3dcd961c-4724-4e98-818e-130469572436","local_time":"20190123142648","is_ascension_mode":false,"campfire_choices":[{"floor":7,"key":"REST"},{"data":"Reaper","floor":12,"key":"SMITH"},{"data":"Bash","floor":15,"key":"SMITH"},{"data":"Bludgeon","floor":23,"key":"SMITH"},{"floor":27,"key":"RECALL"},{"data":"Clothesline","floor":29,"key":"SMITH"},{"data":"Inflame","floor":32,"key":"SMITH"}],"neow_cost":"NONE","seed_source_timestamp":1014623933922638,"circlet_count":0,"master_deck":["Defend_R","Defend_R","Bash+1","Heavy Blade","Metallicize","Clash","Body Slam","Reaper+1","Inflame+1","Anger","Bludgeon+1","Metallicize","Clothesline+1","Anger","Iron Wave+1","Bite","Bite","Bite","Bite","Bite","Double Tap"],"relics":["Burning Blood","Regal Pillow","Golden Idol","Blue Candle","Mango","Mummified Hand","Omamori","Mercury Hourglass","OrangePellets","Empty Cage","Bag of Marbles","Vajra"],"potions_floor_usage":[6,16,18,28],"damage_taken":[{"damage":1,"enemies":"2 Louse","floor":1,"turns":3},{"damage":11,"enemies":"Jaw Worm","floor":3,"turns":2},{"damage":0,"enemies":"Small Slimes","floor":5,"turns":4},{"damage":73,"enemies":"Lagavulin","floor":6,"turns":12},{"damage":21,"enemies":"Gremlin Nob","floor":8,"turns":4},{"damage":3,"enemies":"Red Slaver","floor":10,"turns":5},{"damage":12,"enemies":"Blue Slaver","floor":14,"turns":2},{"damage":10,"enemies":"Slime Boss","floor":16,"turns":8},{"damage":32,"enemies":"2 Thieves","floor":18,"turns":4},{"damage":24,"enemies":"3 Byrds","floor":19,"turns":5},{"damage":11,"enemies":"Centurion and Healer","floor":21,"turns":5},{"damage":17,"enemies":"Chosen and Byrds","floor":22,"turns":5},{"damage":12,"enemies":"Snake Plant","floor":28,"turns":4},{"damage":89,"enemies":"Collector","floor":33,"turns":8}],"seed_played":"-6189573293140472867","potions_obtained":[{"floor":5,"key":"Regen Potion"},{"floor":10,"key":"PowerPotion"},{"floor":16,"key":"PowerPotion"},{"floor":22,"key":"PowerPotion"}],"is_trial":false,"path_per_floor":["M","?","M","T","M","E","R","E","T","M","?","R","$","M","R","B",null,"M","M","?","M","M","R","$","?","T","R","M","R","$","?","R","B"],"character_chosen":"IRONCLAD","items_purchased":["OrangePellets","Inflame","Bag of Marbles","Double Tap"],"campfire_rested":1,"item_purchase_floors":[13,13,24,30],"current_hp_per_floor":[80,60,55,55,61,23,66,51,51,54,47,47,47,46,46,52,94,80,67,67,63,62,62,62,62,62,62,61,61,61,61,61,0],"gold":13,"neow_bonus":"RANDOM_COMMON_RELIC","is_prod":false,"is_daily":false,"chose_seed":false,"campfire_upgraded":5,"win_rate":0,"timestamp":1548232008,"path_taken":["M","?","M","?","M","E","R","E","T","M","?","R","$","M","R","BOSS","M","M","?","?","M","R","?","?","T","R","M","R","$","?","R","BOSS"],"build_version":"2019-01-17v2","purchased_purges":0,"victory":false,"max_hp_per_floor":[80,80,80,80,80,94,94,94,94,94,94,94,94,94,94,94,94,94,94,94,94,94,94,94,65,65,65,65,65,65,65,65,65],"card_choices":[{"not_picked":["Cleave","Twin Strike"],"picked":"Heavy Blade","floor":1},{"not_picked":["Combust","Warcry"],"picked":"Metallicize","floor":3},{"not_picked":["True Grit","Armaments","Warcry"],"picked":"SKIP","floor":5},{"not_picked":["Sword Boomerang","Second Wind"],"picked":"Clash","floor":6},{"not_picked":["Thunderclap","True Grit"],"picked":"Body Slam","floor":8},{"not_picked":["Heavy Blade","Sever Soul"],"picked":"Reaper","floor":10},{"not_picked":["Armaments","Warcry"],"picked":"Anger","floor":14},{"not_picked":["Fiend Fire","Brutality"],"picked":"Bludgeon","floor":16},{"not_picked":["Twin Strike+1","Burning Pact"],"picked":"Metallicize","floor":18},{"not_picked":["Perfected Strike+1","Heavy Blade"],"picked":"Clothesline","floor":19},{"not_picked":["Body Slam","Headbutt"],"picked":"Anger","floor":21},{"not_picked":["Clash","Headbutt"],"picked":"Iron Wave+1","floor":22},{"not_picked":["Havoc","Body Slam","True Grit"],"picked":"SKIP","floor":28}],"player_experience":639610,"relics_obtained":[{"floor":4,"key":"Blue Candle"},{"floor":6,"key":"Mango"},{"floor":8,"key":"Mummified Hand"},{"floor":9,"key":"Omamori"},{"floor":26,"key":"Vajra"}],"event_choices":[{"damage_healed":0,"gold_gain":0,"player_choice":"Take Damage","damage_taken":20,"relics_obtained":["Golden Idol"],"max_hp_gain":0,"max_hp_loss":0,"event_name":"Golden Idol","floor":2,"gold_loss":0},{"damage_healed":0,"gold_gain":0,"player_choice":"Success","damage_taken":7,"relics_obtained":["Mercury Hourglass"],"max_hp_gain":0,"max_hp_loss":0,"event_name":"Scrap Ooze","floor":11,"gold_loss":0},{"damage_healed":0,"gold_gain":0,"player_choice":"Bet on Owner","damage_taken":0,"max_hp_gain":0,"max_hp_loss":0,"event_name":"The Joust","floor":20,"gold_loss":50},{"damage_healed":0,"gold_gain":0,"player_choice":"Became a vampire","damage_taken":0,"max_hp_gain":0,"max_hp_loss":29,"event_name":"Vampires","floor":25,"gold_loss":0,"cards_obtained":["Bite","Bite","Bite","Bite","Bite"]},{"damage_healed":0,"gold_gain":0,"player_choice":"Relic","damage_taken":0,"max_hp_gain":0,"max_hp_loss":0,"event_name":"Wheel of Change","floor":31,"gold_loss":0}],"is_beta":false,"boss_relics":[{"not_picked":["Eternal Feather","Runic Pyramid"],"picked":"Empty Cage"}],"items_purged_floors":[],"is_endless":false,"potions_floor_spawned":[5,10,16,22],"killed_by":"Collector","ascension_level":0}