{"path_per_floor":["M","$","?","M","M","E","M","E","T","E","R","?","?","M","R","B",null,"M","?","?","M","M","E","R","M","T","$","?","M","$"],"character_chosen":"IRONCLAD","items_purchased":["Shrug It Off","Kunai","Limit Break"],"gold_per_floor":[119,18,18,35,45,74,87,420,446,479,479,479,479,494,494,596,596,612,612,537,547,563,596,596,610,635,150,95,109,109],"floor_reached":31,"campfire_rested":2,"playtime":2151,"current_hp_per_floor":[79,79,84,85,85,66,64,48,48,25,25,25,22,21,46,11,85,76,60,60,59,40,7,32,27,27,27,27,10,10],"items_purged":["Strike_R","Strike_R"],"gold":109,"score":275,"play_id":"8a7361c5-7f08-45e7-860d-d69ed6cb5fcd","is_prod":false,"is_daily":false,"is_ascension_mode":false,"campfire_upgraded":1,"path_taken":["M","$","?","M","M","E","M","E","T","E","R","?","?","M","R","BOSS","M","?","?","M","M","E","R","M","T","$","?","M","$","E"],"build_version":"2018-02-08-BETA1","purchased_purges":2,"victory":false,"master_deck":["Strike_R","Strike_R","Defend_R","Defend_R","Defend_R","Defend_R","Bash","Inflame","Shrug It Off","Armaments+1","Sword Boomerang","Iron Wave","Headbutt","Body Slam","Body Slam","Sword Boomerang","Juggernaut","Cleave","Necronomicurse","Metallicize","Anger","Flame Barrier+1","Limit Break","Battle Trance"],"max_hp_per_floor":[80,80,85,85,85,85,85,85,85,85,85,85,85,85,85,85,85,85,85,85,85,85,85,85,85,85,85,85,85,85],"relics":["Burning Blood","Orichalcum","Old Coin","Prayer Wheel","Dodecahedron","Bag of Marbles","Sozu","Necronomicon","Frozen Egg 2","Blood Vial","Kunai","Tiny Chest"],"card_choices":[{"not_picked":["Clothesline","Pummel"],"picked":"Inflame"},{"not_picked":["Immolate","Body Slam"],"picked":"Armaments"},{"not_picked":["Warcry","Searing Blow"],"picked":"Sword Boomerang"},{"not_picked":["Warcry","Perfected Strike"],"picked":"Iron Wave"},{"not_picked":["Spot Weakness","True Grit"],"picked":"Headbutt"},{"not_picked":["Wild Strike","Cleave"],"picked":"Body Slam"},{"not_picked":["Shrug It Off","Cleave"],"picked":"Body Slam"},{"not_picked":["Inflame","Evolve"],"picked":"Sword Boomerang"},{"not_picked":["Fiend Fire","Dark Embrace"],"picked":"Juggernaut"},{"not_picked":["Disarm","Fire Breathing"],"picked":"Cleave"},{"not_picked":["Armaments","True Grit"],"picked":"Metallicize"},{"not_picked":["Havoc","Power Through"],"picked":"Anger"},{"not_picked":["Anger","Warcry"],"picked":"Flame Barrier"},{"not_picked":["Fiend Fire","Rampage"],"picked":"Battle Trance"}],"player_experience":58120,"potions_floor_usage":[7,10,16],"damage_taken":[{"damage":7,"enemies":"Cultist","floor":1,"turns":5},{"damage":1,"enemies":"2 Louse","floor":4,"turns":3},{"damage":0,"enemies":"Small Slimes","floor":5,"turns":5},{"damage":25,"enemies":"Gremlin Nob","floor":6,"turns":4},{"damage":8,"enemies":"3 Louse","floor":7,"turns":4},{"damage":22,"enemies":"3 Sentries","floor":8,"turns":8},{"damage":29,"enemies":"Gremlin Nob","floor":10,"turns":5},{"damage":7,"enemies":"2 Fungi Beasts","floor":14,"turns":3},{"damage":41,"enemies":"Hexaghost","floor":16,"turns":10},{"damage":15,"enemies":"2 Thieves","floor":18,"turns":4},{"damage":7,"enemies":"3 Byrds","floor":21,"turns":4},{"damage":25,"enemies":"Cultist and Chosen","floor":22,"turns":5},{"damage":39,"enemies":"Slavers","floor":23,"turns":5},{"damage":11,"enemies":"Centurion and Healer","floor":25,"turns":6},{"damage":25,"enemies":"3 Cultists","floor":29,"turns":6},{"damage":16,"enemies":"Book of Stabbing","floor":31,"turns":4}],"event_choices":[{"event_name":"Big Fish","player_choice":"Donut","floor":3,"damage_taken":0},{"event_name":"Shining Light","player_choice":"Ignored","floor":12,"damage_taken":0},{"event_name":"Scrap Ooze","player_choice":"success","floor":13,"damage_taken":3},{"event_name":"Cursed Tome","player_choice":"Obtained Book","floor":19,"damage_taken":0},{"event_name":"Beggar","player_choice":"Gave Gold","floor":20,"damage_taken":0},{"event_name":"Addict","player_choice":"Obtained Relic","floor":28,"damage_taken":0}],"boss_relics":[{"not_picked":["Lizard Tail","Philosopher\u0027s Stone"],"picked":"Sozu"}],"potions_floor_spawned":[4,7,8,16,22,25],"seed_played":"-2796567640649644543","killed_by":"Book of Stabbing","ascension_level":0,"is_trial":false}