{"gold_per_floor":[110,124,124,138,63,63,76,76,99,133,133,83,83,112,112,210,210,227,124,141,7,26,26,38,38,61,61,95,111,211,230,230,330,330,342,8,8,8,22,22,48,62,143,155,155,171,171,185,185,185],"floor_reached":50,"playtime":2948,"items_purged":["Strike_R","Strike_R","Strike_R","Defend_R"],"score":685,"play_id":"93b2f9d7-0ebc-457e-ba7a-eebbc1d24bbb","local_time":"20190205140013","is_ascension_mode":true,"campfire_choices":[{"data":"Fiend Fire","floor":6.0,"key":"SMITH"},{"data":"Bash","floor":11.0,"key":"SMITH"},{"data":"Metallicize","floor":13.0,"key":"SMITH"},{"data":"Clash","floor":15.0,"key":"SMITH"},{"data":"Immolate","floor":23,"key":"SMITH"},{"data":"Panacea","floor":25,"key":"SMITH"},{"data":"Pommel Strike","floor":27,"key":"SMITH"},{"data":"Shockwave","floor":32,"key":"SMITH"},{"data":"Intimidate","floor":40,"key":"SMITH"},{"data":"Finesse","floor":47,"key":"SMITH"},{"floor":49,"key":"REST"}],"neow_cost":"NONE","seed_source_timestamp":0,"circlet_count":0,"master_deck":["Defend_R","Bash+1","Fiend Fire+1","Shockwave+1","Metallicize+1","Intimidate+1","Clash+1","Immolate+1","Body Slam+1","Pommel Strike+1","Headbutt+1","Panacea+1","Whirlwind+1","Shrug It Off+1","Finesse+1","Inflame","Armaments","Parasite"],"special_seed":0,"relics":["Burning Blood","Anchor","Smiling Mask","Ancient Tea Set","Sozu","Lantern","Whetstone","Busted Crown","Strange Spoon","Bottled Lightning","Shuriken"],"potions_floor_usage":[16,33],"damage_taken":[{"damage":2.0,"enemies":"Jaw Worm","floor":1.0,"turns":3.0},{"damage":0.0,"enemies":"Cultist","floor":2.0,"turns":3.0},{"damage":1.0,"enemies":"2 Louse","floor":4.0,"turns":3.0},{"damage":7.0,"enemies":"Exordium Wildlife","floor":7.0,"turns":10.0},{"damage":0.0,"enemies":"Lagavulin","floor":10.0,"turns":7.0},{"damage":9.0,"enemies":"3 Sentries","floor":14.0,"turns":10.0},{"damage":13,"enemies":"The Guardian","floor":16,"turns":8},{"damage":1,"enemies":"Shell Parasite","floor":18,"turns":4},{"damage":0,"enemies":"Chosen","floor":20,"turns":2},{"damage":6,"enemies":"Centurion and Healer","floor":22,"turns":4},{"damage":0,"enemies":"Cultist and Chosen","floor":24,"turns":3},{"damage":6,"enemies":"Slavers","floor":28,"turns":3},{"damage":0,"enemies":"Snake Plant","floor":29,"turns":2},{"damage":2,"enemies":"Centurion and Healer","floor":31,"turns":3},{"damage":42,"enemies":"Champ","floor":33,"turns":10},{"damage":0,"enemies":"3 Shapes","floor":35,"turns":2},{"damage":0,"enemies":"3 Darklings","floor":39,"turns":2},{"damage":16,"enemies":"Nemesis","floor":41,"turns":3},{"damage":23,"enemies":"Writhing Mass","floor":42,"turns":5},{"damage":6,"enemies":"4 Shapes","floor":44,"turns":4},{"damage":0,"enemies":"3 Darklings","floor":46,"turns":2},{"damage":0,"enemies":"Writhing Mass","floor":48,"turns":4},{"damage":82,"enemies":"Donu and Deca","floor":50,"turns":7}],"seed_played":"3808100316268872916","potions_obtained":[{"floor":3.0,"key":"PowerPotion"},{"floor":3.0,"key":"AttackPotion"},{"floor":3.0,"key":"SpeedPotion"},{"floor":4.0,"key":"Block Potion"},{"floor":7.0,"key":"SkillPotion"},{"floor":10.0,"key":"PowerPotion"},{"floor":16,"key":"Block Potion"}],"is_trial":false,"path_per_floor":["M","M","?","M","$","R","M","?","T","E","R","?","R","E","R","B",null,"M","$","M","$","M","R","M","R","T","R","E","M","?","M","R","B",null,"M","$","?","?","M","R","E","M","T","M","?","M","R","M","R","B"],"character_chosen":"IRONCLAD","items_purchased":["Pommel Strike","Panacea","Finesse","Strange Spoon"],"campfire_rested":1,"item_purchase_floors":[19,21,36,36],"current_hp_per_floor":[76,80,80,80,80,80,79,79,79,80,80,80,80,77,77,70,78,80,80,80,80,80,80,80,80,80,80,80,80,80,80,80,44,71,77,77,72,72,78,78,68,51,51,51,51,57,57,63,80,0],"gold":185,"neow_bonus":"ONE_RANDOM_RARE_CARD","is_prod":false,"is_daily":false,"chose_seed":false,"campfire_upgraded":10,"win_rate":0,"timestamp":1549371613,"path_taken":["M","M","?","?","?","R","M","?","T","E","R","?","R","E","R","BOSS","M","$","M","$","M","R","M","R","T","R","E","M","?","?","R","BOSS","M","$","?","?","M","R","E","M","T","?","?","M","R","M","R","BOSS"],"build_version":"2019-01-23","purchased_purges":4,"victory":false,"max_hp_per_floor":[80,80,80,80,80,80,80,80,80,80,80,80,80,80,80,80,80,80,80,80,80,80,80,80,80,80,80,80,80,80,80,80,80,80,80,80,80,80,80,80,80,80,80,80,80,80,80,80,80,80],"card_choices":[{"not_picked":["Sword Boomerang","Clash"],"picked":"Shockwave","floor":1.0},{"not_picked":["Whirlwind","True Grit"],"picked":"Metallicize","floor":2.0},{"not_picked":["True Grit","Body Slam"],"picked":"Intimidate","floor":4.0},{"not_picked":["Dual Wield","Clothesline","Flex"],"picked":"SKIP","floor":7.0},{"not_picked":["Corruption","Rage","Twin Strike"],"picked":"SKIP","floor":10.0},{"not_picked":["Anger","Warcry"],"picked":"Clash","floor":14.0},{"not_picked":["Barricade","Impervious"],"picked":"Immolate","floor":16},{"not_picked":["True Grit","Shockwave"],"picked":"Body Slam+1","floor":18},{"not_picked":["Corruption","Ghostly Armor"],"picked":"Headbutt","floor":20},{"not_picked":["Clothesline","Dual Wield"],"picked":"Whirlwind+1","floor":22},{"not_picked":["Combust","Clash","Burning Pact"],"picked":"SKIP","floor":24},{"not_picked":["Demon Form","Havoc"],"picked":"Shrug It Off+1","floor":28},{"not_picked":["Ghostly Armor","Body Slam","Flame Barrier"],"picked":"SKIP","floor":29},{"not_picked":["Headbutt","Flex","Dropkick"],"picked":"SKIP","floor":31},{"not_picked":["True Grit"],"picked":"SKIP","floor":35},{"not_picked":["Cleave+1"],"picked":"SKIP","floor":39},{"not_picked":["Impervious"],"picked":"SKIP","floor":41},{"not_picked":["Inflame"],"picked":"SKIP","floor":42},{"not_picked":[],"picked":"Inflame","floor":42},{"not_picked":["Twin Strike+1"],"picked":"SKIP","floor":44},{"not_picked":["Thunderclap+1"],"picked":"SKIP","floor":46},{"not_picked":["Twin Strike+1"],"picked":"SKIP","floor":48}],"player_experience":360374,"relics_obtained":[{"floor":9.0,"key":"Anchor"},{"floor":10.0,"key":"Smiling Mask"},{"floor":14.0,"key":"Ancient Tea Set"},{"floor":26,"key":"Lantern"},{"floor":28,"key":"Whetstone"},{"floor":41,"key":"Bottled Lightning"},{"floor":43,"key":"Shuriken"}],"event_choices":[{"damage_healed":0.0,"max_hp_gain":0.0,"max_hp_loss":0.0,"gold_gain":0.0,"event_name":"Lab","player_choice":"Got Potions","floor":3.0,"gold_loss":0.0,"damage_taken":0.0},{"cards_removed":["Strike_R"],"damage_healed":0.0,"max_hp_gain":0.0,"max_hp_loss":0.0,"gold_gain":0.0,"event_name":"Living Wall","player_choice":"Forget","floor":8.0,"gold_loss":0.0,"damage_taken":0.0},{"cards_removed":["Defend_R"],"damage_healed":0.0,"max_hp_gain":0.0,"max_hp_loss":0.0,"gold_gain":0.0,"event_name":"The Cleric","player_choice":"Card Removal","floor":12.0,"gold_loss":50.0,"damage_taken":0.0},{"damage_healed":0,"gold_gain":100,"player_choice":"Pray","damage_taken":0,"max_hp_gain":0,"max_hp_loss":0,"event_name":"Golden Shrine","floor":30,"gold_loss":0},{"damage_healed":0,"gold_gain":0,"player_choice":"Memory 2","damage_taken":5,"max_hp_gain":0,"max_hp_loss":0,"event_name":"SensoryStone","floor":37,"gold_loss":0},{"cards_removed":["Defend_R"],"damage_healed":0,"gold_gain":0,"player_choice":"Purged","damage_taken":0,"max_hp_gain":0,"max_hp_loss":0,"event_name":"Purifier","floor":38,"gold_loss":0},{"damage_healed":0,"gold_gain":0,"cards_transformed":["Strike_R"],"player_choice":"Transformed","damage_taken":0,"max_hp_gain":0,"max_hp_loss":0,"event_name":"Transmorgrifier","floor":45,"gold_loss":0,"cards_obtained":["Armaments"]}],"is_beta":false,"boss_relics":[{"not_picked":["White Beast Statue","Runic Cube"],"picked":"Sozu"},{"not_picked":["Mark of Pain","Velvet Choker"],"picked":"Busted Crown"}],"items_purged_floors":[5,19,21,36],"is_endless":false,"potions_floor_spawned":[4,7,10,16,18,24,29,31,42,44,46],"killed_by":"Donu and Deca","ascension_level":6}