{"gold_per_floor":[11,11,24,39,49,80,80,110,134,146,216,263,275,287,299,415,427,449,461,388,400,422,465,494,506,518,553,366,398,222,254,254,355,355,370,370,380,182,182,217,167,194,194,144,162,175,175,175,175,175],"floor_reached":51,"playtime":2655,"items_purged":["Strike_R","Strike_R","Normality","Strike_R+1","Strike_R+1"],"score":1259,"play_id":"46dcda7a-0b82-4296-b930-62f6544e2d10","local_time":"20190202215027","is_ascension_mode":true,"campfire_choices":[{"data":"Offering","floor":7,"key":"SMITH"},{"floor":15,"key":"REST"},{"floor":25,"key":"REST"},{"data":"Immolate","floor":32,"key":"SMITH"},{"floor":49,"key":"REST"}],"neow_cost":"NO_GOLD","seed_source_timestamp":292514830051400,"circlet_count":0,"master_deck":["Defend_R+1","Defend_R+1","Defend_R+1","Defend_R+1","Bash+1","Immolate+1","Battle Trance+1","Carnage+1","Iron Wave+1","Offering+1","Twin Strike+1","Heavy Blade+1","Seeing Red+1","Double Tap+1","Necronomicurse","Impervious+1","Inflame+1","Clothesline+1","Shrug It Off+1","Uppercut+1","Inflame+1","Demon Form+1","Shrug It Off+1","Intimidate+1","Parasite","Pummel+1","Madness","Madness","Shockwave"],"relics":["Burning Blood","Bottled Flame","Smiling Mask","MawBank","Vajra","Regal Pillow","Mark of Pain","Necronomicon","Omamori","Bag of Marbles","Dream Catcher","Art of War","PreservedInsect","Red Mask","Potion Belt","Calling Bell","Juzu Bracelet","Meat on the Bone","Charon\u0027s Ashes","Lantern","Mark of the Bloom","Self Forming Clay","Blood Vial","Bottled Lightning","Bottled Tornado"],"potions_floor_usage":[12,16,33,50,50,50,50,50],"damage_taken":[{"damage":6,"enemies":"Small Slimes","floor":1,"turns":3},{"damage":1,"enemies":"Cultist","floor":3,"turns":3},{"damage":7,"enemies":"Jaw Worm","floor":4,"turns":3},{"damage":6,"enemies":"Looter","floor":5,"turns":2},{"damage":15,"enemies":"Gremlin Nob","floor":6,"turns":4},{"damage":21,"enemies":"3 Sentries","floor":8,"turns":4},{"damage":27,"enemies":"3 Sentries","floor":11,"turns":6},{"damage":16,"enemies":"Gremlin Nob","floor":12,"turns":3},{"damage":55,"enemies":"Hexaghost","floor":16,"turns":9},{"damage":18,"enemies":"Shell Parasite","floor":18,"turns":4},{"damage":0,"enemies":"3 Byrds","floor":22,"turns":1},{"damage":17,"enemies":"Slavers","floor":23,"turns":3},{"damage":0,"enemies":"Sentry and Sphere","floor":24,"turns":1},{"damage":0,"enemies":"Masked Bandits","floor":29,"turns":1},{"damage":0,"enemies":"Gremlin Leader","floor":31,"turns":2},{"damage":18,"enemies":"Automaton","floor":33,"turns":6},{"damage":0,"enemies":"3 Darklings","floor":35,"turns":1},{"damage":8,"enemies":"3 Shapes","floor":37,"turns":1},{"damage":0,"enemies":"Reptomancer","floor":40,"turns":2},{"damage":5,"enemies":"Giant Head","floor":42,"turns":4},{"damage":6,"enemies":"Writhing Mass","floor":45,"turns":4},{"damage":0,"enemies":"3 Darklings","floor":46,"turns":1},{"damage":27,"enemies":"Awakened One","floor":50,"turns":6}],"seed_played":"-7092028875871527311","potions_obtained":[{"floor":1,"key":"Fire Potion"},{"floor":6,"key":"Strength Potion"},{"floor":8,"key":"Strength Potion"},{"floor":11,"key":"Energy Potion"},{"floor":18,"key":"Dexterity Potion"},{"floor":22,"key":"SneckoOil"},{"floor":40,"key":"BloodPotion"},{"floor":42,"key":"Dexterity Potion"},{"floor":45,"key":"LiquidBronze"}],"is_trial":false,"path_per_floor":["M","?","M","M","M","E","R","E","T","?","?","E","?","$","R","B",null,"M","?","?","$","M","E","M","R","T","T","$","?","$","E","R","B",null,"M","?","M","$","?","E","$","E","T","$","M","M","?","T","R","B",null],"character_chosen":"IRONCLAD","items_purchased":["PreservedInsect","Shrug It Off","Uppercut","Lantern"],"campfire_rested":3,"item_purchase_floors":[28,30,30,38],"current_hp_per_floor":[72,72,77,76,76,67,67,52,52,52,31,21,21,21,60,11,63,51,35,35,35,41,30,36,75,75,75,75,80,80,80,80,68,77,80,80,78,78,78,78,78,73,73,73,67,67,57,57,57,30],"gold":175,"neow_bonus":"THREE_RARE_CARDS","is_prod":false,"is_daily":false,"chose_seed":false,"campfire_upgraded":2,"win_rate":0,"timestamp":1549115427,"path_taken":["M","?","M","?","M","E","R","E","T","?","?","E","?","$","R","BOSS","M","?","?","?","M","E","?","R","T","?","$","?","$","E","R","BOSS","M","?","M","$","?","E","?","E","T","?","M","M","?","?","R","BOSS"],"build_version":"2019-01-23","purchased_purges":5,"victory":true,"max_hp_per_floor":[80,80,80,80,80,80,80,80,80,80,80,80,80,80,80,80,80,80,80,80,80,80,80,80,80,80,80,80,80,80,80,80,80,80,80,80,80,80,80,80,80,80,80,80,80,80,80,80,80,80],"card_choices":[{"not_picked":["Offering","Brutality"],"picked":"Immolate","floor":0},{"not_picked":["Pommel Strike","Warcry"],"picked":"Battle Trance","floor":1},{"not_picked":["Clash","Corruption"],"picked":"Carnage","floor":3},{"not_picked":["Whirlwind","Reckless Charge"],"picked":"Iron Wave","floor":4},{"not_picked":["Clash","True Grit"],"picked":"Spot Weakness","floor":5},{"not_picked":["Havoc","Second Wind"],"picked":"Offering","floor":6},{"not_picked":["Rage","Offering"],"picked":"Twin Strike","floor":8},{"not_picked":["Sword Boomerang","Twin Strike"],"picked":"Heavy Blade","floor":11},{"not_picked":["Clash","Infernal Blade"],"picked":"Seeing Red","floor":12},{"not_picked":["Exhume","Dark Embrace"],"picked":"Double Tap","floor":16},{"not_picked":["Warcry+1","Spot Weakness","Evolve"],"picked":"SKIP","floor":18},{"not_picked":["Twin Strike+1","Cleave","Searing Blow"],"picked":"SKIP","floor":22},{"not_picked":["Entrench","Thunderclap"],"picked":"Impervious","floor":23},{"not_picked":["Heavy Blade+1","Flex"],"picked":"Inflame","floor":24},{"not_picked":["Pommel Strike","Headbutt+1"],"picked":"Clothesline","floor":29},{"not_picked":["Whirlwind","Thunderclap"],"picked":"Inflame","floor":31},{"not_picked":["Fiend Fire","Dark Embrace"],"picked":"Demon Form","floor":33},{"not_picked":["Rupture","Burning Pact+1","Twin Strike"],"picked":"SKIP","floor":35},{"not_picked":["Flex+1","Havoc"],"picked":"Shrug It Off+1","floor":37},{"not_picked":["Sever Soul","Sword Boomerang"],"picked":"Intimidate+1","floor":40},{"not_picked":["Second Wind+1","Body Slam","Flex+1"],"picked":"SKIP","floor":42},{"not_picked":["Wild Strike+1","Searing Blow+1"],"picked":"Pummel+1","floor":45},{"not_picked":["Spot Weakness+1","Dual Wield","Pommel Strike+1"],"picked":"SKIP","floor":46},{"not_picked":["Perfected Strike","Heavy Blade+1"],"picked":"Shockwave","floor":49}],"player_experience":265884,"relics_obtained":[{"floor":6,"key":"Bottled Flame"},{"floor":8,"key":"Smiling Mask"},{"floor":9,"key":"MawBank"},{"floor":11,"key":"Vajra"},{"floor":12,"key":"Regal Pillow"},{"floor":19,"key":"Necronomicon"},{"floor":23,"key":"Bag of Marbles"},{"floor":26,"key":"Dream Catcher"},{"floor":27,"key":"Art of War"},{"floor":29,"key":"Red Mask"},{"floor":31,"key":"Potion Belt"},{"floor":34,"key":"Juzu Bracelet"},{"floor":34,"key":"Meat on the Bone"},{"floor":34,"key":"Charon\u0027s Ashes"},{"floor":40,"key":"Self Forming Clay"},{"floor":42,"key":"Blood Vial"},{"floor":43,"key":"Bottled Lightning"},{"floor":48,"key":"Bottled Tornado"}],"event_choices":[{"cards_removed":["Strike_R"],"damage_healed":0,"gold_gain":0,"player_choice":"Card Removal","damage_taken":0,"max_hp_gain":0,"max_hp_loss":0,"event_name":"Wheel of Change","floor":2,"gold_loss":0},{"damage_healed":0,"gold_gain":0,"player_choice":"Ignored","damage_taken":0,"max_hp_gain":0,"max_hp_loss":0,"event_name":"Liars Game","floor":10,"gold_loss":0},{"damage_healed":0,"gold_gain":0,"player_choice":"Searched \u00271\u0027 times","damage_taken":0,"max_hp_gain":0,"max_hp_loss":0,"event_name":"Dead Adventurer","floor":11,"gold_loss":0},{"damage_healed":0,"gold_gain":0,"player_choice":"Grow","damage_taken":0,"max_hp_gain":0,"max_hp_loss":0,"event_name":"Living Wall","floor":13,"gold_loss":0,"cards_upgraded":["Seeing Red"]},{"damage_healed":0,"gold_gain":0,"player_choice":"Obtained Book","damage_taken":16,"max_hp_gain":0,"max_hp_loss":0,"event_name":"Cursed Tome","floor":19,"gold_loss":0},{"damage_healed":0,"gold_gain":0,"player_choice":"Obtained Relic","damage_taken":0,"relics_obtained":["Omamori"],"max_hp_gain":0,"max_hp_loss":0,"event_name":"Addict","floor":20,"gold_loss":85},{"damage_healed":0,"gold_gain":0,"player_choice":"Fought Bandits","damage_taken":0,"max_hp_gain":0,"max_hp_loss":0,"event_name":"Masked Bandits","floor":29,"gold_loss":0},{"cards_removed":["Spot Weakness"],"damage_healed":0,"gold_gain":0,"player_choice":"Removed Skill","damage_taken":0,"max_hp_gain":0,"max_hp_loss":0,"event_name":"Falling","floor":36,"gold_loss":0},{"damage_healed":0,"gold_gain":0,"player_choice":"Upgrade","damage_taken":0,"relics_obtained":["Mark of the Bloom"],"max_hp_gain":0,"max_hp_loss":0,"event_name":"MindBloom","floor":39,"gold_loss":0,"cards_upgraded":["Strike_R","Strike_R","Defend_R","Defend_R","Defend_R","Defend_R","Bash","Battle Trance","Carnage","Iron Wave","Twin Strike","Heavy Blade","Double Tap","Impervious","Inflame","Clothesline","Shrug It Off","Uppercut","Inflame","Demon Form"]},{"damage_healed":0,"gold_gain":0,"player_choice":"Embrace Madness","damage_taken":10,"max_hp_gain":0,"max_hp_loss":0,"event_name":"Winding Halls","floor":47,"gold_loss":0,"cards_obtained":["Madness","Madness"]}],"is_beta":false,"boss_relics":[{"not_picked":["Lizard Tail","Philosopher\u0027s Stone"],"picked":"Mark of Pain"},{"not_picked":["Tiny House","Snecko Eye"],"picked":"Calling Bell"}],"items_purged_floors":[28,30,38,41,44],"is_endless":false,"potions_floor_spawned":[1,6,8,11,18,22,23,24,40,42,45],"ascension_level":9}