{"gold_per_floor":[116,116,130,141,157,185,185,211,256,286,315,350,366,366,366,467,467,486,501,530,530,629,629],"floor_reached":23,"playtime":1440,"items_purged":[],"score":318,"play_id":"d6c7139f-8bee-4de7-beb1-4b0681b45d59","local_time":"20190130134219","is_ascension_mode":true,"campfire_choices":[{"floor":7,"key":"REST"},{"floor":15,"key":"REST"}],"neow_cost":"NONE","seed_source_timestamp":1617187221481292,"circlet_count":0,"master_deck":["Strike_B","Strike_B","Strike_B","Defend_B","Defend_B","Defend_B","Defend_B","Zap+1","Dualcast","Coolheaded","Genetic Algorithm","Rebound","Glacier","Cold Snap","Electrodynamics","Creative AI","Rebound","FTL","Fission","Gash","Coolheaded+1","Sweeping Beam"],"relics":["Cracked Core","Smiling Mask","Cables","Bronze Scales","Orichalcum","Odd Mushroom","Turnip","Nuclear Battery","Red Mask"],"potions_floor_usage":[6,10,11],"damage_taken":[{"damage":4,"enemies":"Jaw Worm","floor":1,"turns":3},{"damage":2,"enemies":"Small Slimes","floor":3,"turns":3},{"damage":1,"enemies":"2 Louse","floor":4,"turns":3},{"damage":6,"enemies":"2 Fungi Beasts","floor":5,"turns":3},{"damage":20,"enemies":"3 Sentries","floor":6,"turns":10},{"damage":24,"enemies":"Lagavulin","floor":8,"turns":9},{"damage":21,"enemies":"3 Sentries","floor":10,"turns":3},{"damage":0,"enemies":"The Mushroom Lair","floor":11,"turns":3},{"damage":17,"enemies":"Gremlin Nob","floor":12,"turns":4},{"damage":4,"enemies":"Red Slaver","floor":13,"turns":3},{"damage":19,"enemies":"Hexaghost","floor":16,"turns":9},{"damage":3,"enemies":"Chosen","floor":18,"turns":6},{"damage":9,"enemies":"Spheric Guardian","floor":19,"turns":4},{"damage":24,"enemies":"Masked Bandits","floor":20,"turns":4},{"damage":40,"enemies":"Book of Stabbing","floor":23,"turns":6}],"seed_played":"8728995837251168556","potions_obtained":[{"floor":1,"key":"FairyPotion"},{"floor":4,"key":"Regen Potion"},{"floor":6,"key":"PowerPotion"},{"floor":10,"key":"PowerPotion"}],"is_trial":false,"path_per_floor":["M","?","M","M","M","E","R","E","T","E","?","E","M","?","R","B",null,"M","M","?","?","?","E"],"character_chosen":"DEFECT","items_purchased":[],"campfire_rested":2,"item_purchase_floors":[],"current_hp_per_floor":[64,64,62,61,55,50,72,48,48,27,27,10,6,6,28,9,59,56,47,23,23,23,0],"gold":629,"neow_bonus":"UPGRADE_CARD","is_prod":false,"is_daily":false,"chose_seed":false,"campfire_upgraded":0,"win_rate":0,"timestamp":1548834139,"path_taken":["M","?","M","M","M","E","R","E","T","E","?","E","M","?","R","BOSS","M","M","?","?","?","E"],"build_version":"2019-01-23","purchased_purges":0,"victory":false,"max_hp_per_floor":[75,75,75,75,75,75,75,75,75,75,75,75,75,75,75,75,75,75,75,75,75,75,75],"card_choices":[{"not_picked":["Reprogram","Compile Driver"],"picked":"Coolheaded","floor":1},{"not_picked":["Stack","Ball Lightning"],"picked":"Genetic Algorithm","floor":3},{"not_picked":["Force Field","Redo"],"picked":"Rebound","floor":4},{"not_picked":["Leap","Ball Lightning"],"picked":"Glacier","floor":5},{"not_picked":["Go for the Eyes","Sunder"],"picked":"Cold Snap","floor":6},{"not_picked":["Darkness","Leap"],"picked":"Electrodynamics","floor":8},{"not_picked":["Redo","Coolheaded"],"picked":"Creative AI","floor":10},{"not_picked":["Coolheaded","Streamline"],"picked":"Rebound","floor":11},{"not_picked":["Barrage","Steam"],"picked":"FTL","floor":12},{"not_picked":["Stack","Darkness","Streamline"],"picked":"SKIP","floor":13},{"not_picked":["Buffer","Thunder Strike"],"picked":"Fission","floor":16},{"not_picked":["Rebound","Blizzard"],"picked":"Gash","floor":18},{"not_picked":["Turbo","Redo"],"picked":"Coolheaded+1","floor":19},{"not_picked":["Hologram","Beam Cell"],"picked":"Sweeping Beam","floor":20}],"player_experience":693999,"relics_obtained":[{"floor":6,"key":"Smiling Mask"},{"floor":8,"key":"Cables"},{"floor":9,"key":"Bronze Scales"},{"floor":10,"key":"Orichalcum"},{"floor":11,"key":"Odd Mushroom"},{"floor":12,"key":"Turnip"},{"floor":20,"key":"Red Mask"}],"event_choices":[{"cards_removed":["Strike_B"],"damage_healed":0,"gold_gain":0,"player_choice":"Forget","damage_taken":0,"max_hp_gain":0,"max_hp_loss":0,"event_name":"Living Wall","floor":2,"gold_loss":0},{"damage_healed":0,"gold_gain":0,"player_choice":"Fought Mushrooms","damage_taken":0,"max_hp_gain":0,"max_hp_loss":0,"event_name":"Mushrooms","floor":11,"gold_loss":0},{"damage_healed":0,"gold_gain":0,"player_choice":"Searched \u00270\u0027 times","damage_taken":0,"max_hp_gain":0,"max_hp_loss":0,"event_name":"Dead Adventurer","floor":14,"gold_loss":0},{"damage_healed":0,"gold_gain":0,"player_choice":"Fought Bandits","damage_taken":0,"max_hp_gain":0,"max_hp_loss":0,"event_name":"Masked Bandits","floor":20,"gold_loss":0},{"damage_healed":0,"gold_gain":0,"player_choice":"Ignored","damage_taken":0,"max_hp_gain":0,"max_hp_loss":0,"event_name":"Vampires","floor":21,"gold_loss":0},{"damage_healed":0,"gold_gain":99,"player_choice":"Stole From Cult","damage_taken":0,"max_hp_gain":0,"max_hp_loss":0,"event_name":"Nest","floor":22,"gold_loss":0}],"is_beta":false,"boss_relics":[{"not_picked":["Coffee Dripper","Eternal Feather"],"picked":"Nuclear Battery"}],"items_purged_floors":[],"is_endless":false,"potions_floor_spawned":[1,4,6,10],"killed_by":"Book of Stabbing","ascension_level":9}