{"path_per_floor":["M","$","M","M","?","E","M","E","T","?","M","M","R","M","R","B",null,"M","M","$","?","?","R"],"character_chosen":"IRONCLAD","items_purchased":["Bandage Up","Infernal Blade","Sword Boomerang","Toxic Egg 2"],"gold_per_floor":[216,26,46,58,8,33,52,86,86,86,107,131,131,156,156,286,286,300,278,38,38,38,38,38],"floor_reached":24,"campfire_rested":1,"playtime":1791,"current_hp_per_floor":[80,80,76,75,75,71,80,66,66,46,46,57,57,65,65,46,80,62,51,51,51,36,61,0],"items_purged":[],"gold":38,"score":208,"play_id":"69aba924-bb4b-4550-9185-5ae9a7f758a9","local_time":"20180506205600","is_prod":false,"is_daily":false,"chose_seed":false,"is_ascension_mode":false,"campfire_upgraded":2,"timestamp":1525632960,"path_taken":["M","$","M","M","?","E","M","E","T","?","M","M","R","M","R","BOSS","M","M","$","?","?","R","E"],"build_version":"2018-05-03","seed_source_timestamp":2615060489021,"purchased_purges":0,"victory":false,"master_deck":["Strike_R","Strike_R","Strike_R","Strike_R","Strike_R","Defend_R","Defend_R+1","Defend_R","Bash","Feel No Pain+1","Bandage Up+1","Infernal Blade","Sword Boomerang","Sever Soul","Pommel Strike","Fire Breathing+1","Thunderclap","Reaper","Warcry","Warcry","Disarm","Feed","Infernal Blade+1","Anger+1"],"max_hp_per_floor":[80,80,80,80,80,80,80,80,80,80,80,80,80,80,80,80,80,80,80,80,80,85,85,88],"relics":["Burning Blood","War Paint","Ancient Tea Set","Blood Vial","Golden Idol","Runic Pyramid","Toxic Egg 2"],"card_choices":[{"not_picked":["Sword Boomerang","Uppercut"],"picked":"Feel No Pain","floor":1},{"not_picked":["Feel No Pain","Heavy Blade"],"picked":"Sever Soul","floor":3},{"not_picked":["Body Slam","Corruption"],"picked":"Pommel Strike","floor":4},{"not_picked":["Headbutt","Dual Wield"],"picked":"Fire Breathing","floor":6},{"not_picked":["Body Slam","Second Wind"],"picked":"Thunderclap","floor":7},{"not_picked":["Pommel Strike","Blood for Blood"],"picked":"Reaper","floor":8},{"not_picked":["Searing Blow","Rampage"],"picked":"Warcry","floor":11},{"not_picked":["Clothesline","Thunderclap"],"picked":"Warcry","floor":12},{"not_picked":["True Grit","Dual Wield"],"picked":"Disarm","floor":14},{"not_picked":["Bludgeon","Berserk"],"picked":"Feed","floor":16},{"not_picked":["Clash","Pommel Strike"],"picked":"Infernal Blade","floor":18},{"not_picked":["Pommel Strike","Reckless Charge"],"picked":"Anger","floor":19}],"player_experience":65675,"potions_floor_usage":[6,6,16,16,16,24,24],"damage_taken":[{"damage":5,"enemies":"Jaw Worm","floor":1,"turns":5},{"damage":10,"enemies":"Small Slimes","floor":3,"turns":4},{"damage":7,"enemies":"2 Louse","floor":4,"turns":2},{"damage":14,"enemies":"Gremlin Nob","floor":6,"turns":3},{"damage":0,"enemies":"2 Fungi Beasts","floor":7,"turns":3},{"damage":26,"enemies":"3 Sentries","floor":8,"turns":8},{"damage":14,"enemies":"Gremlin Gang","floor":11,"turns":4},{"damage":9,"enemies":"Looter","floor":12,"turns":3},{"damage":0,"enemies":"Blue Slaver","floor":14,"turns":2},{"damage":33,"enemies":"Hexaghost","floor":16,"turns":9},{"damage":32,"enemies":"3 Byrds","floor":18,"turns":7},{"damage":33,"enemies":"2 Thieves","floor":19,"turns":5},{"damage":90,"enemies":"Slavers","floor":24,"turns":5}],"event_choices":[{"event_name":"The Cleric","player_choice":"Card Removal","floor":5,"damage_taken":0},{"event_name":"Golden Idol","player_choice":"Take Damage","floor":10,"damage_taken":0},{"event_name":"Ghosts","player_choice":"Ignored","floor":21,"damage_taken":0},{"event_name":"Forgotten Altar","player_choice":"Shed Blood","floor":22,"damage_taken":0}],"boss_relics":[{"not_picked":["Snecko Eye","Astrolabe"],"picked":"Runic Pyramid"}],"potions_floor_spawned":[3,4,6,11,12,16,19],"seed_played":"-1652082768999555931","killed_by":"Slavers","ascension_level":0,"is_trial":false}