{"gold_per_floor":[363,381,399,399,415,447,244,255,282,282,315,347,390,402,414,523,535,559,571,594,606,618,630,642,654,734,746,770,346,365,382,382,485,485,505,515,530,549,2,37,57,57,82,82,108,121,121,147,147,147],"floor_reached":51,"playtime":6487,"items_purged":["Strike_R","Anger","Clash"],"score":796,"play_id":"f79276d6-1de4-4ba5-a8f5-391ebdd4e1e0","local_time":"20190126231358","is_ascension_mode":true,"campfire_choices":[{"data":"Armaments","floor":10.0,"key":"SMITH"},{"data":"Shrug It Off","floor":15.0,"key":"SMITH"},{"data":"Warcry","floor":23.0,"key":"SMITH"},{"data":"Barricade","floor":25.0,"key":"SMITH"},{"data":"RitualDagger","floor":27.0,"key":"SMITH"},{"data":"Magnetism","floor":32.0,"key":"SMITH"},{"floor":42.0,"key":"REST"},{"data":"Armaments","floor":44.0,"key":"SMITH"},{"floor":47.0,"key":"DIG"},{"floor":49,"key":"REST"}],"neow_cost":"TEN_PERCENT_HP_LOSS","seed_source_timestamp":0,"circlet_count":0,"master_deck":["Defend_R+1","Defend_R","Defend_R","Defend_R+1","Bash","True Grit","Armaments+1","Clothesline","Carnage","Inflame","Shrug It Off+1","Seeing Red","Warcry+1","Body Slam","Barricade+1","Body Slam","RitualDagger+1","Metallicize+1","Bludgeon","Shrug It Off","Double Tap","Magnetism+1","Dual Wield+1","Entrench","Offering","Armaments+1","Spot Weakness+1","Ghostly Armor","Warcry+1","Feel No Pain","Shockwave","Impervious"],"special_seed":0,"relics":["Burning Blood","Pantograph","Pen Nib","MawBank","War Paint","Mark of Pain","Shuriken","Paper Frog","Sozu","ClockworkSouvenir","Vajra","Shovel","Regal Pillow","Gambling Chip","Boot","Frozen Egg 2"],"potions_floor_usage":[50],"damage_taken":[{"damage":5.0,"enemies":"Jaw Worm","floor":1.0,"turns":4.0},{"damage":0.0,"enemies":"2 Louse","floor":2.0,"turns":3.0},{"damage":0.0,"enemies":"Cultist","floor":3.0,"turns":2.0},{"damage":9.0,"enemies":"2 Fungi Beasts","floor":5.0,"turns":3.0},{"damage":28.0,"enemies":"3 Sentries","floor":6.0,"turns":9.0},{"damage":0.0,"enemies":"3 Louse","floor":8.0,"turns":5.0},{"damage":27.0,"enemies":"Gremlin Nob","floor":11.0,"turns":5.0},{"damage":0.0,"enemies":"Blue Slaver","floor":12.0,"turns":2.0},{"damage":19.0,"enemies":"3 Sentries","floor":13.0,"turns":8.0},{"damage":15.0,"enemies":"The Guardian","floor":16.0,"turns":10.0},{"damage":15.0,"enemies":"Spheric Guardian","floor":18.0,"turns":6.0},{"damage":11.0,"enemies":"3 Byrds","floor":20.0,"turns":6.0},{"damage":1.0,"enemies":"Centurion and Healer","floor":28.0,"turns":7.0},{"damage":3.0,"enemies":"Snake Plant","floor":30.0,"turns":2.0},{"damage":11.0,"enemies":"Snecko","floor":31.0,"turns":4.0},{"damage":19.0,"enemies":"Collector","floor":33.0,"turns":3.0},{"damage":8.0,"enemies":"3 Darklings","floor":35.0,"turns":9.0},{"damage":0.0,"enemies":"Orb Walker","floor":36.0,"turns":2.0},{"damage":23.0,"enemies":"Maw","floor":37.0,"turns":5.0},{"damage":19.0,"enemies":"Jaw Worm Horde","floor":38.0,"turns":5.0},{"damage":45.0,"enemies":"Nemesis","floor":40.0,"turns":5.0},{"damage":5.0,"enemies":"4 Shapes","floor":41.0,"turns":6.0},{"damage":12.0,"enemies":"Giant Head","floor":45.0,"turns":7.0},{"damage":6.0,"enemies":"Maw","floor":46.0,"turns":2.0},{"damage":15,"enemies":"Reptomancer","floor":48,"turns":6},{"damage":14,"enemies":"Time Eater","floor":50,"turns":7}],"seed_played":"3083043247147776855","potions_obtained":[{"floor":2.0,"key":"Energy Potion"},{"floor":5.0,"key":"SteroidPotion"},{"floor":11.0,"key":"Regen Potion"},{"floor":13.0,"key":"Block Potion"},{"floor":16.0,"key":"SkillPotion"},{"floor":20.0,"key":"FearPotion"},{"floor":28.0,"key":"PowerPotion"},{"floor":33.0,"key":"BloodPotion"}],"is_trial":false,"path_per_floor":["M","M","M","?","M","E","$","M","T","R","E","M","E","$","R","B",null,"M","?","M","?","?","R","T","R","T","R","M","$","M","M","R","B",null,"M","M","M","M","$","E","M","R","T","R","E","M","R","E","R","B",null],"character_chosen":"IRONCLAD","items_purchased":["Inflame","Shrug It Off","Double Tap","Magnetism","ClockworkSouvenir","Feel No Pain","Vajra"],"campfire_rested":2,"item_purchase_floors":[7,7,29,29,39,39,39],"current_hp_per_floor":[72,72,72,65,62,40,40,46,46,46,25,31,33,33,33,49,72,63,57,52,52,52,52,52,52,52,52,57,57,60,55,55,59,72,70,72,55,42,42,10,11,32,32,32,26,26,26,17,53,64],"gold":147,"neow_bonus":"TWO_FIFTY_GOLD","is_prod":false,"is_daily":false,"chose_seed":false,"campfire_upgraded":7,"win_rate":1,"timestamp":1548540838,"path_taken":["M","M","M","?","M","E","$","M","T","R","E","M","E","$","R","BOSS","M","?","M","?","?","R","?","R","T","R","M","$","M","M","R","BOSS","M","M","M","M","$","E","M","R","T","R","E","M","R","E","R","BOSS"],"build_version":"2019-01-23","purchased_purges":3,"victory":true,"max_hp_per_floor":[72,72,72,72,72,72,72,72,72,72,72,72,72,72,72,72,72,72,72,72,72,72,72,72,72,72,72,72,72,72,72,72,72,72,72,72,72,72,72,72,72,72,72,72,72,72,72,72,72,72],"card_choices":[{"not_picked":["Perfected Strike","Rage"],"picked":"Anger","floor":1.0},{"not_picked":["Anger","Clash"],"picked":"True Grit","floor":2.0},{"not_picked":["Clash","Body Slam"],"picked":"Armaments","floor":3.0},{"not_picked":["Searing Blow","Brutality"],"picked":"Clothesline","floor":5.0},{"not_picked":["Combust","Twin Strike"],"picked":"Carnage","floor":6.0},{"not_picked":["Intimidate","Dropkick"],"picked":"Seeing Red","floor":8.0},{"not_picked":["Intimidate","Clash"],"picked":"Warcry","floor":11.0},{"not_picked":["Warcry","Burning Pact","Iron Wave"],"picked":"SKIP","floor":12.0},{"not_picked":["Searing Blow","Dual Wield"],"picked":"Body Slam","floor":13.0},{"not_picked":["Dark Embrace","Reaper"],"picked":"Barricade","floor":16.0},{"not_picked":["Ghostly Armor","Combust"],"picked":"Body Slam","floor":18.0},{"not_picked":["Perfected Strike","Ghostly Armor"],"picked":"Metallicize+1","floor":20.0},{"not_picked":["Disarm","Intimidate+1"],"picked":"Shrug It Off","floor":28.0},{"not_picked":["Rage+1","Searing Blow"],"picked":"Dual Wield+1","floor":30.0},{"not_picked":["Twin Strike","Warcry+1"],"picked":"Entrench","floor":31.0},{"not_picked":["Brutality","Fiend Fire"],"picked":"Offering","floor":33.0},{"not_picked":["Reckless Charge","Rampage"],"picked":"Armaments","floor":35.0},{"not_picked":["Flex","Iron Wave+1"],"picked":"Spot Weakness+1","floor":36.0},{"not_picked":["True Grit","Warcry"],"picked":"Ghostly Armor","floor":37.0},{"not_picked":["Clothesline+1","Thunderclap+1"],"picked":"Warcry+1","floor":38.0},{"not_picked":["Rampage+1","Hemokinesis","Blood for Blood+1"],"picked":"SKIP","floor":40.0},{"not_picked":["Sever Soul+1","Clash+1"],"picked":"Shockwave","floor":41.0},{"not_picked":["Perfected Strike","Pommel Strike+1"],"picked":"Impervious","floor":45.0},{"not_picked":["Heavy Blade+1","Sword Boomerang","Uppercut+1"],"picked":"SKIP","floor":46.0},{"not_picked":["Clash+1","Bludgeon","Rampage"],"picked":"SKIP","floor":48}],"player_experience":12048,"relics_obtained":[{"floor":6.0,"key":"Pantograph"},{"floor":9.0,"key":"Pen Nib"},{"floor":11.0,"key":"MawBank"},{"floor":13.0,"key":"War Paint"},{"floor":24.0,"key":"Shuriken"},{"floor":26.0,"key":"Paper Frog"},{"floor":40.0,"key":"Shovel"},{"floor":43.0,"key":"Regal Pillow"},{"floor":45.0,"key":"Gambling Chip"},{"floor":47.0,"key":"Boot"},{"floor":48,"key":"Frozen Egg 2"}],"event_choices":[{"cards_removed":["Strike_R"],"damage_healed":0.0,"max_hp_gain":0.0,"max_hp_loss":0.0,"gold_gain":0.0,"event_name":"Golden Wing","player_choice":"Card Removal","floor":4.0,"gold_loss":0.0,"damage_taken":7.0},{"damage_healed":0.0,"max_hp_gain":0.0,"max_hp_loss":0.0,"gold_gain":0.0,"event_name":"Nest","player_choice":"Joined the Cult","floor":19.0,"gold_loss":0.0,"damage_taken":6.0,"cards_obtained":["RitualDagger"]},{"damage_healed":0.0,"max_hp_gain":0.0,"max_hp_loss":0.0,"gold_gain":0.0,"cards_transformed":["Strike_R","Strike_R"],"event_name":"Drug Dealer","player_choice":"Became Test Subject","floor":21.0,"gold_loss":0.0,"damage_taken":0.0,"cards_obtained":["Clash","Bludgeon"]},{"cards_removed":["Strike_R"],"damage_healed":0.0,"max_hp_gain":0.0,"max_hp_loss":0.0,"gold_gain":0.0,"event_name":"Back to Basics","player_choice":"Elegance","floor":22.0,"gold_loss":0.0,"damage_taken":0.0}],"is_beta":false,"boss_relics":[{"not_picked":["Lizard Tail","Astrolabe"],"picked":"Mark of Pain"},{"not_picked":["Empty Cage","Runic Cube"],"picked":"Sozu"}],"items_purged_floors":[7,29,39],"is_endless":false,"potions_floor_spawned":[2,5,11,13,16,20,28,30,33,35,38,45,46],"ascension_level":1}