{"gold_per_floor":[119,138,138,138,149,149,163,194,194,194,213,213,213,231,231,332,332,345,345,89,89,89,89,15,15,15,25,25,25,25,43,43,148,148,164,183,93,103,103,103,103,119,119,137,137,155,57,68,68,68],"floor_reached":51,"playtime":1912,"items_purged":[],"score":822,"play_id":"32750274-128f-43d7-ae98-7a7236813c6b","local_time":"20190203035446","is_ascension_mode":false,"campfire_choices":[{"data":"Neutralize","floor":6.0,"key":"SMITH"},{"data":"Footwork","floor":10.0,"key":"SMITH"},{"data":"Infinite Blades","floor":13.0,"key":"SMITH"},{"data":"Leg Sweep","floor":15.0,"key":"SMITH"},{"data":"After Image","floor":23.0,"key":"SMITH"},{"data":"Footwork","floor":25.0,"key":"SMITH"},{"floor":29.0,"key":"REST"},{"data":"Bouncing Flask","floor":30.0,"key":"SMITH"},{"data":"Noxious Fumes","floor":32.0,"key":"SMITH"},{"data":"Accuracy","floor":40,"key":"SMITH"},{"data":"Burst","floor":41,"key":"SMITH"},{"data":"Leg Sweep","floor":49,"key":"SMITH"}],"neow_cost":"TEN_PERCENT_HP_LOSS","seed_source_timestamp":10531322066251,"circlet_count":0,"master_deck":["Defend_G","Defend_G","Defend_G","Defend_G","Survivor","Neutralize+1","Infinite Blades+1","Corpse Explosion","Dagger Spray","Escape Plan","Footwork+1","Dodge and Roll","Leg Sweep+1","After Image+1","Flechettes+1","Cloak And Dagger+1","Slice+1","Bouncing Flask+1","Ghostly","Ghostly","Ghostly","Ghostly","Ghostly+1","Footwork+1","Noxious Fumes+1","Backflip","Deflect+1","Burst+1","PiercingWail+1","Infinite Blades+1","Catalyst","Infinite Blades","Terror","Backflip","Noxious Fumes+1","Accuracy+1","Bullet Time","Leg Sweep+1"],"special_seed":0,"relics":["Ring of the Snake","WingedGreaves","Ginger","Bronze Scales","Calipers","Astrolabe","Dodecahedron","Snake Skull","Regal Pillow","Orrery","Potion Belt"],"potions_floor_usage":[50,50,50,50],"damage_taken":[{"damage":0.0,"enemies":"Cultist","floor":1.0,"turns":5.0},{"damage":0.0,"enemies":"Jaw Worm","floor":2.0,"turns":6.0},{"damage":0.0,"enemies":"2 Louse","floor":5.0,"turns":3.0},{"damage":5.0,"enemies":"Lots of Slimes","floor":7.0,"turns":2.0},{"damage":22.0,"enemies":"Gremlin Nob","floor":8.0,"turns":5.0},{"damage":0.0,"enemies":"Looter","floor":11.0,"turns":4.0},{"damage":0.0,"enemies":"Large Slime","floor":14.0,"turns":6.0},{"damage":4.0,"enemies":"Hexaghost","floor":16.0,"turns":13.0},{"damage":10.0,"enemies":"2 Thieves","floor":18.0,"turns":3.0},{"damage":0.0,"enemies":"3 Byrds","floor":27.0,"turns":2.0},{"damage":0.0,"enemies":"Snecko","floor":31.0,"turns":8.0},{"damage":0.0,"enemies":"Automaton","floor":33.0,"turns":10.0},{"damage":0.0,"enemies":"3 Darklings","floor":35.0,"turns":5.0},{"damage":0.0,"enemies":"3 Shapes","floor":36.0,"turns":4.0},{"damage":0.0,"enemies":"Sphere and 2 Shapes","floor":38.0,"turns":6.0},{"damage":0,"enemies":"4 Shapes","floor":42,"turns":5},{"damage":0,"enemies":"3 Darklings","floor":44,"turns":5},{"damage":0,"enemies":"Maw","floor":46,"turns":7},{"damage":0,"enemies":"Transient","floor":48,"turns":5},{"damage":0,"enemies":"Donu and Deca","floor":50,"turns":9}],"seed_played":"2057820959572761095","potions_obtained":[{"floor":11.0,"key":"Swift Potion"},{"floor":16.0,"key":"Ancient Potion"},{"floor":31.0,"key":"SpeedPotion"},{"floor":33.0,"key":"Dexterity Potion"},{"floor":38.0,"key":"SpeedPotion"}],"is_trial":false,"path_per_floor":["M","M","?","T","M","R","M","E","T","R","M","?","R","M","R","B",null,"M","?","$","?","?","R","$","R","T","M","?","R","R","M","R","B",null,"M","M","?","M","?","R","R","M","T","M","?","M","$","M","R","B",null],"character_chosen":"THE_SILENT","items_purchased":["Dodecahedron","Noxious Fumes","Strength Potion","Block Potion"],"campfire_rested":1,"item_purchase_floors":[20,24,47,47],"current_hp_per_floor":[63,63,63,63,63,63,58,36,36,36,36,30,30,30,30,26,63,53,31,31,31,31,31,31,31,31,31,25,31,31,31,31,31,31,31,31,31,31,31,31,31,31,31,31,31,31,31,31,31,31],"gold":68,"neow_bonus":"ONE_RARE_RELIC","is_prod":false,"is_daily":false,"chose_seed":false,"campfire_upgraded":11,"win_rate":0,"timestamp":1549187686,"path_taken":["M","M","?","?","?","R","M","E","T","R","M","?","R","?","R","BOSS","M","?","$","?","?","R","$","R","T","M","?","R","R","?","R","BOSS","M","M","?","?","?","R","R","M","T","M","?","M","$","?","R","BOSS"],"build_version":"2019-01-23","purchased_purges":0,"victory":true,"max_hp_per_floor":[63,63,63,63,63,63,63,63,63,63,63,63,63,63,63,63,63,63,31,31,31,31,31,31,31,31,31,31,31,31,31,31,31,31,31,31,31,31,31,31,31,31,31,31,31,31,31,31,31,31],"card_choices":[{"not_picked":["Outmaneuver","Underhanded Strike","Slice"],"picked":"SKIP","floor":1.0},{"not_picked":["Flying Knee","Dagger Spray"],"picked":"Infinite Blades","floor":2.0},{"not_picked":["Distraction","Setup"],"picked":"Dagger Spray","floor":5.0},{"not_picked":["Sucker Punch","Poisoned Stab"],"picked":"Escape Plan","floor":7.0},{"not_picked":["Reflex","Predator"],"picked":"Footwork","floor":8.0},{"not_picked":["Masterful Stab","Dagger Throw"],"picked":"Dodge and Roll","floor":11.0},{"not_picked":["Backstab","Poisoned Stab"],"picked":"Leg Sweep","floor":14.0},{"not_picked":["Venomology","Bullet Time"],"picked":"After Image","floor":16.0},{"not_picked":["Flechettes","Blade Dance"],"picked":"Bouncing Flask","floor":18.0},{"not_picked":["Heel Hook","Bane+1"],"picked":"Backflip","floor":27.0},{"not_picked":["Dagger Spray","Dodge and Roll"],"picked":"Deflect+1","floor":31.0},{"not_picked":["Unload","Die Die Die"],"picked":"Burst","floor":33.0},{"not_picked":["Acrobatics","Poisoned Stab"],"picked":"PiercingWail+1","floor":34.0},{"not_picked":["Blade Dance","Slice"],"picked":"Infinite Blades+1","floor":34.0},{"not_picked":["Slice","Well Laid Plans"],"picked":"Catalyst","floor":34.0},{"not_picked":["PiercingWail+1","Choke"],"picked":"Infinite Blades","floor":34.0},{"not_picked":["Flying Knee","Underhanded Strike"],"picked":"Terror","floor":34.0},{"not_picked":["Endless Agony+1","Flying Knee+1"],"picked":"Backflip","floor":35.0},{"not_picked":["Acrobatics","Underhanded Strike+1"],"picked":"Noxious Fumes+1","floor":36.0},{"not_picked":["Deadly Poison+1","Concentrate+1"],"picked":"Accuracy","floor":38.0},{"not_picked":["Bane","Prepared+1","Calculated Gamble"],"picked":"SKIP","floor":42},{"not_picked":["Prepared","Skewer","Underhanded Strike"],"picked":"SKIP","floor":44},{"not_picked":["Sucker Punch+1","Flying Knee"],"picked":"Bullet Time","floor":46},{"not_picked":["Deflect+1","Dagger Spray"],"picked":"Leg Sweep","floor":48}],"player_experience":714689,"relics_obtained":[{"floor":4.0,"key":"Ginger"},{"floor":8.0,"key":"Bronze Scales"},{"floor":9.0,"key":"Calipers"},{"floor":26.0,"key":"Regal Pillow"},{"floor":43,"key":"Potion Belt"}],"event_choices":[{"damage_healed":0.0,"max_hp_gain":0.0,"max_hp_loss":0.0,"gold_gain":0.0,"cards_transformed":["Strike_G"],"event_name":"Living Wall","player_choice":"Change","floor":3.0,"gold_loss":0.0,"damage_taken":0.0,"cards_obtained":["Corpse Explosion"]},{"damage_healed":0.0,"max_hp_gain":0.0,"max_hp_loss":0.0,"gold_gain":0.0,"event_name":"Wheel of Change","player_choice":"Damaged","floor":12.0,"gold_loss":0.0,"damage_taken":6.0},{"damage_healed":0.0,"max_hp_gain":0.0,"max_hp_loss":32.0,"gold_gain":0.0,"event_name":"Ghosts","player_choice":"Became a Ghost","floor":19.0,"gold_loss":0.0,"damage_taken":0.0,"cards_obtained":["Ghostly","Ghostly","Ghostly","Ghostly","Ghostly"]},{"damage_healed":0.0,"max_hp_gain":0.0,"max_hp_loss":0.0,"gold_gain":0.0,"event_name":"The Mausoleum","player_choice":"Opened","floor":21.0,"gold_loss":0.0,"damage_taken":0.0,"relics_obtained":["Snake Skull"]},{"damage_healed":0.0,"max_hp_gain":0.0,"max_hp_loss":0.0,"gold_gain":0.0,"event_name":"The Library","player_choice":"Read","floor":22.0,"gold_loss":0.0,"damage_taken":0.0,"cards_obtained":["Footwork"]},{"damage_healed":0.0,"max_hp_gain":0.0,"max_hp_loss":0.0,"gold_gain":0.0,"event_name":"Knowing Skull","player_choice":"","floor":28.0,"potions_obtained":[],"gold_loss":0.0,"damage_taken":6.0,"cards_obtained":[]},{"cards_removed":["Strike_G"],"damage_healed":0.0,"max_hp_gain":0.0,"max_hp_loss":0.0,"gold_gain":0.0,"event_name":"Designer","player_choice":"Upgrade and Remove","floor":37.0,"gold_loss":90.0,"damage_taken":0.0,"cards_upgraded":["Ghostly"]},{"damage_healed":0,"gold_gain":0,"player_choice":"Ignored","damage_taken":0,"max_hp_gain":0,"max_hp_loss":0,"event_name":"Mysterious Sphere","floor":39,"gold_loss":0},{"cards_removed":["Strike_G"],"damage_healed":0,"gold_gain":0,"player_choice":"Card Removal","damage_taken":0,"max_hp_gain":0,"max_hp_loss":0,"event_name":"Wheel of Change","floor":45,"gold_loss":0}],"is_beta":false,"boss_relics":[{"not_picked":["Runic Pyramid","WristBlade"],"picked":"Astrolabe"},{"not_picked":["Coffee Dripper","Black Star"],"picked":"Orrery"}],"items_purged_floors":[],"is_endless":false,"potions_floor_spawned":[11,16,31,33,35,38,48],"ascension_level":0}