{"gold_per_floor":[219,219,219,6,106,119,148,166,166,166,192,212,230,262,262,335,335,335,335,335,335,335,335,335,335,335,335,335,172,172,172,172,172,172,172,172,172,172,172,172,172,172,172,172,172,172,172,172,172,172],"floor_reached":51,"playtime":3003,"items_purged":[],"score":1427,"play_id":"f5c310d3-a0f9-4082-bef4-f80a196e622b","local_time":"20190203181756","is_ascension_mode":true,"campfire_choices":[{"data":"Clothesline","floor":10,"key":"SMITH"},{"data":"Armaments","floor":15,"key":"SMITH"},{"data":"Double Tap","floor":23,"key":"SMITH"},{"data":"Perfected Strike","floor":27,"key":"SMITH"},{"data":"Metallicize","floor":32,"key":"SMITH"},{"data":"True Grit","floor":40,"key":"SMITH"},{"data":"Bash","floor":42,"key":"SMITH"},{"data":"Flame Barrier","floor":46,"key":"SMITH"},{"data":"Shrug It Off","floor":49,"key":"SMITH"}],"neow_cost":"NONE","seed_source_timestamp":1317375772073057,"circlet_count":0,"master_deck":["AscendersBane","Strike_R+1","Strike_R+1","Strike_R+1","Strike_R+1","Strike_R+1","Defend_R+1","Defend_R+1","Defend_R+1","Defend_R+1","Bash+1","Perfected Strike+1","Shrug It Off+1","Flex","Clothesline+1","Flex","Armaments+1","Headbutt","Perfected Strike+1","Double Tap+1","Metallicize+1","Cleave+1","Necronomicurse","Double Tap","Battle Trance","Thunderclap","Warcry","Reaper","True Grit+1","Uppercut+1","Thinking Ahead","Flame Barrier+1","Shrug It Off"],"relics":["Burning Blood","PreservedInsect","Dead Branch","Champion Belt","Thread and Needle","Question Card","Ectoplasm","Necronomicon","Bag of Preparation","Meat on the Bone","Centennial Puzzle","Orichalcum","Art of War","Busted Crown","Gambling Chip","Strawberry","Shuriken","Happy Flower"],"potions_floor_usage":[16,16,20,24,30,41,50],"damage_taken":[{"damage":2,"enemies":"Cultist","floor":1,"turns":4},{"damage":0,"enemies":"Small Slimes","floor":6,"turns":2},{"damage":16,"enemies":"Gremlin Nob","floor":7,"turns":3},{"damage":4,"enemies":"Jaw Worm","floor":8,"turns":2},{"damage":22,"enemies":"Lagavulin","floor":11,"turns":5},{"damage":0,"enemies":"Large Slime","floor":12,"turns":5},{"damage":2,"enemies":"Looter","floor":13,"turns":3},{"damage":1,"enemies":"3 Sentries","floor":14,"turns":5},{"damage":16,"enemies":"Slime Boss","floor":16,"turns":9},{"damage":0,"enemies":"Chosen","floor":18,"turns":4},{"damage":0,"enemies":"3 Byrds","floor":20,"turns":5},{"damage":0,"enemies":"Snecko","floor":22,"turns":2},{"damage":36,"enemies":"Gremlin Leader","floor":24,"turns":4},{"damage":0,"enemies":"Centurion and Healer","floor":25,"turns":4},{"damage":14,"enemies":"Slavers","floor":28,"turns":4},{"damage":2,"enemies":"Gremlin Leader","floor":30,"turns":3},{"damage":6,"enemies":"Snake Plant","floor":31,"turns":2},{"damage":27,"enemies":"Collector","floor":33,"turns":4},{"damage":25,"enemies":"3 Shapes","floor":35,"turns":4},{"damage":0,"enemies":"2 Orb Walkers","floor":37,"turns":3},{"damage":0,"enemies":"Orb Walker","floor":39,"turns":2},{"damage":1,"enemies":"Nemesis","floor":41,"turns":3},{"damage":0,"enemies":"3 Darklings","floor":44,"turns":3},{"damage":0,"enemies":"Giant Head","floor":45,"turns":3},{"damage":0,"enemies":"Transient","floor":47,"turns":6},{"damage":34,"enemies":"Awakened One","floor":50,"turns":10}],"seed_played":"-9055363460424621981","potions_obtained":[{"floor":11,"key":"FearPotion"},{"floor":12,"key":"GamblersBrew"},{"floor":16,"key":"GamblersBrew"},{"floor":18,"key":"Fire Potion"},{"floor":20,"key":"BloodPotion"},{"floor":25,"key":"Energy Potion"},{"floor":35,"key":"Swift Potion"},{"floor":45,"key":"Dexterity Potion"}],"is_trial":false,"path_per_floor":["M","?","?","$","?","M","E","M","T","R","E","M","M","E","R","B",null,"M","?","M","?","M","R","E","M","T","R","E","$","E","M","R","B",null,"M","?","?","?","M","R","E","R","T","M","E","R","M","?","R","B",null],"character_chosen":"IRONCLAD","items_purchased":["Shrug It Off","PreservedInsect","Orichalcum"],"campfire_rested":0,"item_purchase_floors":[4,4,29],"current_hp_per_floor":[72,72,49,49,49,55,45,47,47,47,31,37,41,46,46,36,65,71,71,75,54,60,60,30,36,36,36,40,40,44,44,44,35,65,59,59,65,65,71,71,78,78,78,78,78,78,78,78,78,50],"gold":172,"neow_bonus":"HUNDRED_GOLD","is_prod":false,"is_daily":false,"chose_seed":false,"campfire_upgraded":9,"win_rate":0,"timestamp":1549214276,"path_taken":["M","?","?","$","?","M","E","?","T","R","E","M","M","E","R","BOSS","M","?","M","?","M","R","E","M","T","R","E","$","E","M","R","BOSS","M","?","?","?","M","R","E","R","T","M","E","R","M","?","R","BOSS"],"build_version":"2019-01-23","purchased_purges":0,"victory":true,"max_hp_per_floor":[75,75,75,75,75,75,75,75,75,75,75,75,75,75,75,75,75,75,75,75,75,75,75,75,75,75,75,75,75,75,75,75,75,75,75,71,71,71,71,71,78,78,78,78,78,78,78,78,78,78],"card_choices":[{"not_picked":["Havoc","Second Wind"],"picked":"Perfected Strike","floor":1},{"not_picked":["Body Slam","Anger"],"picked":"Flex","floor":6},{"not_picked":["Infernal Blade","Demon Form"],"picked":"Clothesline","floor":7},{"not_picked":["True Grit","Clothesline"],"picked":"Flex","floor":8},{"not_picked":["Twin Strike","Rage"],"picked":"Armaments","floor":11},{"not_picked":["Clothesline","Carnage"],"picked":"Headbutt","floor":12},{"not_picked":["Clothesline","Rage","Flex"],"picked":"SKIP","floor":13},{"not_picked":["Wild Strike","Barricade"],"picked":"Perfected Strike","floor":14},{"not_picked":["Bludgeon","Demon Form","Limit Break"],"picked":"Double Tap","floor":16},{"not_picked":["Body Slam","Clash","Sword Boomerang"],"picked":"Metallicize","floor":18},{"not_picked":["Armaments","Rage+1","Clothesline"],"picked":"Cleave+1","floor":20},{"not_picked":["Iron Wave","Flex","Flame Barrier"],"picked":"Double Tap","floor":22},{"not_picked":["Entrench","Twin Strike","Inflame"],"picked":"Battle Trance","floor":24},{"not_picked":["Reckless Charge","Inflame","Clash","Clothesline"],"picked":"SKIP","floor":25},{"not_picked":["Second Wind","Bloodletting","Exhume","Disarm+1"],"picked":"SKIP","floor":28},{"not_picked":["Flex","Pommel Strike","Carnage"],"picked":"Thunderclap","floor":30},{"not_picked":["Body Slam","Reckless Charge","Wild Strike"],"picked":"Warcry","floor":31},{"not_picked":["Berserk","Brutality","Immolate"],"picked":"Reaper","floor":33},{"not_picked":["Headbutt"],"picked":"True Grit","floor":35},{"not_picked":["Body Slam+1"],"picked":"Uppercut+1","floor":37},{"not_picked":["HandOfGreed"],"picked":"Thinking Ahead","floor":38},{"not_picked":["Carnage+1","Havoc+1"],"picked":"SKIP","floor":39},{"not_picked":["Armaments","Corruption"],"picked":"SKIP","floor":41},{"not_picked":["Armaments","Corruption"],"picked":"SKIP","floor":41},{"not_picked":["Body Slam+1"],"picked":"Flame Barrier","floor":44},{"not_picked":["Sword Boomerang+1","Dual Wield"],"picked":"SKIP","floor":45},{"not_picked":["Feel No Pain"],"picked":"Shrug It Off","floor":47}],"player_experience":692232,"relics_obtained":[{"floor":7,"key":"Dead Branch"},{"floor":9,"key":"Champion Belt"},{"floor":11,"key":"Thread and Needle"},{"floor":14,"key":"Question Card"},{"floor":21,"key":"Necronomicon"},{"floor":24,"key":"Bag of Preparation"},{"floor":26,"key":"Meat on the Bone"},{"floor":28,"key":"Centennial Puzzle"},{"floor":30,"key":"Art of War"},{"floor":37,"key":"Gambling Chip"},{"floor":41,"key":"Strawberry"},{"floor":43,"key":"Shuriken"},{"floor":45,"key":"Happy Flower"}],"event_choices":[{"damage_healed":0,"gold_gain":0,"player_choice":"Ignored","damage_taken":0,"max_hp_gain":0,"max_hp_loss":0,"event_name":"Liars Game","floor":2,"gold_loss":0},{"damage_healed":0,"gold_gain":0,"player_choice":"Entered Light","damage_taken":23,"max_hp_gain":0,"max_hp_loss":0,"event_name":"Shining Light","floor":3,"gold_loss":0,"cards_upgraded":["Strike_R","Perfected Strike"]},{"damage_healed":0,"gold_gain":100,"player_choice":"Gold","damage_taken":0,"max_hp_gain":0,"max_hp_loss":0,"event_name":"Wheel of Change","floor":5,"gold_loss":0},{"damage_healed":0,"gold_gain":0,"player_choice":"Simplicity","damage_taken":0,"max_hp_gain":0,"max_hp_loss":0,"event_name":"Back to Basics","floor":19,"gold_loss":0,"cards_upgraded":["Strike_R","Strike_R","Strike_R","Strike_R","Defend_R","Defend_R","Defend_R","Defend_R"]},{"damage_healed":0,"gold_gain":0,"player_choice":"Obtained Book","damage_taken":21,"max_hp_gain":0,"max_hp_loss":0,"event_name":"Cursed Tome","floor":21,"gold_loss":0},{"damage_healed":0,"gold_gain":0,"player_choice":"Max HP","damage_taken":0,"max_hp_gain":0,"max_hp_loss":4,"event_name":"Winding Halls","floor":36,"gold_loss":0},{"damage_healed":0,"gold_gain":0,"player_choice":"Fight","damage_taken":0,"max_hp_gain":0,"max_hp_loss":0,"event_name":"Mysterious Sphere","floor":37,"gold_loss":0},{"damage_healed":0,"gold_gain":0,"player_choice":"Memory 1","damage_taken":0,"max_hp_gain":0,"max_hp_loss":0,"event_name":"SensoryStone","floor":38,"gold_loss":0},{"damage_healed":0,"gold_gain":50,"player_choice":"Pray","damage_taken":0,"max_hp_gain":0,"max_hp_loss":0,"event_name":"Golden Shrine","floor":48,"gold_loss":0}],"is_beta":true,"boss_relics":[{"not_picked":["Astrolabe","Eternal Feather"],"picked":"Ectoplasm"},{"not_picked":["Black Star","Runic Pyramid"],"picked":"Busted Crown"}],"items_purged_floors":[],"is_endless":false,"potions_floor_spawned":[11,12,14,16,18,20,25,28,35,39,45],"ascension_level":17}