{"gold_per_floor":[211,211,211,25,39,75,75,75,75,0,0,39,57,71,71,167,167,180,180,198,198,219,219,253,11,11,55,55,55,55,87,87,87],"floor_reached":33,"playtime":1582,"items_purged":["Strike_R"],"score":510,"play_id":"e452d7a2-3a3b-4dd9-9168-a7ded1bbdc4d","local_time":"20181025230410","is_ascension_mode":true,"campfire_choices":[{"data":"Infernal Blade","floor":7,"key":"SMITH"},{"floor":15,"key":"REST"},{"data":"Bludgeon","floor":23,"key":"SMITH"},{"data":"True Grit","floor":28,"key":"SMITH"},{"data":"Seeing Red","floor":30,"key":"SMITH"},{"floor":32,"key":"REST"}],"neow_cost":"NONE","seed_source_timestamp":1348756784898651,"circlet_count":0,"master_deck":["Strike_R","Strike_R","Strike_R","Defend_R","Defend_R","Defend_R","Defend_R","Bash+1","AscendersBane","Dropkick+1","Infernal Blade+1","Metallicize","Sentinel","Sentinel","Uppercut","Seeing Red+1","Bludgeon+1","Battle Trance","Infernal Blade+1","Writhe","True Grit+1","Feel No Pain","Ghostly Armor"],"relics":["Burning Blood","Bloody Idol","Bag of Marbles","Anchor","Dream Catcher","StoneCalendar","Cursed Key","MutagenicStrength","Vajra","Art of War","Bottled Flame","Darkstone Periapt","Lantern","Bronze Scales"],"potions_floor_usage":[16,16,20,33],"damage_taken":[{"damage":7,"enemies":"Small Slimes","floor":1,"turns":4},{"damage":0,"enemies":"2 Louse","floor":5,"turns":2},{"damage":29,"enemies":"Lagavulin","floor":6,"turns":5},{"damage":30,"enemies":"3 Sentries","floor":12,"turns":12},{"damage":0,"enemies":"Cultist","floor":13,"turns":5},{"damage":8,"enemies":"Exordium Wildlife","floor":14,"turns":5},{"damage":30,"enemies":"The Guardian","floor":16,"turns":8},{"damage":2,"enemies":"Shell Parasite","floor":18,"turns":3},{"damage":3,"enemies":"Spheric Guardian","floor":20,"turns":3},{"damage":0,"enemies":"Shelled Parasite and Fungi","floor":22,"turns":3},{"damage":24,"enemies":"Gremlin Leader","floor":24,"turns":4},{"damage":5,"enemies":"Book of Stabbing","floor":27,"turns":3},{"damage":31,"enemies":"Gremlin Leader","floor":31,"turns":4},{"damage":76,"enemies":"Champ","floor":33,"turns":11}],"seed_played":"-391362927646087347","potions_obtained":[{"floor":1,"key":"SteroidPotion"},{"floor":12,"key":"LiquidBronze"},{"floor":16,"key":"Fire Potion"},{"floor":20,"key":"BloodPotion"},{"floor":27,"key":"Fire Potion"},{"floor":31,"key":"Weak Potion"}],"is_trial":false,"path_per_floor":["M","?","?","$","M","E","R","?","T","$","$","E","M","M","R","B",null,"M","?","M","?","M","R","E","$","T","E","R","?","R","E","R"],"character_chosen":"IRONCLAD","items_purchased":["Bag of Marbles","Infernal Blade","Bottled Flame"],"campfire_rested":2,"item_purchase_floors":[4,4,25],"current_hp_per_floor":[71,71,56,56,62,39,39,32,32,32,32,8,14,12,34,10,58,62,62,65,65,71,71,53,53,53,54,54,54,54,34,56,0],"gold":87,"neow_bonus":"HUNDRED_GOLD","is_prod":false,"is_daily":false,"chose_seed":false,"campfire_upgraded":4,"win_rate":0,"timestamp":1540501450,"path_taken":["M","?","?","$","M","E","R","?","T","?","$","E","M","M","R","BOSS","M","?","M","?","?","R","E","$","T","E","R","?","R","E","R","BOSS"],"build_version":"2018-10-24v2","purchased_purges":1,"victory":false,"max_hp_per_floor":[80,74,74,74,74,74,74,74,74,74,74,74,74,74,74,74,74,74,74,74,74,74,74,74,74,74,74,74,74,74,74,74,74],"card_choices":[{"not_picked":["Sentinel","Anger"],"picked":"Dropkick","floor":1},{"not_picked":["Twin Strike","Hemokinesis"],"picked":"Metallicize","floor":5},{"not_picked":["Double Tap","Pummel"],"picked":"Sentinel","floor":6},{"not_picked":["Hemokinesis","Cleave"],"picked":"Sentinel","floor":12},{"not_picked":["Combust","Perfected Strike","Disarm"],"picked":"SKIP","floor":13},{"not_picked":["Cleave","Havoc"],"picked":"Uppercut","floor":14},{"not_picked":["Dual Wield","Twin Strike"],"picked":"Seeing Red","floor":15},{"not_picked":["Barricade","Immolate"],"picked":"Bludgeon","floor":16},{"not_picked":["Clothesline","Havoc","Sever Soul"],"picked":"SKIP","floor":18},{"not_picked":["Shockwave","Havoc"],"picked":"Battle Trance","floor":20},{"not_picked":["Sword Boomerang","Flex","Iron Wave"],"picked":"SKIP","floor":22},{"not_picked":["Power Through","Perfected Strike"],"picked":"Infernal Blade+1","floor":24},{"not_picked":["Rage","Ghostly Armor+1"],"picked":"True Grit","floor":27},{"not_picked":["Armaments","Battle Trance+1"],"picked":"Feel No Pain","floor":31},{"not_picked":["Cleave","Feel No Pain"],"picked":"Ghostly Armor","floor":32}],"player_experience":401403,"relics_obtained":[{"floor":6,"key":"Anchor"},{"floor":9,"key":"Dream Catcher"},{"floor":12,"key":"StoneCalendar"},{"floor":24,"key":"Art of War"},{"floor":26,"key":"Darkstone Periapt"},{"floor":27,"key":"Lantern"},{"floor":31,"key":"Bronze Scales"}],"event_choices":[{"damage_healed":0,"gold_gain":0,"player_choice":"Lose Max HP","damage_taken":0,"relics_obtained":["Golden Idol"],"max_hp_gain":0,"max_hp_loss":6,"event_name":"Golden Idol","floor":2,"gold_loss":0},{"damage_healed":0,"gold_gain":0,"player_choice":"Entered Light","damage_taken":15,"max_hp_gain":0,"max_hp_loss":0,"event_name":"Shining Light","floor":3,"gold_loss":0,"cards_upgraded":["Bash","Dropkick"]},{"cards_removed":["Strike_R"],"damage_healed":0,"gold_gain":0,"player_choice":"Card Removal","damage_taken":7,"max_hp_gain":0,"max_hp_loss":0,"event_name":"Golden Wing","floor":8,"gold_loss":0},{"damage_healed":0,"gold_gain":0,"player_choice":"Inject Mutagens","damage_taken":0,"relics_obtained":["MutagenicStrength"],"max_hp_gain":0,"max_hp_loss":0,"event_name":"Drug Dealer","floor":19,"gold_loss":0},{"damage_healed":0,"gold_gain":0,"player_choice":"Gave Potion","damage_taken":0,"relics_obtained":["Vajra"],"max_hp_gain":0,"max_hp_loss":0,"event_name":"WeMeetAgain","floor":21,"gold_loss":0},{"damage_healed":0,"gold_gain":0,"player_choice":"Gave Idol","damage_taken":0,"relics_obtained":["Bloody Idol"],"max_hp_gain":0,"max_hp_loss":0,"event_name":"Forgotten Altar","floor":29,"relics_lost":["Golden Idol"],"gold_loss":0}],"is_beta":true,"boss_relics":[{"not_picked":["Sozu","Tiny House"],"picked":"Cursed Key"}],"items_purged_floors":[10],"is_endless":false,"potions_floor_spawned":[1,12,16,20,27,31],"killed_by":"Champ","ascension_level":13}