{"gold_per_floor":[115,134,134,154,79,111,111,125,125,125,125,140,194,207,207,300,300,323,323],"floor_reached":19,"playtime":737,"items_purged":[],"score":321,"play_id":"ee80c99b-6be6-4f3d-90ad-10018f10a448","local_time":"20190205102316","is_ascension_mode":true,"campfire_choices":[{"floor":7,"key":"REST"},{"data":"Sword Boomerang","floor":10,"key":"SMITH"},{"data":"Barricade","floor":15,"key":"SMITH"}],"neow_cost":"NONE","seed_source_timestamp":1463983958982417,"circlet_count":0,"master_deck":["AscendersBane","Strike_R","Strike_R","Strike_R","Strike_R","Defend_R","Defend_R","Defend_R","Bash+1","Ghostly Armor","Anger","Sword Boomerang+1","Barricade+1","Battle Trance","Juggernaut"],"relics":["Burning Blood","Red Skull","Strawberry","Golden Idol","Ancient Tea Set","Sozu"],"potions_floor_usage":[16,18,19],"damage_taken":[{"damage":9,"enemies":"2 Louse","floor":1,"turns":4},{"damage":14,"enemies":"Small Slimes","floor":2,"turns":5},{"damage":2,"enemies":"Cultist","floor":4,"turns":4},{"damage":31,"enemies":"Gremlin Nob","floor":6,"turns":4},{"damage":7,"enemies":"Looter","floor":8,"turns":4},{"damage":29,"enemies":"Exordium Thugs","floor":12,"turns":5},{"damage":9,"enemies":"3 Louse","floor":14,"turns":4},{"damage":13,"enemies":"Slime Boss","floor":16,"turns":6},{"damage":41,"enemies":"3 Byrds","floor":18,"turns":6},{"damage":35,"enemies":"Shell Parasite","floor":19,"turns":3}],"seed_played":"-9188737078314710717","potions_obtained":[{"floor":1,"key":"BloodPotion"},{"floor":4,"key":"Swift Potion"},{"floor":14,"key":"Weak Potion"},{"floor":16,"key":"Block Potion"}],"is_trial":false,"path_per_floor":["M","M","?","M","?","E","R","M","T","R","?","M","T","M","R","B",null,"M","M"],"character_chosen":"IRONCLAD","items_purchased":[],"campfire_rested":1,"item_purchase_floors":[],"current_hp_per_floor":[65,57,50,54,54,29,51,50,57,57,57,34,34,31,31,24,62,27,0],"gold":323,"neow_bonus":"UPGRADE_CARD","is_prod":false,"is_daily":false,"chose_seed":false,"campfire_upgraded":2,"win_rate":0,"timestamp":1549358596,"path_taken":["M","M","?","M","?","E","R","M","T","R","?","M","?","M","R","BOSS","M","M"],"build_version":"2019-01-23","purchased_purges":0,"victory":false,"max_hp_per_floor":[75,75,75,75,75,75,75,75,82,82,74,74,74,74,74,74,74,74,74],"card_choices":[{"not_picked":["Reckless Charge","Twin Strike"],"picked":"Ghostly Armor","floor":1},{"not_picked":["Corruption","Headbutt","Heavy Blade"],"picked":"SKIP","floor":2},{"not_picked":["Evolve","Clothesline"],"picked":"Anger","floor":4},{"not_picked":["Bloodletting","Combust","Reckless Charge"],"picked":"SKIP","floor":6},{"not_picked":["Dual Wield","Body Slam"],"picked":"Sword Boomerang","floor":8},{"not_picked":["Cleave","Clash"],"picked":"Barricade","floor":12},{"not_picked":["Wild Strike","Clash"],"picked":"Battle Trance","floor":14},{"not_picked":["Immolate","Fiend Fire"],"picked":"Juggernaut","floor":16},{"not_picked":["Thunderclap","Perfected Strike","Inflame+1"],"picked":"SKIP","floor":18}],"player_experience":697251,"relics_obtained":[{"floor":6,"key":"Red Skull"},{"floor":9,"key":"Strawberry"},{"floor":13,"key":"Ancient Tea Set"}],"event_choices":[{"cards_removed":["Strike_R"],"damage_healed":0,"gold_gain":0,"player_choice":"Card Removal","damage_taken":7,"max_hp_gain":0,"max_hp_loss":0,"event_name":"Golden Wing","floor":3,"gold_loss":0},{"cards_removed":["Defend_R"],"damage_healed":0,"gold_gain":0,"player_choice":"Card Removal","damage_taken":0,"max_hp_gain":0,"max_hp_loss":0,"event_name":"The Cleric","floor":5,"gold_loss":75},{"damage_healed":0,"gold_gain":0,"player_choice":"Lose Max HP","damage_taken":0,"relics_obtained":["Golden Idol"],"max_hp_gain":0,"max_hp_loss":8,"event_name":"Golden Idol","floor":11,"gold_loss":0}],"is_beta":true,"boss_relics":[{"not_picked":["Snecko Eye","Ectoplasm"],"picked":"Sozu"}],"items_purged_floors":[],"is_endless":false,"potions_floor_spawned":[1,4,14,16],"killed_by":"Shell Parasite","ascension_level":18}