{"gold_per_floor":[113,113,59,76,89,89,119,139,165,165,165,22,32,32,32,137,137,151,166,183,98,98,98],"floor_reached":23,"playtime":1236,"items_purged":["Strike_R"],"score":201,"play_id":"7c50b6d9-849d-4e0f-842e-cb056b35f71a","local_time":"20190130052755","is_ascension_mode":true,"campfire_choices":[{"data":"Flame Barrier","floor":6,"key":"SMITH"},{"data":"Iron Wave","floor":10,"key":"SMITH"},{"data":"Inflame","floor":15,"key":"SMITH"}],"neow_cost":"NONE","seed_source_timestamp":1292485446888100,"circlet_count":0,"master_deck":["Strike_R","Strike_R","Strike_R","Strike_R","Defend_R","Defend_R","Defend_R","Defend_R","Flame Barrier+1","Cleave","Shrug It Off","Clash","Iron Wave+1","Inflame+1","Impervious","Whirlwind","Headbutt"],"relics":["Burning Blood","Orichalcum","Pen Nib","Potion Belt","Philosopher\u0027s Stone","Letter Opener"],"potions_floor_usage":[7,16],"damage_taken":[{"damage":2,"enemies":"Small Slimes","floor":1,"turns":4},{"damage":11,"enemies":"Jaw Worm","floor":4,"turns":5},{"damage":0,"enemies":"Cultist","floor":5,"turns":4},{"damage":13,"enemies":"Gremlin Nob","floor":7,"turns":4},{"damage":13,"enemies":"Large Slime","floor":8,"turns":9},{"damage":9,"enemies":"3 Louse","floor":13,"turns":4},{"damage":42,"enemies":"Hexaghost","floor":16,"turns":11},{"damage":1,"enemies":"Shell Parasite","floor":18,"turns":5},{"damage":19,"enemies":"Spheric Guardian","floor":19,"turns":4},{"damage":7,"enemies":"3 Cultists","floor":20,"turns":4},{"damage":77,"enemies":"Book of Stabbing","floor":23,"turns":7}],"seed_played":"557030283852461214","potions_obtained":[{"floor":1,"key":"BloodPotion"},{"floor":4,"key":"LiquidBronze"},{"floor":5,"key":"Fire Potion"},{"floor":8,"key":"Dexterity Potion"},{"floor":18,"key":"Explosive Potion"}],"is_trial":false,"path_per_floor":["M","?","$","M","M","R","E","M","T","R","?","$","M","?","R","B",null,"M","M","M","?","?","E"],"character_chosen":"IRONCLAD","items_purchased":["Cleave","Inflame"],"campfire_rested":0,"item_purchase_floors":[3,12],"current_hp_per_floor":[80,85,85,80,85,85,78,71,71,71,71,71,68,68,68,32,85,85,72,71,71,71,0],"gold":98,"neow_bonus":"REMOVE_CARD","is_prod":false,"is_daily":false,"chose_seed":false,"campfire_upgraded":3,"win_rate":0,"timestamp":1548844075,"path_taken":["M","?","$","M","M","R","E","M","T","R","?","$","M","?","R","BOSS","M","M","M","?","?","E"],"build_version":"2019-01-23","purchased_purges":1,"victory":false,"max_hp_per_floor":[80,85,85,85,85,85,85,85,85,85,85,85,85,85,85,85,85,85,85,85,85,85,85],"card_choices":[{"not_picked":["Headbutt","Warcry"],"picked":"Flame Barrier","floor":1},{"not_picked":["Power Through","Armaments"],"picked":"Shrug It Off","floor":4},{"not_picked":["Intimidate","Dropkick"],"picked":"Clash","floor":5},{"not_picked":["Thunderclap","Perfected Strike","Exhume"],"picked":"SKIP","floor":7},{"not_picked":["Intimidate","Clothesline"],"picked":"Iron Wave","floor":8},{"not_picked":["Warcry","Pummel","Bloodletting"],"picked":"SKIP","floor":13},{"not_picked":["Barricade","Reaper"],"picked":"Impervious","floor":16},{"not_picked":["Wild Strike","Pommel Strike"],"picked":"Whirlwind","floor":18},{"not_picked":["Pommel Strike+1","Warcry"],"picked":"Headbutt","floor":19},{"not_picked":["Fire Breathing","Sever Soul+1","Shrug It Off"],"picked":"SKIP","floor":20}],"player_experience":116314,"relics_obtained":[{"floor":7,"key":"Orichalcum"},{"floor":9,"key":"Pen Nib"}],"event_choices":[{"damage_healed":0,"gold_gain":0,"player_choice":"Donut","damage_taken":0,"max_hp_gain":5,"max_hp_loss":0,"event_name":"Big Fish","floor":2,"gold_loss":0},{"damage_healed":0,"gold_gain":0,"player_choice":"Ignored","damage_taken":0,"max_hp_gain":0,"max_hp_loss":0,"event_name":"Liars Game","floor":11,"gold_loss":0},{"damage_healed":0,"gold_gain":0,"player_choice":"Gave Potion","damage_taken":0,"relics_obtained":["Potion Belt"],"max_hp_gain":0,"max_hp_loss":0,"event_name":"WeMeetAgain","floor":14,"gold_loss":0},{"damage_healed":0,"gold_gain":0,"player_choice":"Obtained Relic","damage_taken":0,"relics_obtained":["Letter Opener"],"max_hp_gain":0,"max_hp_loss":0,"event_name":"Addict","floor":21,"gold_loss":85},{"damage_healed":0,"gold_gain":0,"player_choice":"Ignored","damage_taken":0,"max_hp_gain":0,"max_hp_loss":0,"event_name":"Ghosts","floor":22,"gold_loss":0}],"is_beta":false,"boss_relics":[{"not_picked":["Runic Dome","Empty Cage"],"picked":"Philosopher\u0027s Stone"}],"items_purged_floors":[12],"is_endless":false,"potions_floor_spawned":[1,4,5,8,18],"killed_by":"Book of Stabbing","ascension_level":1}