{"gold_per_floor":[119,138,23,23,41,41,54,54,81,81,125,141,91,91,91,216,216,240,240,140,140,155,155,8,8,62,62,85,101,53,72,72,197,197,212,88,106,29,29,72,72,72,72,72,72,86,86,126,126,126],"floor_reached":50,"playtime":2738,"items_purged":["Strike_B","Loop"],"score":496,"play_id":"2cc40ce8-7bde-498e-83c9-e19f2a593cac","local_time":"20180628205201","is_ascension_mode":false,"campfire_choices":[{"floor":6.0,"key":"REST"},{"floor":8.0,"key":"REST"},{"data":"Zap","floor":10.0,"key":"SMITH"},{"floor":15.0,"key":"REST"},{"data":"Conserve Battery","floor":23.0,"key":"SMITH"},{"data":"Auto Shields","floor":25.0,"key":"SMITH"},{"floor":32.0,"key":"REST"},{"data":"Leap","floor":41.0,"key":"SMITH"},{"data":"Conserve Battery","floor":44.0,"key":"SMITH"},{"floor":47.0,"key":"REST"},{"floor":49.0,"key":"REST"}],"neow_cost":"","seed_source_timestamp":0,"circlet_count":0,"master_deck":["Zap+1","Dualcast","Rebound","Gash","Sunder","Gash","Conserve Battery+1","Auto Shields+1","Go for the Eyes","Compile Driver","Double Energy","Sweeping Beam+1","RitualDagger","Necronomicurse","All For One","Leap+1","Streamline","Gash+1","Meteor Strike","FTL+1","Melter","Conserve Battery+1","Auto Shields","Madness","Conserve Battery+1","Stack+1","Go for the Eyes+1"],"special_seed":0,"relics":["Cracked Core","Golden Idol","Strawberry","Boot","Pandora\u0027s Box","Ginger","Happy Flower","Lantern","Necronomicon","Empty Cage","Ornamental Fan","Kunai","Girya"],"potions_floor_usage":[50,50],"damage_taken":[{"damage":1.0,"enemies":"2 Louse","floor":1.0,"turns":3.0},{"damage":5.0,"enemies":"Small Slimes","floor":2.0,"turns":3.0},{"damage":11.0,"enemies":"Jaw Worm","floor":5.0,"turns":2.0},{"damage":11.0,"enemies":"Red Slaver","floor":7.0,"turns":3.0},{"damage":19.0,"enemies":"Gremlin Nob","floor":11.0,"turns":4.0},{"damage":6.0,"enemies":"Exordium Wildlife","floor":12.0,"turns":4.0},{"damage":29.0,"enemies":"Hexaghost","floor":16.0,"turns":10.0},{"damage":4.0,"enemies":"3 Byrds","floor":18.0,"turns":4.0},{"damage":0.0,"enemies":"Chosen","floor":22.0,"turns":3.0},{"damage":15.0,"enemies":"3 Cultists","floor":28.0,"turns":4.0},{"damage":5.0,"enemies":"Snecko","floor":29.0,"turns":3.0},{"damage":21.0,"enemies":"Snake Plant","floor":31.0,"turns":3.0},{"damage":65.0,"enemies":"Automaton","floor":33.0,"turns":7.0},{"damage":11.0,"enemies":"Orb Walker","floor":35.0,"turns":2.0},{"damage":21.0,"enemies":"3 Darklings","floor":37.0,"turns":4.0},{"damage":20.0,"enemies":"Giant Head","floor":40.0,"turns":6.0},{"damage":10.0,"enemies":"4 Shapes","floor":46.0,"turns":4.0},{"damage":14.0,"enemies":"Nemesis","floor":48.0,"turns":4.0},{"damage":81,"enemies":"Donu and Deca","floor":50,"turns":8}],"seed_played":"4337407244988585014","potions_obtained":[{"floor":5.0,"key":"LiquidBronze"},{"floor":7.0,"key":"LiquidBronze"},{"floor":11.0,"key":"SteroidPotion"},{"floor":12.0,"key":"FairyPotion"},{"floor":14.0,"key":"Weak Potion"},{"floor":18.0,"key":"Strength Potion"},{"floor":22.0,"key":"Strength Potion"},{"floor":35.0,"key":"Regen Potion"},{"floor":37.0,"key":"SpeedPotion"},{"floor":46.0,"key":"Strength Potion"}],"is_trial":false,"path_per_floor":["M","M","$","?","M","R","M","R","T","R","E","M","?","?","R","B",null,"M","?","$","T","M","R","$","R","T","?","M","M","$","M","R","B",null,"M","$","M","$","?","E","R","?","T","R","?","M","R","E","R"],"character_chosen":"DEFECT","items_purchased":["Sunder","Happy Flower","Streamline","Leap","Melter","Auto Shields"],"campfire_rested":6,"item_purchase_floors":[],"current_hp_per_floor":[37,32,32,14,3,25,14,36,43,43,24,18,18,18,42,13,82,78,72,72,72,72,72,72,72,72,56,41,36,36,15,39,8,82,71,71,62,62,62,42,42,47,47,47,47,37,61,47,71,0],"gold":126,"neow_bonus":"","is_prod":false,"is_daily":false,"chose_seed":false,"campfire_upgraded":5,"win_rate":0,"timestamp":1530211921,"path_taken":["M","M","$","?","M","R","M","R","T","R","E","?","?","?","R","BOSS","M","?","$","?","?","R","$","R","T","?","M","M","?","M","R","BOSS","M","?","M","$","?","E","R","?","T","R","?","M","R","E","R","BOSS"],"build_version":"2018-06-21v2","purchased_purges":2,"victory":false,"max_hp_per_floor":[75,75,75,75,75,75,75,75,82,82,82,82,82,82,82,82,82,82,82,82,82,82,82,82,82,82,82,82,82,82,82,82,82,82,82,82,82,82,82,82,82,82,82,82,82,82,82,82,82,82],"card_choices":[{"not_picked":["Redo","Stack"],"picked":"Rebound","floor":1.0},{"not_picked":["Darkness","Go for the Eyes"],"picked":"Gash","floor":2.0},{"not_picked":["Reprogram","Turbo"],"picked":"Gash","floor":5.0},{"not_picked":["Glacier","Fusion"],"picked":"Conserve Battery","floor":7.0},{"not_picked":["Steam","Machine Learning"],"picked":"Auto Shields","floor":11.0},{"not_picked":["Hologram","Reinforced Body"],"picked":"Go for the Eyes","floor":12.0},{"not_picked":["Multi-Cast","Echo Form"],"picked":"Core Surge","floor":16.0},{"not_picked":["Blizzard","Go for the Eyes"],"picked":"Sweeping Beam+1","floor":18.0},{"not_picked":["Ball Lightning","Turbo"],"picked":"Gash+1","floor":22.0},{"not_picked":["White Noise+1","Sunder"],"picked":"All For One","floor":28.0},{"not_picked":["Self Repair","Steam"],"picked":"Leap","floor":29.0},{"not_picked":["Heatsinks+1","Conserve Battery"],"picked":"Gash+1","floor":31.0},{"not_picked":["Amplify","Thunder Strike"],"picked":"Meteor Strike","floor":33.0},{"not_picked":["Hologram+1","Auto Shields"],"picked":"FTL+1","floor":35.0},{"not_picked":["Ball Lightning","Capacitor+1"],"picked":"Conserve Battery+1","floor":37.0},{"not_picked":["Trip","Good Instincts"],"picked":"Madness","floor":39.0},{"not_picked":["Heatsinks+1","Leap"],"picked":"Conserve Battery","floor":40.0},{"not_picked":["Compile Driver","Steam"],"picked":"Stack+1","floor":46.0},{"not_picked":["Ball Lightning","Barrage"],"picked":"Go for the Eyes+1","floor":48.0}],"player_experience":217508,"relics_obtained":[{"floor":9.0,"key":"Strawberry"},{"floor":11.0,"key":"Boot"},{"floor":21.0,"key":"Ginger"},{"floor":26.0,"key":"Lantern"},{"floor":27.0,"key":"Necronomicon"},{"floor":40.0,"key":"Ornamental Fan"},{"floor":43.0,"key":"Kunai"},{"floor":48.0,"key":"Girya"}],"event_choices":[{"event_name":"Golden Idol","player_choice":"Take Damage","floor":4.0,"damage_taken":0.0},{"event_name":"The Cleric","player_choice":"Card Removal","floor":13.0,"damage_taken":0.0},{"event_name":"The Lab","player_choice":"Got Potions","floor":14.0,"damage_taken":0.0},{"event_name":"Nest","player_choice":"Joined the Cult","floor":19.0,"damage_taken":0.0},{"event_name":"Cursed Tome","player_choice":"Obtained Book","floor":27.0,"damage_taken":0.0},{"event_name":"SensoryStone","player_choice":"Memory 1","floor":39.0,"damage_taken":0.0},{"event_name":"Bonfire Elementals","player_choice":"COMMON","floor":42.0,"damage_taken":0.0},{"event_name":"Falling","player_choice":"Removed Attack","floor":45.0,"damage_taken":0.0}],"boss_relics":[{"not_picked":["Velvet Choker","Eternal Feather"],"picked":"Pandora\u0027s Box"},{"not_picked":["Black Star","Orrery"],"picked":"Empty Cage"}],"items_purged_floors":[],"is_endless":false,"potions_floor_spawned":[5,7,11,12,18,22,29,35,37,46],"killed_by":"Donu and Deca","ascension_level":0}