{"gold_per_floor":[114,114,114,129,179,209,209,132,182,7,37,52,82,147,147,247,247,262,312,362,327,392,392,407,407,432,482,512,112,112,127,127,227,227,242,307,357,372,122,122,472,502,502,52,67,132,182,232,232,232],"floor_reached":50,"playtime":3561,"items_purged":[],"score":906,"play_id":"6533b8a5-53bc-4eeb-be3d-de5b9871b55f","local_time":"20180716190542","daily_mods":["Brewmaster","Cursed Run","Hoarder"],"is_ascension_mode":false,"campfire_choices":[{"data":"Footwork","floor":7,"key":"SMITH"},{"data":"Noxious Fumes","floor":15,"key":"SMITH"},{"floor":23,"key":"DIG"},{"floor":25,"key":"DIG"},{"floor":32,"key":"REST"},{"floor":40,"key":"REST"},{"floor":49,"key":"DIG"}],"neow_cost":"","seed_source_timestamp":0,"circlet_count":0,"master_deck":["Defend_G+1","Defend_G+1","Defend_G+1","Defend_G+1","Defend_G+1","Strike_G+1","Strike_G+1","Strike_G+1","Strike_G+1","Strike_G+1","Survivor+1","Neutralize+1","Venomology+1","Venomology+1","Venomology+1","Venomology+1","Venomology+1","Venomology+1","Venomology+1","Venomology+1","Venomology+1","Venomology+1","Venomology+1","Venomology+1","Venomology+1","Venomology+1","Flying Knee+1","Flying Knee+1","Flying Knee+1","Footwork+1","Footwork+1","Footwork+1","Regret","Footwork+1","Footwork+1","Footwork+1","Blur+1","Blur+1","Blur+1","Poisoned Stab+1","Poisoned Stab+1","Poisoned Stab+1","Pain","Pain","Pain","Noxious Fumes+1","Noxious Fumes+1","Noxious Fumes+1","Outmaneuver+1","Outmaneuver+1","Outmaneuver+1","Quick Slash+1","Quick Slash+1","Quick Slash+1","Bane+1","Bane+1","Bane+1","Acrobatics+1","Acrobatics+1","Acrobatics+1","Predator+1","Predator+1","Predator+1","Normality","Normality","Normality","Tactician+1","Tactician+1","Tactician+1","Eviscerate+1","Eviscerate+1","Eviscerate+1","Decay","Decay","Decay","Doubt","Doubt","Doubt","Prepared+1","Prepared+1","Prepared+1","Parasite","Parasite","Parasite","A Thousand Cuts+1","A Thousand Cuts+1","A Thousand Cuts+1","Writhe","Writhe","Writhe"],"special_seed":17728,"relics":["Cursed Key","Darkstone Periapt","Du-Vu Doll","White Beast Statue","Dodecahedron","SsserpentHead","Potion Belt","Boot","Orichalcum","Shovel","Gremlin Horn","Empty Cage","Bag of Preparation","Art of War","Matryoshka","Centennial Puzzle","Oddly Smooth Stone","Snake Skull","Bag of Marbles","Incense Burner","Busted Crown","Mark of the Bloom","Pear","Blood Vial","Anchor","Vajra","Mummified Hand","Letter Opener","Ornamental Fan"],"potions_floor_usage":[1,1,1,4,6,6,6,6,6,6,6,6,6,6,6,11,11,11,12,13,13,13,13,14,14,14,16,16,16,16,16,16,16,18,18,18,22,22,24,24,24,24,24,24,24,28,28,28,28,31,31,33,33,33,33,33,38,38,42,42,45,45,45,45,46,46,46,46,50,50,50,50],"damage_taken":[{"damage":6,"enemies":"Jaw Worm","floor":1,"turns":4},{"damage":0,"enemies":"2 Louse","floor":4,"turns":2},{"damage":3,"enemies":"Lagavulin","floor":6,"turns":6},{"damage":3,"enemies":"Gremlin Nob","floor":11,"turns":4},{"damage":1,"enemies":"Cultist","floor":12,"turns":2},{"damage":11,"enemies":"Lagavulin","floor":13,"turns":5},{"damage":5,"enemies":"Blue Slaver","floor":14,"turns":4},{"damage":24,"enemies":"Hexaghost","floor":16,"turns":7},{"damage":8,"enemies":"Shell Parasite","floor":18,"turns":3},{"damage":15,"enemies":"3 Byrds","floor":22,"turns":4},{"damage":18,"enemies":"Centurion and Healer","floor":24,"turns":6},{"damage":40,"enemies":"Slavers","floor":28,"turns":7},{"damage":4,"enemies":"Snake Plant","floor":31,"turns":1},{"damage":42,"enemies":"Collector","floor":33,"turns":5},{"damage":0,"enemies":"Orb Walker","floor":35,"turns":1},{"damage":3,"enemies":"Flame Bruiser 1 Orb","floor":36,"turns":2},{"damage":25,"enemies":"Maw","floor":38,"turns":5},{"damage":10,"enemies":"2 Orb Walkers","floor":42,"turns":3},{"damage":0,"enemies":"Transient","floor":45,"turns":5},{"damage":12,"enemies":"3 Darklings","floor":46,"turns":4},{"damage":81,"enemies":"Awakened One","floor":50,"turns":5}],"seed_played":"-2205032152784244808","potions_obtained":[{"floor":1,"key":"SteroidPotion"},{"floor":4,"key":"Strength Potion"},{"floor":6,"key":"EssenceOfSteel"},{"floor":11,"key":"Ancient Potion"},{"floor":12,"key":"AttackPotion"},{"floor":13,"key":"Energy Potion"},{"floor":14,"key":"Regen Potion"},{"floor":18,"key":"Energy Potion"},{"floor":20,"key":"Swift Potion"},{"floor":22,"key":"Block Potion"},{"floor":28,"key":"Poison Potion"},{"floor":31,"key":"FearPotion"},{"floor":36,"key":"Swift Potion"},{"floor":38,"key":"LiquidBronze"},{"floor":42,"key":"FairyPotion"},{"floor":45,"key":"Weak Potion"},{"floor":46,"key":"Ancient Potion"}],"is_trial":false,"path_per_floor":["M","?","?","M","?","E","R","$","T","$","E","M","E","M","R","B",null,"M","?","?","?","M","R","M","R","T","?","E","$","$","M","R","B",null,"M","M","?","M","$","R","?","E","T","$","M","M","?","?","R"],"character_chosen":"THE_SILENT","items_purchased":["Blur","Poisoned Stab","Noxious Fumes","Outmaneuver","Quick Slash","Bag of Marbles","Incense Burner","Pear","Mummified Hand","Letter Opener"],"campfire_rested":2,"item_purchase_floors":[8,8,10,10,10,29,29,39,44,44],"current_hp_per_floor":[64,61,61,61,67,73,73,73,79,79,76,75,64,59,59,56,88,80,86,86,86,71,71,53,53,59,59,19,19,19,15,45,9,106,106,103,103,78,78,78,78,68,68,68,68,56,56,56,56,0],"gold":232,"neow_bonus":"","is_prod":false,"is_daily":true,"chose_seed":false,"campfire_upgraded":2,"win_rate":0.0,"timestamp":1531760742,"path_taken":["M","?","?","M","?","E","R","?","T","$","E","M","E","?","R","BOSS","M","?","?","?","?","R","M","R","T","?","E","?","$","M","R","BOSS","M","?","?","M","$","R","?","E","T","?","M","?","?","?","R","BOSS"],"build_version":"2018-07-12","purchased_purges":0,"victory":false,"max_hp_per_floor":[70,70,70,70,76,76,76,76,82,82,82,82,82,82,82,88,88,88,94,94,94,94,94,94,94,100,100,100,100,100,100,100,106,106,106,106,106,106,116,116,116,116,122,122,122,122,122,122,122,122],"card_choices":[{"not_picked":["Expertise","Slice"],"picked":"Flying Knee","floor":1},{"not_picked":["Quick Slash","Blur"],"picked":"Footwork","floor":4},{"not_picked":["Skewer","Finisher"],"picked":"Footwork","floor":6},{"not_picked":["Poisoned Stab","Masterful Stab"],"picked":"Bane","floor":11},{"not_picked":["Tactician","Slice"],"picked":"Acrobatics","floor":12},{"not_picked":["Well Laid Plans","Footwork"],"picked":"Predator","floor":13},{"not_picked":["Flying Knee","Leg Sweep","Outmaneuver"],"picked":"SKIP","floor":14},{"not_picked":["Wraith Form v2","Bullet Time"],"picked":"Tactician","floor":16},{"not_picked":["Quick Slash","Backstab","Noxious Fumes"],"picked":"SKIP","floor":18},{"not_picked":["Endless Agony+1","Dodge and Roll","Masterful Stab+1"],"picked":"SKIP","floor":22},{"not_picked":["Acrobatics","Underhanded Strike","Endless Agony"],"picked":"SKIP","floor":24},{"not_picked":["Tactician","Skewer"],"picked":"Prepared","floor":28},{"not_picked":["Acrobatics","Outmaneuver","Masterful Stab+1"],"picked":"SKIP","floor":31},{"not_picked":["Adrenaline","Unload"],"picked":"A Thousand Cuts","floor":33},{"not_picked":["Underhanded Strike+1"],"picked":"SKIP","floor":35},{"not_picked":["Acrobatics+1"],"picked":"SKIP","floor":36},{"not_picked":["Expertise+1"],"picked":"SKIP","floor":38},{"not_picked":["Leg Sweep"],"picked":"SKIP","floor":42},{"not_picked":["Flying Knee"],"picked":"SKIP","floor":45},{"not_picked":["Caltrops+1"],"picked":"SKIP","floor":46}],"player_experience":102577,"relics_obtained":[{"floor":6,"key":"Boot"},{"floor":9,"key":"Orichalcum"},{"floor":11,"key":"Shovel"},{"floor":13,"key":"Gremlin Horn"},{"floor":23,"key":"Art of War"},{"floor":25,"key":"Matryoshka"},{"floor":26,"key":"Centennial Puzzle"},{"floor":26,"key":"Oddly Smooth Stone"},{"floor":28,"key":"Snake Skull"},{"floor":42,"key":"Blood Vial"},{"floor":43,"key":"Anchor"},{"floor":43,"key":"Vajra"},{"floor":49,"key":"Ornamental Fan"}],"event_choices":[{"event_name":"Scrap Ooze","player_choice":"success","floor":2,"damage_taken":3},{"event_name":"FaceTrader","player_choice":"Trade","floor":3,"damage_taken":0},{"event_name":"Big Fish","player_choice":"Box","floor":5,"damage_taken":0},{"event_name":"Match and Keep!","player_choice":"2 cards matched","floor":19,"damage_taken":0},{"event_name":"The Lab","player_choice":"Got Potions","floor":20,"damage_taken":0},{"event_name":"Addict","player_choice":"Obtained Relic","floor":21,"damage_taken":0},{"event_name":"Drug Dealer","player_choice":"Ignored","floor":27,"damage_taken":0},{"event_name":"MindBloom","player_choice":"Upgrade","floor":37,"damage_taken":0},{"event_name":"Wheel of Change","player_choice":"Gold","floor":41,"damage_taken":0},{"event_name":"Falling","player_choice":"Removed Skill","floor":47,"damage_taken":0},{"event_name":"SecretPortal","player_choice":"Rejected Portal.","floor":48,"damage_taken":0}],"boss_relics":[{"not_picked":["Velvet Choker","Tiny House"],"picked":"Empty Cage"},{"not_picked":["Runic Pyramid","Orrery"],"picked":"Busted Crown"}],"items_purged_floors":[],"is_endless":false,"potions_floor_spawned":[1,4,6,11,12,13,14,16,18,22,24,28,31,33,35,36,38,42,45,46],"killed_by":"Awakened One","ascension_level":0}