{"gold_per_floor":[113,132,146,156,169,169,180,180,206,206,244,280,280,304,304,423,423,438,102,121,145,166,166,166],"floor_reached":24,"playtime":1335,"items_purged":["Strike_R"],"score":232,"play_id":"252ff9af-5f00-4cd3-90ba-d27883a5b133","local_time":"20190201014933","is_ascension_mode":true,"campfire_choices":[{"data":"Whirlwind","floor":6,"key":"SMITH"},{"data":"Rage","floor":13,"key":"SMITH"},{"data":"Heavy Blade","floor":15,"key":"SMITH"},{"data":"Spot Weakness","floor":23,"key":"SMITH"}],"neow_cost":"NONE","seed_source_timestamp":1452084316115400,"circlet_count":0,"master_deck":["Strike_R","Strike_R","Defend_R","Defend_R","Defend_R","Iron Wave","Whirlwind+1","Headbutt","Heavy Blade+1","Rage+1","Spot Weakness+1","Feed","Headbutt+1","Feel No Pain+1","Blood for Blood+1","Pommel Strike","Flame Barrier","Anger","Demon Form+1"],"relics":["Burning Blood","Boot","Golden Idol","Orichalcum","Odd Mushroom","Astrolabe","Frozen Egg 2"],"potions_floor_usage":[7,11,16,16,21],"damage_taken":[{"damage":14,"enemies":"Jaw Worm","floor":1,"turns":5},{"damage":9,"enemies":"2 Louse","floor":2,"turns":3},{"damage":0,"enemies":"Small Slimes","floor":3,"turns":3},{"damage":2,"enemies":"Looter","floor":4,"turns":4},{"damage":10,"enemies":"3 Louse","floor":5,"turns":3},{"damage":0,"enemies":"Large Slime","floor":7,"turns":5},{"damage":43,"enemies":"Lagavulin","floor":11,"turns":8},{"damage":3,"enemies":"The Mushroom Lair","floor":12,"turns":2},{"damage":0,"enemies":"Gremlin Gang","floor":14,"turns":3},{"damage":30,"enemies":"The Guardian","floor":16,"turns":11},{"damage":26,"enemies":"Shell Parasite","floor":18,"turns":4},{"damage":16,"enemies":"2 Thieves","floor":20,"turns":4},{"damage":30,"enemies":"Snake Plant","floor":21,"turns":5},{"damage":28,"enemies":"Cultist and Chosen","floor":22,"turns":6},{"damage":20,"enemies":"Book of Stabbing","floor":24,"turns":3}],"seed_played":"-8706154369549478389","potions_obtained":[{"floor":2,"key":"SmokeBomb"},{"floor":3,"key":"Explosive Potion"},{"floor":4,"key":"BloodPotion"},{"floor":7,"key":"Swift Potion"},{"floor":12,"key":"Energy Potion"},{"floor":18,"key":"EssenceOfSteel"},{"floor":22,"key":"Energy Potion"}],"is_trial":false,"path_per_floor":["M","M","M","M","M","R","M","?","T","?","E","?","R","M","R","B",null,"M","$","M","M","M","R","E"],"character_chosen":"IRONCLAD","items_purchased":["Frozen Egg 2"],"campfire_rested":0,"item_purchase_floors":[19],"current_hp_per_floor":[80,77,83,87,83,83,88,81,81,59,30,33,33,39,39,15,88,68,68,58,37,15,15,0],"gold":166,"neow_bonus":"TEN_PERCENT_HP_BONUS","is_prod":false,"is_daily":false,"chose_seed":false,"campfire_upgraded":4,"win_rate":0,"timestamp":1549003773,"path_taken":["M","M","M","M","M","R","M","?","T","?","E","?","R","M","R","BOSS","M","$","M","M","M","R","E"],"build_version":"2019-01-23","purchased_purges":1,"victory":false,"max_hp_per_floor":[88,88,88,88,88,88,88,88,88,88,88,88,88,88,88,88,88,88,88,88,91,91,91,91],"card_choices":[{"not_picked":["Flex","Rupture"],"picked":"Iron Wave","floor":1},{"not_picked":["Inflame","Pummel"],"picked":"Whirlwind","floor":2},{"not_picked":["Disarm","Dual Wield"],"picked":"Headbutt","floor":3},{"not_picked":["Rupture","Searing Blow"],"picked":"Heavy Blade","floor":4},{"not_picked":["Body Slam","Evolve","Warcry"],"picked":"SKIP","floor":5},{"not_picked":["Anger","Cleave"],"picked":"Rage","floor":7},{"not_picked":["Perfected Strike","Warcry","Blood for Blood"],"picked":"SKIP","floor":11},{"not_picked":["Perfected Strike","Havoc"],"picked":"Spot Weakness","floor":14},{"not_picked":["Impervious","Brutality"],"picked":"Feed","floor":16},{"not_picked":["Carnage","Anger"],"picked":"Pommel Strike","floor":18},{"not_picked":["Blood for Blood","Shrug It Off"],"picked":"Flame Barrier","floor":20},{"not_picked":["Pommel Strike","Evolve+1"],"picked":"Anger","floor":21},{"not_picked":["Infernal Blade","Wild Strike+1"],"picked":"Demon Form+1","floor":22}],"player_experience":173340,"relics_obtained":[{"floor":9,"key":"Boot"},{"floor":11,"key":"Orichalcum"},{"floor":12,"key":"Odd Mushroom"}],"event_choices":[{"cards_removed":["Bash"],"damage_healed":0,"gold_gain":0,"player_choice":"Card Removal","damage_taken":7,"max_hp_gain":0,"max_hp_loss":0,"event_name":"Golden Wing","floor":8,"gold_loss":0},{"damage_healed":0,"gold_gain":0,"player_choice":"Take Damage","damage_taken":22,"relics_obtained":["Golden Idol"],"max_hp_gain":0,"max_hp_loss":0,"event_name":"Golden Idol","floor":10,"gold_loss":0},{"damage_healed":0,"gold_gain":0,"player_choice":"Fought Mushrooms","damage_taken":0,"max_hp_gain":0,"max_hp_loss":0,"event_name":"Mushrooms","floor":12,"gold_loss":0}],"is_beta":false,"boss_relics":[{"not_picked":["Lizard Tail","Coffee Dripper"],"picked":"Astrolabe"}],"items_purged_floors":[19],"is_endless":false,"potions_floor_spawned":[2,3,4,7,12,18,22],"killed_by":"Book of Stabbing","ascension_level":3}