{"path_per_floor":["M","M","?","T","$","E","$","M","T","M","R","?","M","E","R"],"character_chosen":"IRONCLAD","items_purchased":["Inflame"],"gold_per_floor":[16,34,34,34,34,77,9,34,61,74,74,149,168,209,209],"floor_reached":16,"campfire_rested":2,"playtime":1409,"current_hp_per_floor":[94,94,71,71,71,37,37,43,43,38,66,55,58,38,66],"items_purged":[],"gold":209,"play_id":"5f7837dd-0804-4648-b592-c2de2f85a795","is_prod":false,"is_daily":false,"campfire_rituals":0,"campfire_upgraded":0,"is_hardmode":false,"path_taken":["M","M","?","?","$","E","$","M","T","M","R","?","M","E","R","BOSS"],"build_version":"2018-01-18-PROD4","purchased_purges":0,"victory":false,"master_deck":["Strike_R","Strike_R","Strike_R","Strike_R","Strike_R","Defend_R","Defend_R","Defend_R","Defend_R","Bash","Iron Wave","Flex","Body Slam","Inflame","Pommel Strike","Shrug It Off","Thunderclap","Rampage","Sword Boomerang"],"max_hp_per_floor":[94,94,94,94,94,94,94,94,94,94,94,94,94,94,94],"relics":["Burning Blood","Mango","Golden Idol","Unceasing Top","Ancient Tea Set","Dream Catcher","Bag of Marbles"],"campfire_meditates":0,"card_choices":[{"not_picked":["Bloodletting","Thunderclap"],"picked":"Iron Wave"},{"not_picked":["Heavy Blade","Headbutt"],"picked":"Flex"},{"not_picked":["Perfected Strike","Bloodletting"],"picked":"Body Slam"},{"not_picked":["Blood for Blood","Metallicize"],"picked":"Pommel Strike"},{"not_picked":["Second Wind","Warcry"],"picked":"Shrug It Off"},{"not_picked":["True Grit","Twin Strike"],"picked":"Thunderclap"},{"not_picked":["Flex","Metallicize"],"picked":"Rampage"},{"not_picked":["Spot Weakness","Twin Strike"],"picked":"Sword Boomerang"}],"player_experience":4530,"potions_floor_usage":[6,14],"damage_taken":[{"damage":5,"enemies":"Small Slimes","floor":1,"turns":3},{"damage":3,"enemies":"Jaw Worm","floor":2,"turns":3},{"damage":40,"enemies":"Gremlin Nob","floor":6,"turns":5},{"damage":0,"enemies":"2 Louse","floor":8,"turns":1},{"damage":11,"enemies":"Exordium Thugs","floor":10,"turns":4},{"damage":3,"enemies":"2 Fungi Beasts","floor":13,"turns":3},{"damage":26,"enemies":"3 Sentries","floor":14,"turns":7},{"damage":66,"enemies":"Hexaghost","floor":16,"turns":9}],"event_choices":[{"event_name":"Golden Idol","player_choice":"Take Damage","floor":3,"damage_taken":0},{"event_name":"World of Goop","player_choice":"Gather Gold","floor":12,"damage_taken":0}],"boss_relics":[],"potions_floor_spawned":[1,10],"seed_played":"2431159694852082679","killed_by":"Hexaghost","is_trial":false}