{"gold_per_floor":[117,132,144,159,170,204,204,223,223,223,233,233,233,260,260,357,357,373,389,314,314,13,30,63,75,125,125,125,125,125,140,140,237,237,257,257,107,107,119,119,119],"floor_reached":41,"playtime":2215,"items_purged":["Juggernaut"],"score":444,"play_id":"a7f1422a-9370-442d-9f54-bc3640eec502","local_time":"20190129165613","is_ascension_mode":true,"campfire_choices":[{"data":"Juggernaut","floor":7,"key":"SMITH"},{"data":"Armaments","floor":13,"key":"SMITH"},{"data":"Shrug It Off","floor":15,"key":"SMITH"},{"data":"Barricade","floor":27,"key":"SMITH"},{"data":"Body Slam","floor":29,"key":"SMITH"},{"floor":32,"key":"REST"},{"data":"Corruption","floor":40,"key":"SMITH"}],"neow_cost":"NONE","seed_source_timestamp":1246403766199200,"circlet_count":0,"master_deck":["Bash","Headbutt+1","Cleave","Headbutt","Juggernaut+1","True Grit","Shrug It Off+1","Armaments+1","Pommel Strike","Barricade+1","Body Slam+1","Flex","Disarm","Rampage","Immolate","Corruption+1","Sever Soul","Fire Breathing","Reaper","Ghostly Armor","Good Instincts"],"relics":["Burning Blood","Ice Cream","Bronze Scales","Oddly Smooth Stone","Pen Nib","Runic Cube","Lantern","Art of War","Pantograph","Pandora\u0027s Box"],"potions_floor_usage":[6,11,14,14,16,16,24,24,24,41],"damage_taken":[{"damage":17,"enemies":"Jaw Worm","floor":1,"turns":5},{"damage":0,"enemies":"2 Louse","floor":2,"turns":2},{"damage":2,"enemies":"Small Slimes","floor":3,"turns":3},{"damage":9,"enemies":"Blue Slaver","floor":4,"turns":4},{"damage":6,"enemies":"2 Fungi Beasts","floor":5,"turns":3},{"damage":15,"enemies":"Gremlin Nob","floor":6,"turns":4},{"damage":12,"enemies":"Exordium Thugs","floor":8,"turns":4},{"damage":0,"enemies":"Looter","floor":11,"turns":3},{"damage":15,"enemies":"Lagavulin","floor":14,"turns":5},{"damage":18,"enemies":"Hexaghost","floor":16,"turns":9},{"damage":4,"enemies":"Chosen","floor":18,"turns":6},{"damage":27,"enemies":"Shell Parasite","floor":19,"turns":8},{"damage":19,"enemies":"Shelled Parasite and Fungi","floor":23,"turns":6},{"damage":36,"enemies":"Gremlin Leader","floor":24,"turns":6},{"damage":12,"enemies":"Snake Plant","floor":25,"turns":4},{"damage":25,"enemies":"Snecko","floor":31,"turns":5},{"damage":52,"enemies":"Champ","floor":33,"turns":16},{"damage":47,"enemies":"3 Darklings","floor":35,"turns":5},{"damage":37,"enemies":"Orb Walker","floor":39,"turns":5},{"damage":21,"enemies":"Transient","floor":41,"turns":3}],"seed_played":"-7298267103233935195","potions_obtained":[{"floor":2,"key":"Block Potion"},{"floor":3,"key":"EntropicBrew"},{"floor":5,"key":"Explosive Potion"},{"floor":6,"key":"Fire Potion"},{"floor":11,"key":"BloodPotion"},{"floor":16,"key":"SkillPotion"},{"floor":24,"key":"Strength Potion"},{"floor":39,"key":"PowerPotion"}],"is_trial":false,"path_per_floor":["M","M","M","M","M","E","R","M","T","?","M","?","R","E","R","B",null,"M","M","?","?","$","M","E","M","T","R","?","R","?","M","R","B",null,"M","?","$","?","M","R","M"],"character_chosen":"IRONCLAD","items_purchased":["Lantern","Art of War","Ghostly Armor"],"campfire_rested":1,"item_purchase_floors":[22,22,37],"current_hp_per_floor":[77,83,87,84,84,75,75,69,69,69,75,57,57,56,56,44,88,88,67,67,67,67,54,33,27,27,27,56,56,56,37,63,42,88,47,47,47,47,16,16,0],"gold":119,"neow_bonus":"TEN_PERCENT_HP_BONUS","is_prod":false,"is_daily":false,"chose_seed":false,"campfire_upgraded":6,"win_rate":0,"timestamp":1548798973,"path_taken":["M","M","M","M","M","E","R","M","T","?","M","?","R","E","R","BOSS","M","M","?","?","$","M","E","M","T","R","?","R","?","M","R","BOSS","M","?","$","?","M","R","M"],"build_version":"2019-01-23","purchased_purges":1,"victory":false,"max_hp_per_floor":[88,88,88,88,88,88,88,88,88,88,88,88,88,88,88,88,88,88,88,88,88,88,88,88,88,88,88,88,88,88,88,88,88,88,88,88,88,88,88,88,88],"card_choices":[{"not_picked":["Body Slam","Thunderclap"],"picked":"Headbutt","floor":1},{"not_picked":["Searing Blow","Metallicize"],"picked":"Cleave","floor":2},{"not_picked":["Searing Blow","Cleave"],"picked":"Headbutt","floor":3},{"not_picked":["Thunderclap","Wild Strike"],"picked":"Juggernaut","floor":4},{"not_picked":["Headbutt","Rage"],"picked":"True Grit","floor":5},{"not_picked":["Wild Strike","Cleave","Corruption"],"picked":"SKIP","floor":6},{"not_picked":["Pummel","Burning Pact"],"picked":"Shrug It Off","floor":8},{"not_picked":["Intimidate","Twin Strike"],"picked":"Armaments","floor":11},{"not_picked":["Cleave","Exhume"],"picked":"Pommel Strike","floor":14},{"not_picked":["Fiend Fire","Bludgeon"],"picked":"Barricade","floor":16},{"not_picked":["Thunderclap+1","Pommel Strike"],"picked":"Body Slam","floor":18},{"not_picked":["Wild Strike+1","Havoc+1","Twin Strike+1"],"picked":"SKIP","floor":19},{"not_picked":["Havoc+1","Thunderclap"],"picked":"Flex","floor":23},{"not_picked":["Clash","Clothesline","Carnage+1"],"picked":"SKIP","floor":24},{"not_picked":["Fire Breathing+1","Immolate","Heavy Blade"],"picked":"SKIP","floor":25},{"not_picked":["Pommel Strike","Wild Strike","Disarm+1"],"picked":"SKIP","floor":31},{"not_picked":["Feel No Pain+1","Heavy Blade","Shockwave+1"],"picked":"SKIP","floor":35},{"not_picked":["Swift Strike","Panacea"],"picked":"Good Instincts","floor":38},{"not_picked":["Body Slam","Clash","Dropkick+1"],"picked":"SKIP","floor":39}],"player_experience":87444,"relics_obtained":[{"floor":6,"key":"Ice Cream"},{"floor":9,"key":"Bronze Scales"},{"floor":14,"key":"Pen Nib"},{"floor":24,"key":"Pantograph"}],"event_choices":[{"damage_healed":0,"gold_gain":0,"player_choice":"Searched \u00272\u0027 times","damage_taken":0,"relics_obtained":["Oddly Smooth Stone"],"max_hp_gain":0,"max_hp_loss":0,"event_name":"Dead Adventurer","floor":10,"gold_loss":0},{"damage_healed":0,"gold_gain":0,"player_choice":"Entered Light","damage_taken":18,"max_hp_gain":0,"max_hp_loss":0,"event_name":"Shining Light","floor":12,"gold_loss":0,"cards_upgraded":["Defend_R","Headbutt"]},{"cards_removed":["Strike_R"],"damage_healed":0,"gold_gain":0,"player_choice":"Gave Gold","damage_taken":0,"max_hp_gain":0,"max_hp_loss":0,"event_name":"Beggar","floor":20,"gold_loss":75},{"damage_healed":0,"gold_gain":0,"player_choice":"Ignored","damage_taken":0,"max_hp_gain":0,"max_hp_loss":0,"event_name":"Vampires","floor":21,"gold_loss":0},{"damage_healed":29,"gold_gain":0,"player_choice":"Heal","damage_taken":0,"max_hp_gain":0,"max_hp_loss":0,"event_name":"The Library","floor":28,"gold_loss":0},{"damage_healed":0,"gold_gain":0,"player_choice":"Ignored","damage_taken":0,"max_hp_gain":0,"max_hp_loss":0,"event_name":"Cursed Tome","floor":30,"gold_loss":0},{"damage_healed":0,"gold_gain":0,"player_choice":"Ignored","damage_taken":0,"max_hp_gain":0,"max_hp_loss":0,"event_name":"Mysterious Sphere","floor":36,"gold_loss":0},{"damage_healed":0,"gold_gain":0,"player_choice":"Memory 1","damage_taken":0,"max_hp_gain":0,"max_hp_loss":0,"event_name":"SensoryStone","floor":38,"gold_loss":0}],"is_beta":false,"boss_relics":[{"not_picked":["Lizard Tail","Calling Bell"],"picked":"Runic Cube"},{"not_picked":["Fusion Hammer","Runic Dome"],"picked":"Pandora\u0027s Box"}],"items_purged_floors":[37],"is_endless":false,"potions_floor_spawned":[2,3,5,6,11,16,23,24,39],"killed_by":"Transient","ascension_level":1}