{"gold_per_floor":[111,1,1,17,92,126,126,167,167,167,182,208,222,238,238,362,362,378,394,394],"floor_reached":20,"playtime":1513,"items_purged":["Strike_B"],"score":303,"play_id":"046f6a2b-4518-49d1-9270-983b8f206583","local_time":"20190128174036","is_ascension_mode":true,"campfire_choices":[{"floor":7,"key":"REST"},{"data":"Zap","floor":10,"key":"SMITH"},{"data":"Fission","floor":15,"key":"SMITH"}],"neow_cost":"NONE","seed_source_timestamp":1458608214898771,"circlet_count":0,"master_deck":["Strike_B","Strike_B","Strike_B","Defend_B","Defend_B","Defend_B","Defend_B","Zap+1","Dualcast","Darkness","Auto Shields","Rebound","Core Surge","Genetic Algorithm","Redo","Fission+1","Genetic Algorithm","Echo Form","Glacier","Conserve Battery"],"relics":["Cracked Core","NeowsBlessing","Golden Idol","Bottled Flame","Gremlin Horn","Pantograph","Odd Mushroom","Eternal Feather"],"potions_floor_usage":[8,16,20,20,20],"damage_taken":[{"damage":0,"enemies":"Jaw Worm","floor":1,"turns":1},{"damage":0,"enemies":"2 Louse","floor":4,"turns":1},{"damage":0,"enemies":"3 Sentries","floor":6,"turns":1},{"damage":18,"enemies":"Lagavulin","floor":8,"turns":6},{"damage":0,"enemies":"Small Slimes","floor":11,"turns":2},{"damage":12,"enemies":"The Mushroom Lair","floor":12,"turns":4},{"damage":0,"enemies":"Exordium Wildlife","floor":13,"turns":4},{"damage":0,"enemies":"Gremlin Gang","floor":14,"turns":6},{"damage":27,"enemies":"The Guardian","floor":16,"turns":12},{"damage":2,"enemies":"Chosen","floor":18,"turns":6},{"damage":25,"enemies":"Shell Parasite","floor":19,"turns":9},{"damage":11,"enemies":"Colosseum Slavers","floor":20,"turns":8},{"damage":50,"enemies":"Colosseum Nobs","floor":20,"turns":6}],"seed_played":"8309458792096842302","potions_obtained":[{"floor":4,"key":"Block Potion"},{"floor":6,"key":"Block Potion"},{"floor":13,"key":"SpeedPotion"},{"floor":14,"key":"Weak Potion"},{"floor":19,"key":"Weak Potion"}],"is_trial":false,"path_per_floor":["M","$","?","M","?","E","R","E","T","R","M","?","M","M","R","B",null,"M","M","?"],"character_chosen":"DEFECT","items_purchased":["Auto Shields"],"campfire_rested":1,"item_purchase_floors":[2],"current_hp_per_floor":[68,68,50,50,39,39,61,43,43,43,43,31,31,31,31,29,64,62,37,0],"gold":394,"neow_bonus":"THREE_ENEMY_KILL","is_prod":false,"is_daily":false,"chose_seed":false,"campfire_upgraded":2,"win_rate":0,"timestamp":1548675636,"path_taken":["M","$","?","M","?","E","R","E","T","R","M","?","?","M","R","BOSS","M","?","?"],"build_version":"2019-01-23","purchased_purges":1,"victory":false,"max_hp_per_floor":[75,75,75,75,75,75,75,75,75,75,75,75,75,75,75,75,75,75,75,75],"card_choices":[{"not_picked":["Barrage","Compile Driver"],"picked":"Darkness","floor":1},{"not_picked":["Hologram","Turbo"],"picked":"Rebound","floor":4},{"not_picked":["Blizzard","Gash"],"picked":"Core Surge","floor":6},{"not_picked":["Rebound","Glacier"],"picked":"Genetic Algorithm","floor":8},{"not_picked":["Conserve Battery","Compile Driver"],"picked":"Redo","floor":11},{"not_picked":["Barrage","Reinforced Body"],"picked":"Fission","floor":12},{"not_picked":["Rebound","Leap","Hologram"],"picked":"SKIP","floor":13},{"not_picked":["Rebound","Leap","Hologram"],"picked":"SKIP","floor":13},{"not_picked":["Self Repair","Hologram"],"picked":"Genetic Algorithm","floor":14},{"not_picked":["Electrodynamics","Creative AI"],"picked":"Echo Form","floor":16},{"not_picked":["Conserve Battery+1","Streamline+1"],"picked":"Glacier","floor":18},{"not_picked":["Gash","Rip and Tear"],"picked":"Conserve Battery","floor":19}],"player_experience":679723,"relics_obtained":[{"floor":6,"key":"Bottled Flame"},{"floor":8,"key":"Gremlin Horn"},{"floor":9,"key":"Pantograph"},{"floor":12,"key":"Odd Mushroom"}],"event_choices":[{"damage_healed":0,"gold_gain":0,"player_choice":"Take Damage","damage_taken":18,"relics_obtained":["Golden Idol"],"max_hp_gain":0,"max_hp_loss":0,"event_name":"Golden Idol","floor":3,"gold_loss":0},{"damage_healed":0,"gold_gain":75,"player_choice":"Gather Gold","damage_taken":11,"max_hp_gain":0,"max_hp_loss":0,"event_name":"World of Goop","floor":5,"gold_loss":0},{"damage_healed":0,"gold_gain":0,"player_choice":"Fought Mushrooms","damage_taken":0,"max_hp_gain":0,"max_hp_loss":0,"event_name":"Mushrooms","floor":12,"gold_loss":0},{"damage_healed":0,"gold_gain":0,"player_choice":"Fight","damage_taken":0,"max_hp_gain":0,"max_hp_loss":0,"event_name":"Colosseum","floor":20,"gold_loss":0},{"damage_healed":0,"gold_gain":0,"player_choice":"Fought Nobs","damage_taken":0,"max_hp_gain":0,"max_hp_loss":0,"event_name":"Colosseum","floor":20,"gold_loss":0}],"is_beta":false,"boss_relics":[{"not_picked":["Orrery","Runic Dome"],"picked":"Eternal Feather"}],"items_purged_floors":[2],"is_endless":false,"potions_floor_spawned":[4,6,13,14,19,20],"killed_by":"Colosseum Nobs","ascension_level":9}