{"gold_per_floor":[14,14,34,51,151,181,181,200,249,274,340,340,70,84,84,187,187,207,207,225,237,254,254,254],"floor_reached":24,"playtime":1342,"items_purged":[],"score":239,"play_id":"53207348-3804-4ec4-8eec-769a36f38684","local_time":"20190205035509","is_ascension_mode":true,"campfire_choices":[{"data":"Streamline","floor":7,"key":"SMITH"},{"data":"Buffer","floor":12,"key":"SMITH"},{"floor":15,"key":"REST"},{"data":"Rainbow","floor":23,"key":"SMITH"}],"neow_cost":"NO_GOLD","seed_source_timestamp":1805211736362100,"circlet_count":0,"master_deck":["Zap","Dualcast","Streamline+1","Genetic Algorithm","Steam","Self Repair","Sweeping Beam","Buffer+1","Beam Cell","All For One","Coolheaded","Leap","Multi-Cast","Hologram","Core Surge","Blizzard","Reinforced Body","Steam","Turbo","Gash","Rainbow+1","Rebound"],"relics":["Cracked Core","Nunchaku","Pantograph","DataDisk","Happy Flower","Medical Kit","Pandora\u0027s Box"],"potions_floor_usage":[6,14,16,20,21,21],"damage_taken":[{"damage":4,"enemies":"Small Slimes","floor":1,"turns":3},{"damage":5,"enemies":"2 Louse","floor":3,"turns":3},{"damage":0,"enemies":"Cultist","floor":4,"turns":3},{"damage":23,"enemies":"Gremlin Nob","floor":6,"turns":4},{"damage":16,"enemies":"Exordium Wildlife","floor":8,"turns":4},{"damage":17,"enemies":"3 Sentries","floor":10,"turns":7},{"damage":0,"enemies":"Large Slime","floor":14,"turns":5},{"damage":37,"enemies":"The Guardian","floor":16,"turns":12},{"damage":0,"enemies":"Shell Parasite","floor":18,"turns":4},{"damage":8,"enemies":"3 Byrds","floor":20,"turns":5},{"damage":20,"enemies":"Centurion and Healer","floor":21,"turns":9},{"damage":0,"enemies":"Shelled Parasite and Fungi","floor":22,"turns":5},{"damage":70,"enemies":"Slavers","floor":24,"turns":7}],"seed_played":"-4133854644317000649","potions_obtained":[{"floor":4,"key":"Dexterity Potion"},{"floor":8,"key":"GamblersBrew"},{"floor":16,"key":"FairyPotion"},{"floor":18,"key":"SteroidPotion"},{"floor":19,"key":"Energy Potion"},{"floor":19,"key":"Weak Potion"},{"floor":20,"key":"Poison Potion"}],"is_trial":false,"path_per_floor":["M","?","M","M","?","E","R","M","T","E","?","R","$","M","R","B",null,"M","?","M","M","M","R","E"],"character_chosen":"DEFECT","items_purchased":["Medical Kit","EssenceOfSteel"],"campfire_rested":1,"item_purchase_floors":[13,13],"current_hp_per_floor":[71,71,66,66,66,43,43,34,34,24,24,24,24,31,53,45,75,75,75,74,61,61,61,0],"gold":254,"neow_bonus":"ONE_RARE_RELIC","is_prod":false,"is_daily":false,"chose_seed":false,"campfire_upgraded":3,"win_rate":0,"timestamp":1549356909,"path_taken":["M","?","M","M","?","E","R","?","T","E","?","R","$","M","R","BOSS","M","?","M","M","?","R","E"],"build_version":"2019-01-23","purchased_purges":0,"victory":false,"max_hp_per_floor":[75,75,75,75,75,75,75,75,75,75,75,75,75,75,75,75,75,75,75,75,75,75,75,75],"card_choices":[{"not_picked":["Loop","Barrage"],"picked":"Streamline","floor":1},{"not_picked":["Ball Lightning","Compile Driver"],"picked":"Genetic Algorithm","floor":3},{"not_picked":["Redo","Amplify"],"picked":"Steam","floor":4},{"not_picked":["Sunder","Heatsinks"],"picked":"Self Repair","floor":6},{"not_picked":["Heatsinks","Ball Lightning"],"picked":"Sweeping Beam","floor":8},{"not_picked":["Conserve Battery","Turbo"],"picked":"Buffer","floor":10},{"not_picked":["Doom and Gloom","FTL"],"picked":"Beam Cell","floor":14},{"not_picked":["Biased Cognition","Seek"],"picked":"All For One","floor":16},{"not_picked":["Steam+1","Compile Driver"],"picked":"Turbo","floor":18},{"not_picked":["Steam","Stack+1"],"picked":"Gash","floor":20},{"not_picked":["White Noise","Hologram+1"],"picked":"Rainbow","floor":21},{"not_picked":["Storm","Beam Cell"],"picked":"Rebound","floor":22}],"player_experience":235381,"relics_obtained":[{"floor":6,"key":"Pantograph"},{"floor":9,"key":"DataDisk"},{"floor":10,"key":"Happy Flower"}],"event_choices":[{"damage_healed":0,"gold_gain":0,"player_choice":"Leave","damage_taken":0,"max_hp_gain":0,"max_hp_loss":0,"event_name":"The Cleric","floor":2,"gold_loss":0},{"damage_healed":0,"gold_gain":100,"player_choice":"Pray","damage_taken":0,"max_hp_gain":0,"max_hp_loss":0,"event_name":"Golden Shrine","floor":5,"gold_loss":0},{"damage_healed":0,"gold_gain":66,"player_choice":"Gained Gold","damage_taken":0,"max_hp_gain":0,"max_hp_loss":0,"event_name":"Golden Wing","floor":11,"gold_loss":0},{"damage_healed":0,"gold_gain":0,"player_choice":"Got Potions","damage_taken":0,"max_hp_gain":0,"max_hp_loss":0,"event_name":"Lab","floor":19,"gold_loss":0}],"is_beta":false,"boss_relics":[{"not_picked":["Runic Dome","Lizard Tail"],"picked":"Pandora\u0027s Box"}],"items_purged_floors":[],"is_endless":false,"potions_floor_spawned":[4,8,16,18,20],"killed_by":"Slavers","ascension_level":3}