{"gold_per_floor":[114,134,150,169,185,138,170,61,86,86,102,113,113,113,113,214,214,231,78,97,117,129,129,229,229,256,9,34,34,34,65,65,168,168,178,53,53,53,71,71,84,102,147,172,172,172,0,10,10,10],"floor_reached":50,"playtime":3722,"items_purged":["Strike_B","Strike_B","Zap"],"score":563,"play_id":"345cff6a-edf9-4269-9f7b-5e384de6af1d","local_time":"20190131045638","is_ascension_mode":true,"campfire_choices":[{"data":"Hyperbeam","floor":10.0,"key":"SMITH"},{"data":"Echo Form","floor":13.0,"key":"SMITH"},{"data":"Conserve Battery","floor":15.0,"key":"SMITH"},{"data":"Buffer","floor":23.0,"key":"SMITH"},{"data":"White Noise","floor":25.0,"key":"SMITH"},{"floor":30.0,"key":"REST"},{"floor":32.0,"key":"REST"},{"data":"Leap","floor":40.0,"key":"SMITH"},{"floor":45,"key":"REST"},{"floor":49,"key":"REST"}],"neow_cost":"NONE","seed_source_timestamp":0,"circlet_count":0,"master_deck":["Strike_B","Defend_B","Defend_B","Defend_B","Defend_B","Dualcast","Hyperbeam+1","Conserve Battery+1","Heatsinks","Gash","Gash","Echo Form+1","Conserve Battery","Leap+1","Melter","Rebound","FTL","Buffer+1","Hologram","White Noise+1","Reprogram+1","Gash","Gash+1","Leap","Conserve Battery+1"],"special_seed":0,"relics":["Cracked Core","Sundial","Centennial Puzzle","White Beast Statue","Lantern","Pen Nib","Ancient Tea Set","Potion Belt","Black Star","Vajra","Blue Candle","Red Mask"],"potions_floor_usage":[41,42,42,42,44,44,48,50,50,50],"damage_taken":[{"damage":5.0,"enemies":"Small Slimes","floor":1.0,"turns":2.0},{"damage":0.0,"enemies":"2 Louse","floor":2.0,"turns":2.0},{"damage":0.0,"enemies":"Cultist","floor":3.0,"turns":2.0},{"damage":0.0,"enemies":"Exordium Wildlife","floor":4.0,"turns":3.0},{"damage":7.0,"enemies":"2 Fungi Beasts","floor":5.0,"turns":2.0},{"damage":22.0,"enemies":"3 Sentries","floor":7.0,"turns":7.0},{"damage":5.0,"enemies":"Looter","floor":11.0,"turns":2.0},{"damage":0.0,"enemies":"3 Louse","floor":12.0,"turns":1.0},{"damage":15.0,"enemies":"Hexaghost","floor":16.0,"turns":9.0},{"damage":3.0,"enemies":"Spheric Guardian","floor":18.0,"turns":3.0},{"damage":1.0,"enemies":"Chosen","floor":20.0,"turns":4.0},{"damage":21.0,"enemies":"Snake Plant","floor":21.0,"turns":4.0},{"damage":0.0,"enemies":"Snecko","floor":22.0,"turns":4.0},{"damage":31.0,"enemies":"Book of Stabbing","floor":28.0,"turns":6.0},{"damage":29.0,"enemies":"Gremlin Leader","floor":31.0,"turns":6.0},{"damage":11.0,"enemies":"Champ","floor":33.0,"turns":14.0},{"damage":29.0,"enemies":"3 Darklings","floor":35.0,"turns":4.0},{"damage":2.0,"enemies":"Orb Walker","floor":39.0,"turns":4.0},{"damage":7,"enemies":"4 Shapes","floor":41,"turns":5},{"damage":4,"enemies":"Jaw Worm Horde","floor":42,"turns":4},{"damage":29,"enemies":"Nemesis","floor":44,"turns":11},{"damage":11,"enemies":"Maw","floor":48,"turns":7},{"damage":40,"enemies":"Donu and Deca","floor":50,"turns":5}],"seed_played":"8185082666261547501","potions_obtained":[{"floor":3.0,"key":"Regen Potion"},{"floor":5.0,"key":"Poison Potion"},{"floor":7.0,"key":"Energy Potion"},{"floor":12.0,"key":"Weak Potion"},{"floor":16.0,"key":"Energy Potion"},{"floor":18.0,"key":"SkillPotion"},{"floor":20.0,"key":"Regen Potion"},{"floor":21.0,"key":"AttackPotion"},{"floor":22.0,"key":"FocusPotion"},{"floor":28.0,"key":"Weak Potion"},{"floor":31.0,"key":"Strength Potion"},{"floor":33.0,"key":"AttackPotion"},{"floor":35.0,"key":"LiquidBronze"},{"floor":39.0,"key":"SpeedPotion"},{"floor":41,"key":"EntropicBrew"},{"floor":42,"key":"FocusPotion"},{"floor":44,"key":"FearPotion"},{"floor":48,"key":"Poison Potion"}],"is_trial":false,"path_per_floor":["M","M","M","M","M","$","E","$","T","R","M","M","R","?","R","B",null,"M","$","M","M","M","R","?","R","T","$","E","$","R","E","R","B",null,"M","$","?","$","M","R","M","M","T","E","R","?","?","M","R","B"],"character_chosen":"DEFECT","items_purchased":["Conserve Battery","Capacitor","Melter","White Noise","Pen Nib"],"campfire_rested":4,"item_purchase_floors":[6,8,8,19,27],"current_hp_per_floor":[70,70,70,70,63,63,56,56,56,56,51,51,51,51,51,36,75,72,72,71,59,59,59,59,59,59,59,28,28,50,21,43,32,75,46,46,46,46,44,44,37,33,33,4,26,26,26,15,37,0],"gold":10,"neow_bonus":"TRANSFORM_CARD","is_prod":false,"is_daily":false,"chose_seed":false,"campfire_upgraded":6,"win_rate":0,"timestamp":1548928598,"path_taken":["M","M","M","M","M","$","E","$","T","R","M","M","R","?","R","BOSS","M","$","M","M","M","R","?","R","T","?","E","$","R","E","R","BOSS","M","$","?","$","M","R","M","M","T","E","R","?","?","M","R","BOSS"],"build_version":"2019-01-23","purchased_purges":3,"victory":false,"max_hp_per_floor":[75,75,75,75,75,75,75,75,75,75,75,75,75,75,75,75,75,75,75,75,75,75,75,75,75,75,75,75,75,75,75,75,75,75,75,75,75,75,75,75,75,75,75,75,75,75,75,75,75,75],"card_choices":[{"not_picked":["Beam Cell","Storm"],"picked":"Conserve Battery","floor":1.0},{"not_picked":["Doom and Gloom","Defragment"],"picked":"Heatsinks","floor":2.0},{"not_picked":["Lockon","Rebound"],"picked":"Gash","floor":3.0},{"not_picked":["Consume","Leap"],"picked":"Gash","floor":4.0},{"not_picked":["Steam","Coolheaded"],"picked":"Echo Form","floor":5.0},{"not_picked":["Beam Cell","Rainbow"],"picked":"Leap","floor":7.0},{"not_picked":["Coolheaded","Sweeping Beam"],"picked":"Rebound","floor":11.0},{"not_picked":["Fusion","Beam Cell"],"picked":"FTL","floor":12.0},{"not_picked":["Echo Form","Reboot"],"picked":"Buffer","floor":16.0},{"not_picked":["Conserve Battery+1","Steam Power+1"],"picked":"Hologram","floor":18.0},{"not_picked":["Beam Cell+1","Stack+1"],"picked":"Reprogram+1","floor":20.0},{"not_picked":["Genetic Algorithm","Storm+1"],"picked":"Gash","floor":21.0},{"not_picked":["Scrape","Redo"],"picked":"Gash+1","floor":22.0},{"not_picked":["Echo Form","Hologram+1"],"picked":"Leap","floor":28.0},{"not_picked":["Steam Power+1","Barrage","Sweeping Beam+1"],"picked":"SKIP","floor":31.0},{"not_picked":["Ball Lightning","Static Discharge+1","Reprogram+1"],"picked":"SKIP","floor":35.0},{"not_picked":["Auto Shields+1","Go for the Eyes+1","Tempest"],"picked":"SKIP","floor":39.0},{"not_picked":["Redo","Undo+1","Compile Driver+1"],"picked":"SKIP","floor":41},{"not_picked":["Sweeping Beam","Beam Cell+1"],"picked":"Conserve Battery+1","floor":42},{"not_picked":["Beam Cell","Go for the Eyes","Gash"],"picked":"SKIP","floor":44},{"not_picked":["Sweeping Beam+1","Barrage+1","Beam Cell+1"],"picked":"SKIP","floor":48}],"player_experience":147895,"relics_obtained":[{"floor":7.0,"key":"Sundial"},{"floor":9.0,"key":"Centennial Puzzle"},{"floor":26.0,"key":"Lantern"},{"floor":28.0,"key":"Ancient Tea Set"},{"floor":31.0,"key":"Potion Belt"},{"floor":44,"key":"Vajra"},{"floor":44,"key":"Blue Candle"}],"event_choices":[{"damage_healed":0.0,"max_hp_gain":0.0,"max_hp_loss":0.0,"gold_gain":0.0,"event_name":"Liars Game","player_choice":"Ignored","floor":14.0,"gold_loss":0.0,"damage_taken":0.0},{"damage_healed":0.0,"max_hp_gain":0.0,"max_hp_loss":0.0,"gold_gain":100.0,"event_name":"Golden Shrine","player_choice":"Pray","floor":24.0,"gold_loss":0.0,"damage_taken":0.0},{"cards_removed":["Capacitor"],"damage_healed":0.0,"max_hp_gain":0.0,"max_hp_loss":0.0,"gold_gain":0.0,"event_name":"Falling","player_choice":"Removed Power","floor":37.0,"gold_loss":0.0,"damage_taken":0.0},{"damage_healed":0,"gold_gain":0,"player_choice":"Ignored","damage_taken":0,"max_hp_gain":0,"max_hp_loss":0,"event_name":"Mysterious Sphere","floor":46,"gold_loss":0},{"damage_healed":0,"gold_gain":0,"player_choice":"Paid","damage_taken":0,"relics_obtained":["Red Mask"],"max_hp_gain":0,"max_hp_loss":0,"event_name":"Tomb of Lord Red Mask","floor":47,"gold_loss":172}],"is_beta":false,"boss_relics":[{"not_picked":["Tiny House","Lizard Tail"],"picked":"White Beast Statue"},{"not_picked":["Snecko Eye","Runic Dome"],"picked":"Black Star"}],"items_purged_floors":[19,27,36],"is_endless":false,"potions_floor_spawned":[3,5,7,12,16,18,20,21,22,28,31,33,35,39,41,42,44,48],"killed_by":"Donu and Deca","ascension_level":1}