{"gold_per_floor":[119,129,129,141,141,170,185,185,254,8,23,23,23,35,35,113,113,127,127,177,190,190],"floor_reached":22,"playtime":720,"items_purged":["Strike_R"],"score":363,"play_id":"afd211dc-e99b-4254-862d-a83de9d3a2d1","local_time":"20190205115553","is_ascension_mode":true,"campfire_choices":[{"data":"Whirlwind","floor":8,"key":"SMITH"},{"floor":12,"key":"REST"},{"data":"Uppercut","floor":15,"key":"SMITH"}],"neow_cost":"TEN_PERCENT_HP_LOSS","seed_source_timestamp":1469554323189622,"circlet_count":0,"master_deck":["AscendersBane","Bash","Flex","Flex","Uppercut+1","Whirlwind+1","Ghostly Armor","Dropkick","Twin Strike","Searing Blow","Second Wind","Pommel Strike","Shame"],"relics":["Burning Blood","Incense Burner","Lantern","Blue Candle","Pandora\u0027s Box","Happy Flower"],"potions_floor_usage":[16],"damage_taken":[{"damage":7,"enemies":"Cultist","floor":1,"turns":4},{"damage":8,"enemies":"2 Louse","floor":2,"turns":2},{"damage":11,"enemies":"Small Slimes","floor":4,"turns":3},{"damage":50,"enemies":"Gremlin Nob","floor":6,"turns":5},{"damage":0,"enemies":"2 Fungi Beasts","floor":7,"turns":1},{"damage":3,"enemies":"Blue Slaver","floor":11,"turns":4},{"damage":4,"enemies":"Red Slaver","floor":14,"turns":3},{"damage":26,"enemies":"Hexaghost","floor":16,"turns":11},{"damage":35,"enemies":"Shell Parasite","floor":18,"turns":4},{"damage":20,"enemies":"3 Byrds","floor":21,"turns":5},{"damage":18,"enemies":"Snake Plant","floor":22,"turns":1}],"seed_played":"-1628017871320999477","potions_obtained":[{"floor":4,"key":"AttackPotion"},{"floor":7,"key":"SpeedPotion"},{"floor":14,"key":"SkillPotion"}],"is_trial":false,"path_per_floor":["M","M","?","M","?","E","M","R","T","$","M","R","?","M","R","B",null,"M","?","?","M","M"],"character_chosen":"IRONCLAD","items_purchased":["Ghostly Armor","Dropkick"],"campfire_rested":1,"item_purchase_floors":[10,10],"current_hp_per_floor":[67,65,65,60,60,16,22,22,22,22,25,45,38,40,40,20,56,27,27,27,13,0],"gold":190,"neow_bonus":"REMOVE_TWO","is_prod":false,"is_daily":false,"chose_seed":false,"campfire_upgraded":2,"win_rate":0,"timestamp":1549364153,"path_taken":["M","?","?","M","?","E","M","R","T","$","?","R","?","M","R","BOSS","M","?","?","M","M"],"build_version":"2019-01-23","purchased_purges":1,"victory":false,"max_hp_per_floor":[68,68,68,68,68,68,68,68,68,68,68,68,68,68,68,68,68,68,68,68,68,68],"card_choices":[{"not_picked":["Perfected Strike","Sentinel"],"picked":"Flex","floor":1},{"not_picked":["Twin Strike","Clothesline"],"picked":"Flex","floor":2},{"not_picked":["Headbutt","Thunderclap"],"picked":"Uppercut","floor":4},{"not_picked":["Shrug It Off","Exhume"],"picked":"Whirlwind","floor":6},{"not_picked":["Wild Strike","Sword Boomerang","Havoc"],"picked":"SKIP","floor":7},{"not_picked":["Clash","Wild Strike","Corruption"],"picked":"SKIP","floor":11},{"not_picked":["Twin Strike","Heavy Blade","Thunderclap"],"picked":"SKIP","floor":14},{"not_picked":["Twin Strike","Body Slam+1","Headbutt"],"picked":"SKIP","floor":18},{"not_picked":["Flex+1","Thunderclap","Iron Wave"],"picked":"SKIP","floor":21}],"player_experience":702239,"relics_obtained":[{"floor":6,"key":"Lantern"},{"floor":9,"key":"Blue Candle"}],"event_choices":[{"cards_removed":["Strike_R"],"damage_healed":0,"gold_gain":0,"player_choice":"Forget","damage_taken":0,"max_hp_gain":0,"max_hp_loss":0,"event_name":"Living Wall","floor":3,"gold_loss":0},{"damage_healed":0,"gold_gain":0,"player_choice":"Gave Potion","damage_taken":0,"relics_obtained":["Incense Burner"],"max_hp_gain":0,"max_hp_loss":0,"event_name":"WeMeetAgain","floor":5,"gold_loss":0},{"cards_removed":["Strike_R"],"damage_healed":0,"gold_gain":0,"player_choice":"Card Removal","damage_taken":7,"max_hp_gain":0,"max_hp_loss":0,"event_name":"Golden Wing","floor":13,"gold_loss":0},{"damage_healed":0,"gold_gain":0,"player_choice":"Stole Relic","damage_taken":0,"relics_obtained":["Happy Flower"],"max_hp_gain":0,"max_hp_loss":0,"event_name":"Addict","floor":19,"gold_loss":0,"cards_obtained":["Shame"]},{"damage_healed":0,"gold_gain":100,"player_choice":"Bet on Murderer","damage_taken":0,"max_hp_gain":0,"max_hp_loss":0,"event_name":"The Joust","floor":20,"gold_loss":50}],"is_beta":true,"boss_relics":[{"not_picked":["Runic Cube","Philosopher\u0027s Stone"],"picked":"Pandora\u0027s Box"}],"items_purged_floors":[10],"is_endless":false,"potions_floor_spawned":[4,7,14],"killed_by":"Snake Plant","ascension_level":19}