{"gold_per_floor":[213,226,226,226,12,12,41,41,92,108,108,140,34,34],"floor_reached":14,"playtime":415,"items_purged":["Strike_G"],"score":192,"play_id":"68e2ed6e-c84b-4de9-893e-7fc612aaabf8","local_time":"20190205174646","is_ascension_mode":true,"campfire_choices":[{"data":"Bane","floor":6,"key":"SMITH"},{"floor":11,"key":"REST"}],"neow_cost":"NONE","seed_source_timestamp":3285546963000,"circlet_count":0,"master_deck":["AscendersBane","Defend_G","Defend_G","Defend_G","Defend_G","Defend_G","Strike_G","Strike_G","Strike_G","Strike_G","Survivor","Neutralize","Footwork","Well Laid Plans","Bane+1","Dash","Deadly Poison","Die Die Die","Footwork","PiercingWail"],"relics":["Ring of the Snake","Vajra","Gremlin Horn","Ancient Tea Set","Darkstone Periapt"],"potions_floor_usage":[7,12],"damage_taken":[{"damage":0,"enemies":"Cultist","floor":1,"turns":4},{"damage":1,"enemies":"Jaw Worm","floor":2,"turns":5},{"damage":46,"enemies":"3 Sentries","floor":7,"turns":18},{"damage":0,"enemies":"Small Slimes","floor":10,"turns":4},{"damage":15,"enemies":"Lagavulin","floor":12,"turns":5},{"damage":7,"enemies":"Blue Slaver","floor":14,"turns":1}],"seed_played":"-6426157191871897918","potions_obtained":[{"floor":1,"key":"Strength Potion"},{"floor":2,"key":"Block Potion"}],"is_trial":false,"path_per_floor":["M","M","?","?","$","R","E","?","T","M","R","E","$","M"],"character_chosen":"THE_SILENT","items_purchased":["Well Laid Plans","Bane","Footwork","PiercingWail"],"campfire_rested":1,"item_purchase_floors":[5,5,13,13],"current_hp_per_floor":[59,58,47,47,47,47,1,1,1,1,20,5,5,0],"gold":34,"neow_bonus":"HUNDRED_GOLD","is_prod":false,"is_daily":false,"chose_seed":false,"campfire_upgraded":1,"win_rate":0,"timestamp":1549381606,"path_taken":["M","M","?","?","$","R","E","?","T","M","R","E","?","M"],"build_version":"2019-01-23","purchased_purges":1,"victory":false,"max_hp_per_floor":[66,66,66,66,66,66,66,66,66,66,66,66,66,66],"card_choices":[{"not_picked":["Tactician","Bouncing Flask","Caltrops"],"picked":"SKIP","floor":1},{"not_picked":["Acrobatics","Prepared"],"picked":"Footwork","floor":2},{"not_picked":["Concentrate","Quick Slash"],"picked":"Dash","floor":7},{"not_picked":["Sucker Punch","Backstab"],"picked":"Deadly Poison","floor":10},{"not_picked":["Tactician","Deflect"],"picked":"Die Die Die","floor":12}],"player_experience":622288,"relics_obtained":[{"floor":7,"key":"Gremlin Horn"},{"floor":9,"key":"Ancient Tea Set"},{"floor":12,"key":"Darkstone Periapt"}],"event_choices":[{"damage_healed":0,"gold_gain":0,"player_choice":"Success","damage_taken":11,"relics_obtained":["Vajra"],"max_hp_gain":0,"max_hp_loss":0,"event_name":"Scrap Ooze","floor":3,"gold_loss":0},{"damage_healed":0,"gold_gain":0,"player_choice":"Leave","damage_taken":0,"max_hp_gain":0,"max_hp_loss":0,"event_name":"The Cleric","floor":4,"gold_loss":0},{"damage_healed":0,"gold_gain":0,"player_choice":"Ignored","damage_taken":0,"max_hp_gain":0,"max_hp_loss":0,"event_name":"Shining Light","floor":8,"gold_loss":0}],"is_beta":false,"boss_relics":[],"items_purged_floors":[5],"is_endless":false,"potions_floor_spawned":[1,2],"killed_by":"Blue Slaver","ascension_level":20}