{"gold_per_floor":[116,127,137,137,10,10,37,47,47,62,62,75,75,30,30,133,133,151,164,195,155,165,165,198,198,223,223,235,261,281,281,281,386,386,401,12,30,47,60,93,93,93,140,140,140,140,140,15,45,45],"floor_reached":50,"playtime":5082,"items_purged":["Strike_B","Strike_B","Self Repair"],"score":781,"play_id":"0d50ff38-a585-4e69-aa26-a3b65613caca","local_time":"20190131235513","is_ascension_mode":true,"campfire_choices":[{"data":"Seek","floor":6.0,"key":"SMITH"},{"data":"Steam","floor":11.0,"key":"SMITH"},{"data":"Gash","floor":13.0,"key":"SMITH"},{"data":"Hologram","floor":15.0,"key":"SMITH"},{"floor":23.0,"key":"REST"},{"data":"Echo Form","floor":25.0,"key":"SMITH"},{"data":"Conserve Battery","floor":27.0,"key":"SMITH"},{"data":"Zap","floor":32.0,"key":"SMITH"},{"floor":41.0,"key":"RECALL"},{"data":"Seek","floor":47.0,"key":"SMITH"}],"neow_cost":"NONE","seed_source_timestamp":0,"circlet_count":0,"master_deck":["Defend_B+1","Defend_B","Defend_B","Defend_B+1","Zap+1","Dualcast","Seek+1","Gash+1","Steam+1","Leap","All For One","Scrape+1","Rebound","Hologram+1","Hologram+1","Streamline","Go for the Eyes","Gash","Reinforced Body+1","Steam+1","Conserve Battery+1","Echo Form+1","Chill","Self Repair+1","Go for the Eyes","Seek+1","Turbo+1","Gash+1"],"special_seed":0,"relics":["Cracked Core","Meat on the Bone","Unceasing Top","Orrery","Red Mask","StoneCalendar","Ancient Tea Set","Anchor","Runic Pyramid","Vajra","Omamori","Bag of Marbles","War Paint"],"potions_floor_usage":[50,50],"damage_taken":[{"damage":0.0,"enemies":"Cultist","floor":1.0,"turns":3.0},{"damage":0.0,"enemies":"2 Louse","floor":2.0,"turns":2.0},{"damage":7.0,"enemies":"Jaw Worm","floor":3.0,"turns":4.0},{"damage":25.0,"enemies":"Gremlin Nob","floor":7.0,"turns":5.0},{"damage":0.0,"enemies":"Gremlin Gang","floor":8.0,"turns":3.0},{"damage":1.0,"enemies":"Looter","floor":10.0,"turns":3.0},{"damage":0.0,"enemies":"Exordium Wildlife","floor":12.0,"turns":3.0},{"damage":41.0,"enemies":"Slime Boss","floor":16.0,"turns":9.0},{"damage":10.0,"enemies":"3 Byrds","floor":18.0,"turns":6.0},{"damage":7.0,"enemies":"Spheric Guardian","floor":19.0,"turns":4.0},{"damage":18.0,"enemies":"Masked Bandits","floor":20.0,"turns":4.0},{"damage":24.0,"enemies":"Snake Plant","floor":22.0,"turns":5.0},{"damage":1.0,"enemies":"Gremlin Leader","floor":24.0,"turns":6.0},{"damage":17.0,"enemies":"Centurion and Healer","floor":28.0,"turns":6.0},{"damage":10.0,"enemies":"Slavers","floor":29.0,"turns":7.0},{"damage":2.0,"enemies":"Snecko","floor":30.0,"turns":5.0},{"damage":18.0,"enemies":"Automaton","floor":33.0,"turns":6.0},{"damage":7.0,"enemies":"3 Shapes","floor":35.0,"turns":3.0},{"damage":18.0,"enemies":"3 Darklings","floor":37.0,"turns":4.0},{"damage":28.0,"enemies":"Transient","floor":38.0,"turns":5.0},{"damage":0.0,"enemies":"Spire Growth","floor":39.0,"turns":4.0},{"damage":0.0,"enemies":"Giant Head","floor":40.0,"turns":6.0},{"damage":7.0,"enemies":"Donu and Deca","floor":45.0,"turns":7.0},{"damage":1.0,"enemies":"Shield and Spear","floor":49.0,"turns":8.0},{"damage":76,"enemies":"The Heart","floor":50,"turns":9}],"seed_played":"-1271260234387929076","potions_obtained":[{"floor":3.0,"key":"SkillPotion"},{"floor":7.0,"key":"SkillPotion"},{"floor":8.0,"key":"Block Potion"},{"floor":12.0,"key":"Weak Potion"},{"floor":16.0,"key":"SkillPotion"},{"floor":18.0,"key":"Ancient Potion"},{"floor":22.0,"key":"SteroidPotion"},{"floor":28.0,"key":"Regen Potion"},{"floor":29.0,"key":"FocusPotion"},{"floor":30.0,"key":"Ancient Potion"},{"floor":38.0,"key":"PowerPotion"},{"floor":40.0,"key":"EssenceOfSteel"},{"floor":49.0,"key":"SpeedPotion"}],"is_trial":false,"path_per_floor":["M","M","M","?","$","R","E","M","T","M","R","M","R","$","R","B",null,"M","M","?","?","M","R","E","R","T","R","M","E","M","?","R","B",null,"M","$","M","M","M","E","R","?","T","?","B",null,"R","$","E","B"],"character_chosen":"DEFECT","items_purchased":["Leap","Hologram","Vajra","Omamori"],"campfire_rested":1,"item_purchase_floors":[5,14,36,36],"current_hp_per_floor":[75,75,68,68,68,68,43,43,43,42,42,42,42,42,42,13,75,65,58,40,40,28,50,49,49,49,49,44,49,67,67,67,49,75,75,75,67,49,66,75,75,75,75,75,75,75,75,75,75,0],"gold":45,"neow_bonus":"ONE_RANDOM_RARE_CARD","is_prod":false,"is_daily":false,"chose_seed":false,"campfire_upgraded":8,"win_rate":0,"timestamp":1548996913,"path_taken":["M","M","M","?","?","R","E","M","T","M","R","M","R","$","R","BOSS","M","M","?","?","M","R","E","R","T","R","M","E","?","?","R","BOSS","M","$","M","?","M","E","R","?","T","?","BOSS","R","$","E","BOSS"],"build_version":"2019-01-23","purchased_purges":3,"victory":false,"max_hp_per_floor":[75,75,75,75,75,75,75,75,75,75,75,75,75,75,75,75,75,75,75,75,75,75,75,75,75,75,75,75,75,75,75,75,75,75,75,75,75,75,75,75,75,75,75,75,75,75,75,75,75,75],"card_choices":[{"not_picked":["Leap","Glacier"],"picked":"Gash","floor":1.0},{"not_picked":["White Noise","Beam Cell"],"picked":"Steam","floor":2.0},{"not_picked":["Hello World","Blizzard"],"picked":"Gash","floor":3.0},{"not_picked":["Blizzard","Turbo"],"picked":"All For One","floor":7.0},{"not_picked":["Redo","Static Discharge"],"picked":"Scrape","floor":8.0},{"not_picked":["Undo","Gash"],"picked":"Rebound","floor":10.0},{"not_picked":["Rebound","Genetic Algorithm","Stack"],"picked":"SKIP","floor":12.0},{"not_picked":["Darkness","Reprogram"],"picked":"Hologram","floor":17.0},{"not_picked":["Stack","Barrage"],"picked":"Streamline","floor":17.0},{"not_picked":["Blizzard","Recycle"],"picked":"Go for the Eyes","floor":17.0},{"not_picked":["Hologram","Streamline"],"picked":"Gash","floor":17.0},{"not_picked":["Sweeping Beam","Aggregate"],"picked":"Reinforced Body+1","floor":18.0},{"not_picked":["Redo","Doom and Gloom","Barrage"],"picked":"SKIP","floor":19.0},{"not_picked":["Beam Cell","Leap"],"picked":"Steam+1","floor":20.0},{"not_picked":["Hello World","Amplify"],"picked":"Conserve Battery","floor":22.0},{"not_picked":["Defragment","Doom and Gloom"],"picked":"Echo Form","floor":24.0},{"not_picked":["Compile Driver","Sweeping Beam"],"picked":"Chill","floor":28.0},{"not_picked":["Gash+1","Leap+1"],"picked":"Self Repair+1","floor":29.0},{"not_picked":["Rebound","Cold Snap"],"picked":"Go for the Eyes","floor":30.0},{"not_picked":["Buffer","Core Surge"],"picked":"Seek","floor":33.0},{"not_picked":["Turbo","Sweeping Beam","Go for the Eyes+1"],"picked":"SKIP","floor":35.0},{"not_picked":["Barrage","Sweeping Beam"],"picked":"Turbo+1","floor":37.0},{"not_picked":["Gash","Coolheaded+1"],"picked":"Self Repair","floor":38.0},{"not_picked":["Rebound+1","Buffer","Fusion"],"picked":"SKIP","floor":39.0},{"not_picked":["Stack+1","Barrage"],"picked":"Gash+1","floor":40.0},{"not_picked":["Compile Driver","Steam+1","Streamline+1"],"picked":"SKIP","floor":49.0}],"player_experience":162772,"relics_obtained":[{"floor":7.0,"key":"Meat on the Bone"},{"floor":9.0,"key":"Unceasing Top"},{"floor":20.0,"key":"Red Mask"},{"floor":24.0,"key":"StoneCalendar"},{"floor":26.0,"key":"Ancient Tea Set"},{"floor":29.0,"key":"Anchor"},{"floor":40.0,"key":"Bag of Marbles"},{"floor":49.0,"key":"War Paint"}],"event_choices":[{"cards_removed":["Strike_B"],"damage_healed":0.0,"max_hp_gain":0.0,"max_hp_loss":0.0,"gold_gain":0.0,"event_name":"Purifier","player_choice":"Purged","floor":4.0,"gold_loss":0.0,"damage_taken":0.0},{"damage_healed":0.0,"max_hp_gain":0.0,"max_hp_loss":0.0,"gold_gain":0.0,"event_name":"Masked Bandits","player_choice":"Fought Bandits","floor":20.0,"gold_loss":0.0,"damage_taken":0.0},{"damage_healed":0.0,"max_hp_gain":0.0,"max_hp_loss":0.0,"gold_gain":0.0,"event_name":"Designer","player_choice":"Upgraded Two","floor":21.0,"gold_loss":40.0,"damage_taken":0.0,"cards_upgraded":["Defend_B","Scrape"]},{"cards_removed":["Strike_B"],"damage_healed":0.0,"max_hp_gain":0.0,"max_hp_loss":0.0,"gold_gain":0.0,"event_name":"Bonfire Elementals","player_choice":"Offered Basic","floor":31.0,"gold_loss":0.0,"damage_taken":0.0},{"cards_removed":["Gash"],"damage_healed":0.0,"max_hp_gain":0.0,"max_hp_loss":0.0,"gold_gain":0.0,"event_name":"Falling","player_choice":"Removed Attack","floor":42.0,"gold_loss":0.0,"damage_taken":0.0},{"damage_healed":0.0,"max_hp_gain":0.0,"max_hp_loss":0.0,"gold_gain":0.0,"event_name":"SecretPortal","player_choice":"Took Portal","floor":44.0,"gold_loss":0.0,"damage_taken":0.0}],"is_beta":false,"boss_relics":[{"not_picked":["Ectoplasm","Inserter"],"picked":"Orrery"},{"not_picked":["Black Star","Astrolabe"],"picked":"Runic Pyramid"}],"items_purged_floors":[5,36,48],"is_endless":false,"potions_floor_spawned":[3,7,8,12,16,18,22,28,29,30,38,40,49],"killed_by":"The Heart","ascension_level":2}