{"gold_per_floor":[119,194,208,67,6,6,41,41,67,93,113,126,139,161,161,263,263,280,280,296,76,87,87,100,100,149,149,168,182,182,198,198,301,301,321,56,73,126,126,159,159,159,159,159,177,189,205,222,222,222],"floor_reached":50,"playtime":5205,"items_purged":[],"score":586,"play_id":"1c9d7b20-1c88-4b94-939e-a1f04ed309ef","local_time":"20190109141803","is_ascension_mode":false,"campfire_choices":[{"data":"Dramatic Entrance","floor":6,"key":"SMITH"},{"floor":8,"key":"REST"},{"data":"Heavy Blade","floor":15,"key":"SMITH"},{"data":"Twin Strike","floor":23,"key":"SMITH"},{"floor":27,"key":"REST"},{"floor":32,"key":"REST"},{"floor":41,"key":"REST"},{"data":"Demon Form","floor":44,"key":"SMITH"},{"floor":49,"key":"REST"}],"neow_cost":"NONE","seed_source_timestamp":6609144849635,"circlet_count":0,"master_deck":["Strike_R+1","Strike_R+1","Strike_R+1","Strike_R+1","Strike_R+1","Defend_R+1","Defend_R+1","Defend_R+1","Defend_R+1","Bash","Ghostly Armor","Dropkick","Dramatic Entrance+1","Inflame","Thunderclap","Flex","Anger","Pummel","Twin Strike+1","Heavy Blade+1","Feed","Twin Strike","Iron Wave","Metallicize","Iron Wave","Feed","Flex","Heavy Blade","Demon Form+1","Barricade","Entrench+1","Metallicize","Secret Technique","Flex","Headbutt+1","Iron Wave","Body Slam+1","Warcry","Armaments+1","Second Wind+1","Twin Strike+1","Pummel+1"],"relics":["Black Blood","Dream Catcher","Happy Flower","Mummified Hand","Bag of Preparation","Pear","Odd Mushroom","Strawberry","Ancient Tea Set","Nilry\u0027s Codex","Runic Pyramid","Unceasing Top","Blood Vial","Pantograph","Meat on the Bone"],"potions_floor_usage":[7,16,18,33,33,33,40,45,46,48,50],"damage_taken":[{"damage":6,"enemies":"Jaw Worm","floor":1,"turns":3},{"damage":2,"enemies":"2 Louse","floor":3,"turns":4},{"damage":53,"enemies":"Lagavulin","floor":7,"turns":10},{"damage":15,"enemies":"3 Sentries","floor":10,"turns":7},{"damage":0,"enemies":"Cultist","floor":11,"turns":2},{"damage":0,"enemies":"2 Fungi Beasts","floor":12,"turns":2},{"damage":0,"enemies":"Looter","floor":13,"turns":2},{"damage":0,"enemies":"The Mushroom Lair","floor":14,"turns":1},{"damage":56,"enemies":"Hexaghost","floor":16,"turns":6},{"damage":10,"enemies":"Shell Parasite","floor":18,"turns":4},{"damage":10,"enemies":"Chosen","floor":20,"turns":3},{"damage":29,"enemies":"Snake Plant","floor":22,"turns":5},{"damage":27,"enemies":"Shelled Parasite and Fungi","floor":24,"turns":6},{"damage":0,"enemies":"3 Cultists","floor":28,"turns":3},{"damage":0,"enemies":"Cultist and Chosen","floor":29,"turns":5},{"damage":37,"enemies":"Snake Plant","floor":31,"turns":3},{"damage":99,"enemies":"Automaton","floor":33,"turns":12},{"damage":7,"enemies":"Orb Walker","floor":35,"turns":3},{"damage":4,"enemies":"3 Shapes","floor":37,"turns":5},{"damage":49,"enemies":"2 Orb Walkers","floor":38,"turns":5},{"damage":77,"enemies":"Reptomancer","floor":40,"turns":6},{"damage":30,"enemies":"Sphere and 2 Shapes","floor":45,"turns":5},{"damage":5,"enemies":"Maw","floor":46,"turns":10},{"damage":51,"enemies":"Transient","floor":47,"turns":5},{"damage":39,"enemies":"Jaw Worm Horde","floor":48,"turns":5},{"damage":137,"enemies":"Awakened One","floor":50,"turns":12}],"seed_played":"-2811001787278692463","potions_obtained":[{"floor":1,"key":"BloodPotion"},{"floor":11,"key":"Energy Potion"},{"floor":13,"key":"Strength Potion"},{"floor":16,"key":"Ancient Potion"},{"floor":28,"key":"Explosive Potion"},{"floor":31,"key":"Weak Potion"},{"floor":33,"key":"Strength Potion"},{"floor":35,"key":"Dexterity Potion"},{"floor":40,"key":"Regen Potion"},{"floor":47,"key":"SkillPotion"},{"floor":48,"key":"Fire Potion"}],"is_trial":false,"path_per_floor":["M","?","M","$","?","R","E","R","T","E","M","M","M","?","R","B",null,"M","?","M","$","M","R","M","?","T","R","M","M","?","M","R","B",null,"M","$","M","?","?","E","R","T","T","R","M","M","M","M","R","B"],"character_chosen":"IRONCLAD","items_purchased":["Dramatic Entrance","Block Potion","Strawberry","Inflame","Metallicize","Secret Technique"],"campfire_rested":5,"item_purchase_floors":[4,4,21,21,36,36],"current_hp_per_floor":[80,69,73,73,73,73,26,50,50,51,57,63,69,75,75,25,90,90,90,90,97,78,78,64,44,44,75,91,101,85,61,95,17,114,114,114,120,84,84,17,53,53,53,53,59,81,54,42,81,0],"gold":222,"neow_bonus":"RANDOM_COMMON_RELIC","is_prod":false,"is_daily":false,"chose_seed":false,"campfire_upgraded":4,"win_rate":0.0,"timestamp":1547061483,"path_taken":["M","?","M","$","?","R","E","R","T","E","M","?","M","?","R","BOSS","M","?","M","$","M","R","M","?","T","R","M","M","?","M","R","BOSS","M","$","M","?","?","E","R","?","T","R","M","?","M","M","R","BOSS"],"build_version":"2019-01-03v4","purchased_purges":0,"victory":false,"max_hp_per_floor":[80,80,80,80,80,80,80,80,80,90,90,90,90,90,90,90,90,90,90,90,97,97,97,100,105,105,105,111,111,111,114,114,114,114,114,114,120,123,123,123,123,123,123,123,126,129,129,132,132,135],"card_choices":[{"not_picked":["Thunderclap","Fire Breathing"],"picked":"Ghostly Armor","floor":1},{"not_picked":["Intimidate","Thunderclap"],"picked":"Dropkick","floor":3},{"not_picked":["Power Through","Body Slam"],"picked":"Inflame","floor":7},{"not_picked":["Perfected Strike","Headbutt"],"picked":"Thunderclap","floor":8},{"not_picked":["Blood for Blood","Cleave"],"picked":"Flex","floor":10},{"not_picked":["Clothesline","Iron Wave"],"picked":"Anger","floor":11},{"not_picked":["True Grit","Feel No Pain"],"picked":"Pummel","floor":12},{"not_picked":["Burning Pact","Berserk"],"picked":"Twin Strike","floor":13},{"not_picked":["Carnage","Warcry"],"picked":"Heavy Blade","floor":14},{"not_picked":["Juggernaut","Brutality"],"picked":"Feed","floor":16},{"not_picked":["Iron Wave","Clash+1"],"picked":"Twin Strike","floor":18},{"not_picked":["Body Slam","Power Through"],"picked":"Iron Wave","floor":20},{"not_picked":["Fire Breathing+1","Sword Boomerang+1"],"picked":"Metallicize","floor":22},{"not_picked":["Cleave","Sword Boomerang"],"picked":"Iron Wave","floor":24},{"not_picked":["Body Slam","Fire Breathing"],"picked":"Feed","floor":27},{"not_picked":["Twin Strike","Warcry"],"picked":"Flex","floor":28},{"not_picked":["Sword Boomerang","Corruption"],"picked":"Heavy Blade","floor":29},{"not_picked":["Armaments","Heavy Blade"],"picked":"Demon Form","floor":31},{"not_picked":["Fiend Fire","Dark Embrace"],"picked":"Barricade","floor":33},{"not_picked":["Warcry","Metallicize"],"picked":"Entrench+1","floor":35},{"not_picked":["Sword Boomerang+1","Pommel Strike"],"picked":"Flex","floor":37},{"not_picked":["Fire Breathing+1","Feel No Pain+1"],"picked":"Headbutt+1","floor":38},{"not_picked":["Feed","Clothesline"],"picked":"Iron Wave","floor":40},{"not_picked":["Spot Weakness","Warcry"],"picked":"Body Slam+1","floor":41},{"not_picked":["Body Slam+1","Cleave"],"picked":"Warcry","floor":45},{"not_picked":["Clash","Iron Wave"],"picked":"Armaments+1","floor":46},{"not_picked":["Clothesline+1","Rupture+1"],"picked":"Second Wind+1","floor":47},{"not_picked":["Armaments+1","Headbutt+1"],"picked":"Twin Strike+1","floor":48},{"not_picked":["Shrug It Off","Infernal Blade+1"],"picked":"Pummel+1","floor":49}],"player_experience":3072,"relics_obtained":[{"floor":7,"key":"Mummified Hand"},{"floor":9,"key":"Bag of Preparation"},{"floor":10,"key":"Pear"},{"floor":14,"key":"Odd Mushroom"},{"floor":26,"key":"Ancient Tea Set"},{"floor":30,"key":"Nilry\u0027s Codex"},{"floor":38,"key":"Unceasing Top"},{"floor":40,"key":"Blood Vial"},{"floor":42,"key":"Pantograph"},{"floor":43,"key":"Meat on the Bone"}],"event_choices":[{"damage_healed":0,"gold_gain":75,"player_choice":"Gather Gold","damage_taken":11,"max_hp_gain":0,"max_hp_loss":0,"event_name":"World of Goop","floor":2,"gold_loss":0},{"damage_healed":0,"gold_gain":0,"player_choice":"Paid Gold","damage_taken":0,"relics_obtained":["Happy Flower"],"max_hp_gain":0,"max_hp_loss":0,"event_name":"WeMeetAgain","floor":5,"gold_loss":61},{"damage_healed":0,"gold_gain":0,"player_choice":"Fought Mushrooms","damage_taken":0,"max_hp_gain":0,"max_hp_loss":0,"event_name":"Mushrooms","floor":14,"gold_loss":0},{"damage_healed":0,"gold_gain":0,"player_choice":"Simplicity","damage_taken":0,"max_hp_gain":0,"max_hp_loss":0,"event_name":"Back to Basics","floor":19,"gold_loss":0,"cards_upgraded":["Strike_R","Strike_R","Strike_R","Strike_R","Strike_R","Defend_R","Defend_R","Defend_R","Defend_R"]},{"damage_healed":0,"gold_gain":0,"player_choice":"Shed Blood","damage_taken":25,"max_hp_gain":5,"max_hp_loss":0,"event_name":"Forgotten Altar","floor":25,"gold_loss":0},{"damage_healed":0,"gold_gain":0,"player_choice":"Obtained Book","damage_taken":16,"max_hp_gain":0,"max_hp_loss":0,"event_name":"Cursed Tome","floor":30,"gold_loss":0},{"damage_healed":0,"gold_gain":0,"player_choice":"Fight","damage_taken":0,"max_hp_gain":0,"max_hp_loss":0,"event_name":"Mysterious Sphere","floor":38,"gold_loss":0},{"cards_removed":["Inflame"],"damage_healed":0,"gold_gain":0,"player_choice":"Removed Power","damage_taken":0,"max_hp_gain":0,"max_hp_loss":0,"event_name":"Falling","floor":39,"gold_loss":0}],"is_beta":false,"boss_relics":[{"not_picked":["Snecko Eye","Mark of Pain"],"picked":"Black Blood"},{"not_picked":["Empty Cage","Astrolabe"],"picked":"Runic Pyramid"}],"items_purged_floors":[],"is_endless":false,"potions_floor_spawned":[1,11,13,16,28,31,33,35,40,47,48],"killed_by":"Awakened One","ascension_level":0}