{"gold_per_floor":[117,117,131,206,218,218,232,243,312,338,352,369,51,51,51,155,155,145,163,24,40,57,57],"floor_reached":23,"playtime":1633,"items_purged":["Strike_B"],"score":207,"play_id":"574b0e5b-cec6-43f5-a2a2-708b326b5e62","local_time":"20190131052403","is_ascension_mode":true,"campfire_choices":[{"data":"Sweeping Beam","floor":6,"key":"SMITH"},{"data":"Strike_B","floor":15,"key":"PURGE"}],"neow_cost":"NONE","seed_source_timestamp":1378256537326400,"circlet_count":0,"master_deck":["Strike_B","Strike_B","Defend_B","Defend_B","Defend_B","Zap","Dualcast","Undo","Streamline","Sweeping Beam+1","Conserve Battery","Go for the Eyes","Recycle+1","Amplify","Hello World","Conserve Battery","Melter","Steam","Go for the Eyes","Gash","Steam+1"],"relics":["Cracked Core","Regal Pillow","Pear","Peace Pipe","Ornamental Fan","Sozu"],"potions_floor_usage":[8,11,16,23],"damage_taken":[{"damage":2,"enemies":"2 Louse","floor":1,"turns":2},{"damage":1,"enemies":"Jaw Worm","floor":3,"turns":3},{"damage":6,"enemies":"Cultist","floor":5,"turns":3},{"damage":0,"enemies":"3 Louse","floor":7,"turns":3},{"damage":15,"enemies":"Exordium Wildlife","floor":8,"turns":7},{"damage":30,"enemies":"Gremlin Nob","floor":10,"turns":4},{"damage":0,"enemies":"Blue Slaver","floor":11,"turns":4},{"damage":3,"enemies":"Lots of Slimes","floor":12,"turns":3},{"damage":4,"enemies":"Slime Boss","floor":16,"turns":9},{"damage":5,"enemies":"2 Thieves","floor":18,"turns":4},{"damage":5,"enemies":"Spheric Guardian","floor":19,"turns":4},{"damage":31,"enemies":"3 Cultists","floor":21,"turns":7},{"damage":22,"enemies":"Snake Plant","floor":22,"turns":6},{"damage":26,"enemies":"Slavers","floor":23,"turns":2}],"seed_played":"8759039612129259461","potions_obtained":[{"floor":1,"key":"GamblersBrew"},{"floor":3,"key":"Regen Potion"},{"floor":7,"key":"LiquidBronze"},{"floor":10,"key":"Regen Potion"},{"floor":12,"key":"AttackPotion"},{"floor":16,"key":"Energy Potion"}],"is_trial":false,"path_per_floor":["M","?","M","?","M","R","M","M","T","E","M","M","$","?","R","B",null,"M","M","$","M","M","E"],"character_chosen":"DEFECT","items_purchased":["Ornamental Fan","Melter","Steam","Go for the Eyes"],"campfire_rested":0,"item_purchase_floors":[13,20,20,20],"current_hp_per_floor":[73,66,65,54,48,48,48,45,55,25,37,34,34,34,34,30,85,80,75,75,44,22,0],"gold":57,"neow_bonus":"RANDOM_COMMON_RELIC","is_prod":false,"is_daily":false,"chose_seed":false,"campfire_upgraded":1,"win_rate":0,"timestamp":1548930243,"path_taken":["M","?","M","?","M","R","M","M","T","E","M","M","$","?","R","BOSS","M","M","$","M","?","E"],"build_version":"2019-01-23","purchased_purges":1,"victory":false,"max_hp_per_floor":[75,75,75,75,75,75,75,75,85,85,85,85,85,85,85,85,85,85,85,85,85,85,85],"card_choices":[{"not_picked":["Rip and Tear","Ball Lightning"],"picked":"Undo","floor":1},{"not_picked":["Barrage","Coolheaded"],"picked":"Streamline","floor":3},{"not_picked":["Reinforced Body","Go for the Eyes"],"picked":"Sweeping Beam","floor":5},{"not_picked":["Leap","Steam"],"picked":"Conserve Battery","floor":7},{"not_picked":["Skim","Stack","Steam Power"],"picked":"SKIP","floor":8},{"not_picked":["Streamline","Reboot"],"picked":"Go for the Eyes","floor":10},{"not_picked":["Cold Snap","Conserve Battery"],"picked":"Recycle","floor":11},{"not_picked":["Heatsinks","Static Discharge","Genetic Algorithm"],"picked":"SKIP","floor":12},{"not_picked":["Multi-Cast","Core Surge"],"picked":"Amplify","floor":16},{"not_picked":["Loop","Sunder"],"picked":"Hello World","floor":18},{"not_picked":["Steam Power","Stack"],"picked":"Conserve Battery","floor":19},{"not_picked":["Sunder","Coolheaded+1"],"picked":"Gash","floor":21},{"not_picked":["Ball Lightning","Conserve Battery"],"picked":"Steam+1","floor":22}],"player_experience":151617,"relics_obtained":[{"floor":9,"key":"Pear"},{"floor":10,"key":"Peace Pipe"}],"event_choices":[{"cards_removed":["Defend_B"],"damage_healed":0,"gold_gain":0,"player_choice":"Card Removal","damage_taken":7,"max_hp_gain":0,"max_hp_loss":0,"event_name":"Golden Wing","floor":2,"gold_loss":0},{"damage_healed":0,"gold_gain":75,"player_choice":"Gather Gold","damage_taken":11,"max_hp_gain":0,"max_hp_loss":0,"event_name":"World of Goop","floor":4,"gold_loss":0},{"damage_healed":0,"gold_gain":0,"player_choice":"Upgraded","damage_taken":0,"max_hp_gain":0,"max_hp_loss":0,"event_name":"Upgrade Shrine","floor":14,"gold_loss":0,"cards_upgraded":["Recycle"]}],"is_beta":false,"boss_relics":[{"not_picked":["Orrery","Snecko Eye"],"picked":"Sozu"}],"items_purged_floors":[13],"is_endless":false,"potions_floor_spawned":[1,3,7,10,12,16,22],"killed_by":"Slavers","ascension_level":1}