{"gold_per_floor":[111,111,127,302,89,120,70,105,105,5,5,5,35,54,54,157,157,176,176,195,84,98,98,30,30,30,65,79,113,146,146,146,249,249,268,368,386,19,19,54,54,72,72,72,88,88,188,188,188,188],"floor_reached":50,"playtime":2755,"items_purged":["Doubt","Strike_G"],"score":651,"play_id":"88049ffa-0e45-4a63-a0dc-f4fdb7648aca","local_time":"20190205194001","is_ascension_mode":true,"campfire_choices":[{"floor":12.0,"key":"REST"},{"floor":15.0,"key":"REST"},{"floor":23.0,"key":"REST"},{"floor":25.0,"key":"REST"},{"floor":32.0,"key":"REST"},{"floor":44.0,"key":"REST"},{"floor":46.0,"key":"REST"},{"floor":49.0,"key":"REST"}],"neow_cost":"NONE","seed_source_timestamp":0,"circlet_count":0,"master_deck":["Defend_G","Defend_G","Defend_G","Defend_G","Survivor","Neutralize","A Thousand Cuts","Acrobatics","Noxious Fumes","Deadly Poison","Infinite Blades+1","Cloak And Dagger","Blade Dance","Deadly Poison","Predator","Blur","Blade Dance","Corpse Explosion","Catalyst+1","Well Laid Plans","Outmaneuver+1","Noxious Fumes","Catalyst","Backflip+1","Escape Plan","Escape Plan","Backstab","Envenom+1","Backflip+1","Cloak And Dagger","Accuracy+1","Blade Dance","Skewer","PiercingWail+1"],"special_seed":0,"relics":["Ring of the Snake","Bottled Flame","Anchor","Bag of Marbles","Letter Opener","White Beast Statue","Mercury Hourglass","Gremlin Horn","Red Mask","Frozen Egg 2","Empty Cage","Ninja Scroll","Ornamental Fan","Darkstone Periapt","Tough Bandages","Incense Burner"],"potions_floor_usage":[50,50],"damage_taken":[{"damage":1.0,"enemies":"2 Louse","floor":1.0,"turns":4.0},{"damage":5.0,"enemies":"Cultist","floor":3.0,"turns":5.0},{"damage":13.0,"enemies":"Lagavulin","floor":6.0,"turns":6.0},{"damage":16.0,"enemies":"3 Sentries","floor":8.0,"turns":7.0},{"damage":15.0,"enemies":"Lagavulin","floor":13.0,"turns":5.0},{"damage":2.0,"enemies":"Jaw Worm","floor":14.0,"turns":3.0},{"damage":22.0,"enemies":"Slime Boss","floor":16.0,"turns":8.0},{"damage":11.0,"enemies":"2 Thieves","floor":18.0,"turns":3.0},{"damage":19.0,"enemies":"Spheric Guardian","floor":20.0,"turns":4.0},{"damage":32.0,"enemies":"3 Cultists","floor":22.0,"turns":5.0},{"damage":0.0,"enemies":"Slavers","floor":27.0,"turns":2.0},{"damage":10.0,"enemies":"Centurion and Healer","floor":28.0,"turns":4.0},{"damage":0.0,"enemies":"Masked Bandits","floor":29.0,"turns":3.0},{"damage":2.0,"enemies":"Gremlin Leader","floor":30.0,"turns":5.0},{"damage":19.0,"enemies":"Collector","floor":33.0,"turns":6.0},{"damage":0.0,"enemies":"3 Shapes","floor":35.0,"turns":3.0},{"damage":29.0,"enemies":"3 Darklings","floor":37.0,"turns":4.0},{"damage":23.0,"enemies":"Reptomancer","floor":40.0,"turns":5.0},{"damage":0.0,"enemies":"Sphere and 2 Shapes","floor":42.0,"turns":3.0},{"damage":3.0,"enemies":"4 Shapes","floor":45.0,"turns":3.0},{"damage":0.0,"enemies":"Mind Bloom Boss Battle","floor":47.0,"turns":5.0},{"damage":70,"enemies":"Donu and Deca","floor":50,"turns":7}],"seed_played":"-3295142098110555899","potions_obtained":[{"floor":3.0,"key":"GamblersBrew"},{"floor":6.0,"key":"Poison Potion"},{"floor":8.0,"key":"Strength Potion"},{"floor":13.0,"key":"SteroidPotion"},{"floor":14.0,"key":"EssenceOfSteel"},{"floor":18.0,"key":"PowerPotion"},{"floor":20.0,"key":"SteroidPotion"},{"floor":22.0,"key":"AttackPotion"},{"floor":27.0,"key":"SteroidPotion"},{"floor":28.0,"key":"Block Potion"},{"floor":29.0,"key":"Weak Potion"},{"floor":30.0,"key":"Swift Potion"},{"floor":33.0,"key":"Fire Potion"},{"floor":35.0,"key":"LiquidBronze"},{"floor":37.0,"key":"Strength Potion"},{"floor":40.0,"key":"SteroidPotion"},{"floor":42.0,"key":"Weak Potion"},{"floor":45.0,"key":"SkillPotion"},{"floor":47.0,"key":"Swift Potion"}],"is_trial":false,"path_per_floor":["M","?","M","?","$","E","?","E","T","$","?","R","E","M","R","B",null,"M","?","M","$","M","R","$","R","T","E","M","?","E","?","R","B",null,"M","?","M","$","?","E","?","M","T","R","M","R","?","T","R","B"],"character_chosen":"THE_SILENT","items_purchased":["Infinite Blades","Cloak And Dagger","Blade Dance","Noxious Fumes","Catalyst","Accuracy","Ninja Scroll","Cloak And Dagger","Accuracy+1"],"campfire_rested":8,"item_purchase_floors":[5,5,5,21,21,24,38,38,38],"current_hp_per_floor":[69,69,64,64,64,51,51,35,35,35,35,56,41,39,60,38,70,59,59,40,40,8,29,29,50,50,50,40,40,38,31,52,33,70,70,70,41,41,41,18,18,18,18,39,36,57,57,57,70,0],"gold":188,"neow_bonus":"ONE_RANDOM_RARE_CARD","is_prod":false,"is_daily":false,"chose_seed":false,"campfire_upgraded":0,"win_rate":0,"timestamp":1549417201,"path_taken":["M","?","?","?","$","E","?","E","T","?","?","R","E","M","R","BOSS","M","?","M","$","M","R","$","R","T","E","M","?","E","?","R","BOSS","M","?","?","$","?","E","?","M","T","R","?","R","?","?","R","BOSS"],"build_version":"2019-01-23","purchased_purges":2,"victory":false,"max_hp_per_floor":[70,70,70,70,70,70,70,70,70,70,70,70,70,70,70,70,70,70,70,70,70,70,70,70,70,70,70,70,70,70,70,70,70,70,70,70,70,70,70,70,70,70,70,70,70,70,70,70,70,70],"card_choices":[{"not_picked":["Bane","Riddle With Holes"],"picked":"Acrobatics","floor":1.0},{"not_picked":["Flying Knee","Bane"],"picked":"Deadly Poison","floor":3.0},{"not_picked":["Dagger Throw","Caltrops"],"picked":"Deadly Poison","floor":6.0},{"not_picked":["Bane","Tools of the Trade"],"picked":"Predator","floor":8.0},{"not_picked":["Sucker Punch","Expertise"],"picked":"Blur","floor":13.0},{"not_picked":["Outmaneuver","Flechettes"],"picked":"Blade Dance","floor":14.0},{"not_picked":["Burst","Storm of Steel"],"picked":"Corpse Explosion","floor":16.0},{"not_picked":["Well Laid Plans","Backflip"],"picked":"Catalyst+1","floor":18.0},{"not_picked":["Flying Knee","Caltrops"],"picked":"Outmaneuver+1","floor":20.0},{"not_picked":["Bane","Dagger Spray+1"],"picked":"Backflip+1","floor":22.0},{"not_picked":["Accuracy","Skewer"],"picked":"Escape Plan","floor":27.0},{"not_picked":["Sucker Punch","Dagger Throw","Outmaneuver"],"picked":"SKIP","floor":28.0},{"not_picked":["PiercingWail","Outmaneuver"],"picked":"Escape Plan","floor":29.0},{"not_picked":["Glass Knife","Expertise"],"picked":"Backstab","floor":30.0},{"not_picked":["Grand Finale","A Thousand Cuts+1"],"picked":"Envenom+1","floor":33.0},{"not_picked":["All Out Attack+1","Finisher"],"picked":"Backflip+1","floor":35.0},{"not_picked":["Expertise+1","Quick Slash+1","Sucker Punch"],"picked":"SKIP","floor":37.0},{"not_picked":["Poisoned Stab+1","Reflex+1"],"picked":"Blade Dance","floor":40.0},{"not_picked":["Eviscerate+1","Escape Plan+1"],"picked":"PiercingWail+1","floor":42.0},{"not_picked":["Acrobatics","Dagger Spray","Well Laid Plans+1"],"picked":"SKIP","floor":45.0}],"player_experience":106734,"relics_obtained":[{"floor":6.0,"key":"Bottled Flame"},{"floor":8.0,"key":"Anchor"},{"floor":9.0,"key":"Bag of Marbles"},{"floor":13.0,"key":"Letter Opener"},{"floor":26.0,"key":"Mercury Hourglass"},{"floor":27.0,"key":"Gremlin Horn"},{"floor":29.0,"key":"Red Mask"},{"floor":30.0,"key":"Frozen Egg 2"},{"floor":40.0,"key":"Ornamental Fan"},{"floor":43.0,"key":"Darkstone Periapt"},{"floor":47.0,"key":"Tough Bandages"},{"floor":48.0,"key":"Incense Burner"}],"event_choices":[{"damage_healed":0.0,"max_hp_gain":0.0,"max_hp_loss":0.0,"gold_gain":0.0,"cards_transformed":["Strike_G"],"event_name":"Transmorgrifier","player_choice":"Transformed","floor":2.0,"gold_loss":0.0,"damage_taken":0.0,"cards_obtained":["Noxious Fumes"]},{"damage_healed":0.0,"max_hp_gain":0.0,"max_hp_loss":0.0,"gold_gain":175.0,"event_name":"Liars Game","player_choice":"AGREE","floor":4.0,"gold_loss":0.0,"damage_taken":0.0,"cards_obtained":["Doubt"]},{"cards_removed":["Strike_G"],"damage_healed":0.0,"max_hp_gain":0.0,"max_hp_loss":0.0,"gold_gain":0.0,"event_name":"The Cleric","player_choice":"Card Removal","floor":7.0,"gold_loss":50.0,"damage_taken":0.0},{"damage_healed":0.0,"max_hp_gain":0.0,"max_hp_loss":0.0,"gold_gain":0.0,"event_name":"Living Wall","player_choice":"Grow","floor":11.0,"gold_loss":0.0,"damage_taken":0.0,"cards_upgraded":["Infinite Blades"]},{"damage_healed":0.0,"max_hp_gain":0.0,"max_hp_loss":0.0,"gold_gain":0.0,"event_name":"The Library","player_choice":"Read","floor":19.0,"gold_loss":0.0,"damage_taken":0.0,"cards_obtained":["Well Laid Plans"]},{"damage_healed":0.0,"max_hp_gain":0.0,"max_hp_loss":0.0,"gold_gain":0.0,"event_name":"Masked Bandits","player_choice":"Fought Bandits","floor":29.0,"gold_loss":0.0,"damage_taken":0.0},{"damage_healed":0.0,"max_hp_gain":0.0,"max_hp_loss":0.0,"gold_gain":0.0,"event_name":"Knowing Skull","player_choice":"","floor":31.0,"potions_obtained":[],"gold_loss":0.0,"damage_taken":7.0,"cards_obtained":[]},{"damage_healed":0.0,"max_hp_gain":0.0,"max_hp_loss":0.0,"gold_gain":100.0,"event_name":"Golden Shrine","player_choice":"Pray","floor":36.0,"gold_loss":0.0,"damage_taken":0.0},{"cards_removed":["Accuracy"],"damage_healed":0.0,"max_hp_gain":0.0,"max_hp_loss":0.0,"gold_gain":0.0,"event_name":"Falling","player_choice":"Removed Power","floor":39.0,"gold_loss":0.0,"damage_taken":0.0},{"damage_healed":0.0,"max_hp_gain":0.0,"max_hp_loss":0.0,"gold_gain":0.0,"cards_transformed":["Strike_G"],"event_name":"Transmorgrifier","player_choice":"Transformed","floor":41.0,"gold_loss":0.0,"damage_taken":0.0,"cards_obtained":["Skewer"]},{"damage_healed":0.0,"max_hp_gain":0.0,"max_hp_loss":0.0,"gold_gain":0.0,"event_name":"MindBloom","player_choice":"Fight","floor":47.0,"gold_loss":0.0,"damage_taken":0.0}],"is_beta":false,"boss_relics":[{"not_picked":["Busted Crown","Ectoplasm"],"picked":"White Beast Statue"},{"not_picked":["Orrery","Cursed Key"],"picked":"Empty Cage"}],"items_purged_floors":[5,10],"is_endless":false,"potions_floor_spawned":[3,6,8,13,14,18,20,22,27,28,29,30,33,35,37,40,42,45,47],"killed_by":"Donu and Deca","ascension_level":1}