{"gold_per_floor":[110,110,124,2,19,19,44,44,44,57,86,51,126,136,136,239,239,258,278,278,278],"floor_reached":21,"playtime":843,"items_purged":["Strike_B"],"score":274,"play_id":"378fb2f3-63aa-4249-b812-ad1be23be0d4","local_time":"20190130175951","is_ascension_mode":true,"campfire_choices":[{"data":"Zap","floor":6,"key":"SMITH"},{"floor":15,"key":"REST"}],"neow_cost":"NONE","seed_source_timestamp":1633236337626081,"circlet_count":0,"master_deck":["Zap+1","Dualcast","Conserve Battery","Sweeping Beam","Coolheaded","Streamline","Genetic Algorithm","FTL","Echo Form","Skim","FTL","Steam Power","Seek","Creative AI","Multi-Cast","Coolheaded","Gash"],"relics":["Cracked Core","NeowsBlessing","Ice Cream","Ginger","Regal Pillow","Ancient Tea Set","Pandora\u0027s Box","Pantograph"],"potions_floor_usage":[11,21],"damage_taken":[{"damage":0,"enemies":"Cultist","floor":1,"turns":1},{"damage":0,"enemies":"Small Slimes","floor":3,"turns":1},{"damage":0,"enemies":"Jaw Worm","floor":5,"turns":1},{"damage":21,"enemies":"Lagavulin","floor":7,"turns":7},{"damage":10,"enemies":"Gremlin Gang","floor":10,"turns":4},{"damage":23,"enemies":"3 Sentries","floor":11,"turns":7},{"damage":0,"enemies":"2 Fungi Beasts","floor":14,"turns":2},{"damage":51,"enemies":"Slime Boss","floor":16,"turns":10},{"damage":27,"enemies":"2 Thieves","floor":18,"turns":4},{"damage":12,"enemies":"Spheric Guardian","floor":19,"turns":4},{"damage":20,"enemies":"3 Cultists","floor":21,"turns":3}],"seed_played":"2130830389147520058","potions_obtained":[{"floor":5,"key":"FearPotion"},{"floor":10,"key":"Block Potion"},{"floor":11,"key":"Explosive Potion"}],"is_trial":false,"path_per_floor":["M","?","M","$","M","R","E","T","T","M","E","?","?","M","R","B",null,"M","M","?","M"],"character_chosen":"DEFECT","items_purchased":["Coolheaded"],"campfire_rested":1,"item_purchase_floors":[4],"current_hp_per_floor":[68,68,68,68,68,68,47,47,47,37,14,32,21,21,58,7,58,31,19,19,0],"gold":278,"neow_bonus":"THREE_ENEMY_KILL","is_prod":false,"is_daily":false,"chose_seed":false,"campfire_upgraded":1,"win_rate":0,"timestamp":1548849591,"path_taken":["M","?","M","$","?","R","E","?","T","M","E","?","?","M","R","BOSS","M","M","?","?"],"build_version":"2019-01-23","purchased_purges":1,"victory":false,"max_hp_per_floor":[75,75,75,75,75,75,75,75,75,75,75,75,75,75,75,75,75,75,75,75,75],"card_choices":[{"not_picked":["Steam","Redo"],"picked":"Conserve Battery","floor":1},{"not_picked":["Conserve Battery","Ball Lightning"],"picked":"Sweeping Beam","floor":3},{"not_picked":["Sweeping Beam","Turbo"],"picked":"Streamline","floor":5},{"not_picked":["Redo","Seek"],"picked":"Genetic Algorithm","floor":7},{"not_picked":["Streamline","Redo","Rip and Tear"],"picked":"SKIP","floor":10},{"not_picked":["Defragment","Steam"],"picked":"FTL","floor":11},{"not_picked":["Fusion","Barrage","Reprogram"],"picked":"SKIP","floor":14},{"not_picked":["Machine Learning","Amplify"],"picked":"Echo Form","floor":16},{"not_picked":["Defragment","Darkness"],"picked":"Coolheaded","floor":18},{"not_picked":["Cold Snap","Stack"],"picked":"Gash","floor":19}],"player_experience":698872,"relics_obtained":[{"floor":7,"key":"Ice Cream"},{"floor":8,"key":"Ginger"},{"floor":9,"key":"Regal Pillow"},{"floor":11,"key":"Ancient Tea Set"}],"event_choices":[{"cards_removed":["Strike_B"],"damage_healed":0,"gold_gain":0,"player_choice":"Purged","damage_taken":0,"max_hp_gain":0,"max_hp_loss":0,"event_name":"Purifier","floor":2,"gold_loss":0},{"damage_healed":18,"gold_gain":0,"player_choice":"Healed","damage_taken":0,"max_hp_gain":0,"max_hp_loss":0,"event_name":"The Cleric","floor":12,"gold_loss":35},{"damage_healed":0,"gold_gain":75,"player_choice":"Gather Gold","damage_taken":11,"max_hp_gain":0,"max_hp_loss":0,"event_name":"World of Goop","floor":13,"gold_loss":0},{"damage_healed":0,"gold_gain":0,"player_choice":"Gave Potion","damage_taken":0,"relics_obtained":["Pantograph"],"max_hp_gain":0,"max_hp_loss":0,"event_name":"WeMeetAgain","floor":20,"gold_loss":0}],"is_beta":false,"boss_relics":[{"not_picked":["Velvet Choker","Philosopher\u0027s Stone"],"picked":"Pandora\u0027s Box"}],"items_purged_floors":[4],"is_endless":false,"potions_floor_spawned":[5,10,11],"killed_by":"3 Cultists","ascension_level":9}