{"gold_per_floor":[110,130,130,130,2,33,33,46,71,99,110,110,145,209,209,287,287,297,297,297,53,64,64,76,76],"floor_reached":25,"playtime":691,"items_purged":["Strike_G"],"score":488,"play_id":"23ad7466-bd30-4520-bdf5-80f4c073bc56","local_time":"20190205183434","is_ascension_mode":true,"campfire_choices":[{"data":"Deadly Poison","floor":7,"key":"SMITH"},{"data":"Envenom","floor":12,"key":"SMITH"},{"floor":15,"key":"REST"},{"data":"Cloak And Dagger","floor":23,"key":"SMITH"}],"neow_cost":"NONE","seed_source_timestamp":5877528672800,"circlet_count":0,"master_deck":["AscendersBane","Defend_G","Defend_G","Defend_G","Defend_G","Defend_G","Strike_G","Strike_G","Strike_G","Survivor","Neutralize+1","Footwork","Deadly Poison+1","Poisoned Stab","Well Laid Plans","Envenom+1","Cloak And Dagger+1","Backstab","Adrenaline","Blur","Backstab","Blade Dance","PiercingWail"],"relics":["Ring of the Snake","NeowsBlessing","Bag of Preparation","Orichalcum","Mercury Hourglass","Shuriken","Dodecahedron","Runic Pyramid","MutagenicStrength"],"potions_floor_usage":[13,13,16,18],"damage_taken":[{"damage":0,"enemies":"Cultist","floor":1,"turns":1},{"damage":0,"enemies":"2 Louse","floor":2,"turns":1},{"damage":0,"enemies":"3 Sentries","floor":6,"turns":1},{"damage":0,"enemies":"Jaw Worm","floor":8,"turns":4},{"damage":20,"enemies":"Lagavulin","floor":10,"turns":6},{"damage":0,"enemies":"Exordium Wildlife","floor":11,"turns":3},{"damage":5,"enemies":"Gremlin Nob","floor":13,"turns":3},{"damage":28,"enemies":"Gremlin Nob","floor":14,"turns":4},{"damage":4,"enemies":"The Guardian","floor":16,"turns":9},{"damage":21,"enemies":"2 Thieves","floor":18,"turns":4},{"damage":4,"enemies":"3 Byrds","floor":22,"turns":5},{"damage":13,"enemies":"Centurion and Healer","floor":24,"turns":4},{"damage":27,"enemies":"Shelled Parasite and Fungi","floor":25,"turns":4}],"seed_played":"7692582741915914440","potions_obtained":[{"floor":1,"key":"FearPotion"},{"floor":2,"key":"SkillPotion"},{"floor":14,"key":"EssenceOfSteel"},{"floor":16,"key":"FearPotion"},{"floor":24,"key":"SpeedPotion"}],"is_trial":false,"path_per_floor":["M","M","?","?","$","E","R","M","T","E","M","R","E","?","R","B",null,"M","?","?","$","M","R","M","M"],"character_chosen":"THE_SILENT","items_purchased":["Footwork","Deadly Poison","Blur","Backstab"],"campfire_rested":1,"item_purchase_floors":[5,5,21,21],"current_hp_per_floor":[59,59,59,64,64,64,64,64,64,44,44,44,39,11,32,28,60,39,39,39,39,35,35,22,0],"gold":76,"neow_bonus":"THREE_ENEMY_KILL","is_prod":false,"is_daily":false,"chose_seed":false,"campfire_upgraded":3,"win_rate":0,"timestamp":1549384474,"path_taken":["M","?","?","?","?","E","R","?","T","E","M","R","E","?","R","BOSS","M","?","?","$","?","R","?","M"],"build_version":"2019-01-23","purchased_purges":1,"victory":false,"max_hp_per_floor":[66,66,66,71,71,71,71,71,71,71,71,71,71,71,71,71,71,71,71,71,71,71,71,71,71],"card_choices":[{"not_picked":["Eviscerate","Quick Slash","Choke"],"picked":"SKIP","floor":1},{"not_picked":["Dagger Throw","Bouncing Flask","Outmaneuver"],"picked":"SKIP","floor":2},{"not_picked":["Underhanded Strike","Finisher"],"picked":"Poisoned Stab","floor":6},{"not_picked":["Deadly Poison","Unload"],"picked":"Well Laid Plans","floor":8},{"not_picked":["Outmaneuver","Flying Knee"],"picked":"Envenom","floor":10},{"not_picked":["Underhanded Strike","Flying Knee","Outmaneuver"],"picked":"SKIP","floor":11},{"not_picked":["Eviscerate","Doppelganger"],"picked":"Cloak And Dagger","floor":13},{"not_picked":["Backflip","Eviscerate"],"picked":"Backstab","floor":14},{"not_picked":["Bullet Time","Doppelganger"],"picked":"Adrenaline","floor":16},{"not_picked":["Expertise","Flechettes","Endless Agony"],"picked":"SKIP","floor":18},{"not_picked":["Outmaneuver","Prepared"],"picked":"Blade Dance","floor":22},{"not_picked":["Cloak And Dagger","Underhanded Strike"],"picked":"PiercingWail","floor":24}],"player_experience":624751,"relics_obtained":[{"floor":6,"key":"Bag of Preparation"},{"floor":9,"key":"Orichalcum"},{"floor":10,"key":"Mercury Hourglass"},{"floor":13,"key":"Shuriken"},{"floor":14,"key":"Dodecahedron"}],"event_choices":[{"damage_healed":0,"gold_gain":0,"player_choice":"Grow","damage_taken":0,"max_hp_gain":0,"max_hp_loss":0,"event_name":"Living Wall","floor":3,"gold_loss":0,"cards_upgraded":["Neutralize"]},{"damage_healed":0,"gold_gain":0,"player_choice":"Donut","damage_taken":0,"max_hp_gain":5,"max_hp_loss":0,"event_name":"Big Fish","floor":4,"gold_loss":0},{"damage_healed":0,"gold_gain":30,"player_choice":"Searched \u00272\u0027 times","damage_taken":0,"max_hp_gain":0,"max_hp_loss":0,"event_name":"Dead Adventurer","floor":14,"gold_loss":0},{"damage_healed":0,"gold_gain":0,"player_choice":"Inject Mutagens","damage_taken":0,"relics_obtained":["MutagenicStrength"],"max_hp_gain":0,"max_hp_loss":0,"event_name":"Drug Dealer","floor":19,"gold_loss":0},{"cards_removed":["Strike_G"],"damage_healed":0,"gold_gain":0,"player_choice":"Purged","damage_taken":0,"max_hp_gain":0,"max_hp_loss":0,"event_name":"Purifier","floor":20,"gold_loss":0}],"is_beta":false,"boss_relics":[{"not_picked":["White Beast Statue","Velvet Choker"],"picked":"Runic Pyramid"}],"items_purged_floors":[21],"is_endless":false,"potions_floor_spawned":[1,2,10,14,16,24],"killed_by":"Shelled Parasite and Fungi","ascension_level":20}