{"gold_per_floor":[360,360,244,257,54,54,54,78,128,128,128,128,162,42,42,113,113,132,151,151,161,179,179,205,205,253,253,284,296,308,320,332,419,431,463,529,558,570,114,114,140,140,167,185,185,201,201,219,219,219],"floor_reached":51,"playtime":3576,"items_purged":["Regret","Strike_B"],"score":1315,"play_id":"ca28a85b-da17-4014-b37d-b92cfc36cbe2","local_time":"20190118013959","is_ascension_mode":true,"campfire_choices":[{"data":"Zap","floor":6.0,"key":"SMITH"},{"floor":10.0,"key":"REST"},{"data":"Hologram","floor":15.0,"key":"SMITH"},{"floor":23.0,"key":"REST"},{"floor":25.0,"key":"REST"},{"data":"White Noise","floor":27.0,"key":"SMITH"},{"floor":32.0,"key":"REST"},{"data":"Storm","floor":40.0,"key":"SMITH"},{"data":"Amplify","floor":45,"key":"SMITH"},{"data":"Thunder Strike","floor":49,"key":"SMITH"}],"neow_cost":"PERCENT_DAMAGE","seed_source_timestamp":0,"circlet_count":0,"master_deck":["AscendersBane","Zap+1","Dualcast","Storm+1","Heatsinks","Storm","Storm","Hologram+1","Loop","Heatsinks","White Noise+1","Thunder Strike+1","Machine Learning","Echo Form","Double Energy+1","Creative AI","Lockon","Skim","Leap","Heatsinks","Chill+1","Conserve Battery","Self Repair","Amplify+1","Heatsinks","Machine Learning","Capacitor","Storm+1","Hologram+1","Auto Shields"],"special_seed":0,"relics":["Cracked Core","Bag of Preparation","Meat on the Bone","Odd Mushroom","Juzu Bracelet","Bronze Scales","Pear","Pandora\u0027s Box","Question Card","Omamori","MawBank","Sozu","Du-Vu Doll","War Paint","Frozen Eye","Art of War","Strawberry","NlothsMask"],"potions_floor_usage":[],"damage_taken":[{"damage":5.0,"enemies":"Small Slimes","floor":1.0,"turns":3.0},{"damage":2.0,"enemies":"2 Louse","floor":4.0,"turns":2.0},{"damage":7.0,"enemies":"The Mushroom Lair","floor":8.0,"turns":3.0},{"damage":20.0,"enemies":"Lagavulin","floor":13.0,"turns":5.0},{"damage":34.0,"enemies":"Hexaghost","floor":16.0,"turns":7.0},{"damage":39.0,"enemies":"2 Thieves","floor":18.0,"turns":3.0},{"damage":8.0,"enemies":"3 Byrds","floor":19.0,"turns":2.0},{"damage":21.0,"enemies":"Snake Plant","floor":21.0,"turns":3.0},{"damage":27.0,"enemies":"Chosen and Byrds","floor":22.0,"turns":4.0},{"damage":34.0,"enemies":"Gremlin Leader","floor":24.0,"turns":5.0},{"damage":29.0,"enemies":"Book of Stabbing","floor":28.0,"turns":4.0},{"damage":18.0,"enemies":"Colosseum Slavers","floor":29.0,"turns":2.0},{"damage":29.0,"enemies":"Collector","floor":33.0,"turns":6.0},{"damage":4.0,"enemies":"Orb Walker","floor":35.0,"turns":2.0},{"damage":15.0,"enemies":"2 Orb Walkers","floor":36.0,"turns":2.0},{"damage":10.0,"enemies":"3 Darklings","floor":37.0,"turns":3.0},{"damage":19.0,"enemies":"Nemesis","floor":41.0,"turns":3.0},{"damage":0,"enemies":"Maw","floor":44,"turns":3},{"damage":0,"enemies":"4 Shapes","floor":46,"turns":2},{"damage":0,"enemies":"Transient","floor":48,"turns":6},{"damage":81,"enemies":"Time Eater","floor":50,"turns":4}],"seed_played":"-3064788937330497694","potions_obtained":[{"floor":1.0,"key":"Weak Potion"},{"floor":4.0,"key":"PowerPotion"},{"floor":13.0,"key":"SteroidPotion"},{"floor":21.0,"key":"Dexterity Potion"},{"floor":22.0,"key":"EssenceOfSteel"},{"floor":33.0,"key":"SpeedPotion"}],"is_trial":false,"path_per_floor":["M","?","$","M","$","R","?","?","T","R","T","?","E","$","R","B",null,"M","M","?","M","M","R","E","R","T","R","E","?","?","$","R","B",null,"M","?","M","?","$","R","E","?","T","M","R","M","?","M","R","B",null],"character_chosen":"DEFECT","items_purchased":["Heatsinks","Storm","Hologram","Heatsinks","White Noise","War Paint","Frozen Eye","Capacitor"],"campfire_rested":4,"item_purchase_floors":[3,5,5,14,14,39,39,39],"current_hp_per_floor":[41,41,41,39,39,39,28,33,33,54,54,47,49,49,49,27,68,41,45,45,36,21,45,23,47,47,47,30,24,24,24,48,31,69,72,64,54,54,54,54,47,63,70,77,77,77,77,84,84,22],"gold":219,"neow_bonus":"TWO_FIFTY_GOLD","is_prod":false,"is_daily":false,"chose_seed":false,"campfire_upgraded":6,"win_rate":0,"timestamp":1547793599,"path_taken":["M","?","$","M","$","R","?","?","T","R","?","?","E","$","R","BOSS","M","M","?","M","M","R","E","R","T","R","E","?","?","$","R","BOSS","M","?","M","?","$","R","E","?","T","M","R","M","?","M","R","BOSS"],"build_version":"2019-01-17","purchased_purges":2,"victory":true,"max_hp_per_floor":[71,71,71,71,71,71,71,71,71,71,71,71,81,81,81,81,81,81,81,81,81,81,81,81,81,81,81,81,81,81,81,81,81,81,81,81,81,81,81,81,81,81,88,88,88,88,88,88,88,88],"card_choices":[{"not_picked":["BootSequence","Cold Snap"],"picked":"Storm","floor":1.0},{"not_picked":["Fusion","BootSequence"],"picked":"Storm","floor":4.0},{"not_picked":["Conserve Battery","Steam"],"picked":"Loop","floor":8.0},{"not_picked":["Steam","Rebound","Chill"],"picked":"SKIP","floor":13.0},{"not_picked":["Meteor Strike","Fission"],"picked":"Thunder Strike","floor":16.0},{"not_picked":["Barrage","Stack"],"picked":"Leap","floor":18.0},{"not_picked":["Sunder+1","Steam Power"],"picked":"Heatsinks","floor":19.0},{"not_picked":["Rebound","Darkness","Turbo"],"picked":"SKIP","floor":21.0},{"not_picked":["Beam Cell","Reinforced Body"],"picked":"Chill","floor":22.0},{"not_picked":["Lockon","Scrape"],"picked":"Conserve Battery","floor":24.0},{"not_picked":["Recycle","Sweeping Beam","Redo+1","Multi-Cast"],"picked":"SKIP","floor":28.0},{"not_picked":["Seek","Reboot","Creative AI"],"picked":"Amplify","floor":33.0},{"not_picked":["Beam Cell+1","Turbo","Sweeping Beam"],"picked":"Heatsinks","floor":35.0},{"not_picked":["Chaos+1","Stack","Loop"],"picked":"Machine Learning","floor":37.0},{"not_picked":["White Noise","Cold Snap","Ball Lightning"],"picked":"Storm+1","floor":41.0},{"not_picked":["Stack","Streamline","Steam Power"],"picked":"Hologram+1","floor":44},{"not_picked":["Hello World","Reprogram","Conserve Battery"],"picked":"Auto Shields","floor":46},{"not_picked":["Ball Lightning","Gash","All For One","Rip and Tear"],"picked":"SKIP","floor":48}],"player_experience":479245,"relics_obtained":[{"floor":8.0,"key":"Odd Mushroom"},{"floor":9.0,"key":"Juzu Bracelet"},{"floor":11.0,"key":"Bronze Scales"},{"floor":13.0,"key":"Pear"},{"floor":24.0,"key":"Question Card"},{"floor":26.0,"key":"Omamori"},{"floor":28.0,"key":"MawBank"},{"floor":36.0,"key":"Du-Vu Doll"},{"floor":41.0,"key":"Art of War"},{"floor":43.0,"key":"Strawberry"}],"event_choices":[{"damage_healed":0.0,"max_hp_gain":0.0,"max_hp_loss":0.0,"gold_gain":0.0,"event_name":"Big Fish","player_choice":"Box","floor":2.0,"gold_loss":0.0,"damage_taken":0.0,"relics_obtained":["Bag of Preparation"],"cards_obtained":["Regret"]},{"damage_healed":0.0,"max_hp_gain":0.0,"max_hp_loss":0.0,"gold_gain":0.0,"event_name":"Scrap Ooze","player_choice":"Success","floor":7.0,"gold_loss":0.0,"damage_taken":11.0,"relics_obtained":["Meat on the Bone"]},{"damage_healed":0.0,"max_hp_gain":0.0,"max_hp_loss":0.0,"gold_gain":0.0,"event_name":"Mushrooms","player_choice":"Fought Mushrooms","floor":8.0,"gold_loss":0.0,"damage_taken":0.0},{"cards_removed":["Defend_B"],"damage_healed":0.0,"max_hp_gain":0.0,"max_hp_loss":0.0,"gold_gain":0.0,"event_name":"Golden Wing","player_choice":"Card Removal","floor":12.0,"gold_loss":0.0,"damage_taken":7.0},{"damage_healed":0.0,"max_hp_gain":0.0,"max_hp_loss":0.0,"gold_gain":0.0,"event_name":"The Mausoleum","player_choice":"Ignored","floor":20.0,"gold_loss":0.0,"damage_taken":0.0},{"damage_healed":0.0,"max_hp_gain":0.0,"max_hp_loss":0.0,"gold_gain":0.0,"event_name":"Colosseum","player_choice":"Fight","floor":29.0,"gold_loss":0.0,"damage_taken":0.0},{"damage_healed":0.0,"max_hp_gain":0.0,"max_hp_loss":0.0,"gold_gain":0.0,"event_name":"Colosseum","player_choice":"Fled From Nobs","floor":29.0,"gold_loss":0.0,"damage_taken":0.0},{"damage_healed":0.0,"max_hp_gain":0.0,"max_hp_loss":0.0,"gold_gain":0.0,"event_name":"The Library","player_choice":"Read","floor":30.0,"gold_loss":0.0,"damage_taken":0.0,"cards_obtained":["Self Repair"]},{"damage_healed":0.0,"max_hp_gain":0.0,"max_hp_loss":0.0,"gold_gain":0.0,"event_name":"Mysterious Sphere","player_choice":"Fight","floor":36.0,"gold_loss":0.0,"damage_taken":0.0},{"damage_healed":0.0,"max_hp_gain":0.0,"max_hp_loss":0.0,"gold_gain":0.0,"event_name":"Tomb of Lord Red Mask","player_choice":"Ignored","floor":38.0,"gold_loss":0.0,"damage_taken":0.0},{"damage_healed":16.0,"max_hp_gain":0.0,"max_hp_loss":0.0,"gold_gain":0.0,"event_name":"Winding Halls","player_choice":"Writhe","floor":42.0,"gold_loss":0.0,"damage_taken":0.0,"cards_obtained":["Writhe"]},{"damage_healed":0,"gold_gain":0,"player_choice":"Trade","damage_taken":0,"relics_obtained":["NlothsMask"],"max_hp_gain":0,"max_hp_loss":0,"event_name":"FaceTrader","floor":47,"gold_loss":0}],"is_beta":false,"boss_relics":[{"not_picked":["Snecko Eye","Lizard Tail"],"picked":"Pandora\u0027s Box"},{"not_picked":["Black Star","Orrery"],"picked":"Sozu"}],"items_purged_floors":[3,5],"is_endless":false,"potions_floor_spawned":[1,4,13,21,22,24,33,36,37,41],"ascension_level":17}