{"gold_per_floor":[110,129,9,24,34,34,65,65,118,149,164,114,64,64,64,64],"floor_reached":16,"playtime":596,"items_purged":["Strike_R","Bash"],"score":141,"play_id":"0bd461ec-a7ce-4425-b06c-ac119e13ef49","local_time":"20190130045545","is_ascension_mode":true,"campfire_choices":[{"data":"Whirlwind","floor":6,"key":"SMITH"},{"floor":15,"key":"REST"}],"neow_cost":"NONE","seed_source_timestamp":1291196263024100,"circlet_count":0,"master_deck":["Strike_R","Strike_R","Strike_R","Defend_R","Defend_R","Defend_R","Defend_R","Twin Strike","Dual Wield","Headbutt","Whirlwind+1","Cleave","Rage"],"relics":["Burning Blood","Singing Bowl","Smiling Mask","Juzu Bracelet"],"potions_floor_usage":[11,11],"damage_taken":[{"damage":5,"enemies":"Cultist","floor":1,"turns":4},{"damage":10,"enemies":"Small Slimes","floor":2,"turns":3},{"damage":9,"enemies":"2 Louse","floor":4,"turns":2},{"damage":20,"enemies":"Looter","floor":5,"turns":3},{"damage":22,"enemies":"3 Sentries","floor":7,"turns":4},{"damage":54,"enemies":"Lagavulin","floor":10,"turns":7},{"damage":3,"enemies":"Lots of Slimes","floor":11,"turns":2},{"damage":45,"enemies":"Hexaghost","floor":16,"turns":8}],"seed_played":"8144727402791434956","potions_obtained":[{"floor":1,"key":"AttackPotion"},{"floor":5,"key":"SpeedPotion"},{"floor":11,"key":"SpeedPotion"}],"is_trial":false,"path_per_floor":["M","M","$","M","M","R","E","?","T","E","M","$","?","?","R","B"],"character_chosen":"IRONCLAD","items_purchased":["Headbutt"],"campfire_rested":1,"item_purchase_floors":[3],"current_hp_per_floor":[88,84,84,81,67,67,53,58,58,12,15,15,15,15,44,0],"gold":64,"neow_bonus":"TEN_PERCENT_HP_BONUS","is_prod":false,"is_daily":false,"chose_seed":false,"campfire_upgraded":1,"win_rate":0,"timestamp":1548842145,"path_taken":["M","M","$","?","M","R","E","?","T","E","M","$","?","?","R","BOSS"],"build_version":"2019-01-23","purchased_purges":2,"victory":false,"max_hp_per_floor":[88,88,88,88,88,88,90,95,95,97,97,97,97,97,97,97],"card_choices":[{"not_picked":["Intimidate","Perfected Strike"],"picked":"Twin Strike","floor":1},{"not_picked":["Anger","Bloodletting"],"picked":"Dual Wield","floor":2},{"not_picked":["Clothesline","Uppercut"],"picked":"Whirlwind","floor":4},{"not_picked":["Rage","Havoc"],"picked":"Cleave","floor":5},{"not_picked":["Fire Breathing","True Grit","Perfected Strike"],"picked":"Singing Bowl","floor":7},{"not_picked":["Metallicize","Armaments","Wild Strike"],"picked":"Singing Bowl","floor":10},{"not_picked":["Headbutt","Perfected Strike"],"picked":"Rage","floor":11}],"player_experience":115060,"relics_obtained":[{"floor":7,"key":"Singing Bowl"},{"floor":9,"key":"Smiling Mask"},{"floor":10,"key":"Juzu Bracelet"}],"event_choices":[{"damage_healed":0,"gold_gain":0,"player_choice":"Donut","damage_taken":0,"max_hp_gain":5,"max_hp_loss":0,"event_name":"Big Fish","floor":8,"gold_loss":0},{"cards_removed":["Strike_R"],"damage_healed":0,"gold_gain":0,"player_choice":"Card Removal","damage_taken":0,"max_hp_gain":0,"max_hp_loss":0,"event_name":"The Cleric","floor":13,"gold_loss":50},{"damage_healed":0,"gold_gain":0,"player_choice":"Searched \u00270\u0027 times","damage_taken":0,"max_hp_gain":0,"max_hp_loss":0,"event_name":"Dead Adventurer","floor":14,"gold_loss":0}],"is_beta":false,"boss_relics":[],"items_purged_floors":[3,12],"is_endless":false,"potions_floor_spawned":[1,5,11],"killed_by":"Hexaghost","ascension_level":1}