{"gold_per_floor":[111,36,53,228,228,253,269,302,302,320,147,147,177,188,188,287,287,301,319,170,190,190,190],"floor_reached":23,"playtime":1590,"items_purged":["Strike_R","Doubt","Strike_R"],"score":243,"play_id":"0d446f09-55e1-45ba-a6d9-03bcf3145349","local_time":"20190128130734","is_ascension_mode":true,"campfire_choices":[{"floor":15,"key":"REST"}],"neow_cost":"NONE","seed_source_timestamp":13285506066600,"circlet_count":0,"master_deck":["Strike_R","Strike_R","Strike_R","Defend_R+1","Defend_R","Defend_R","Defend_R","Bash","Immolate","Seeing Red+1","Shrug It Off","Feed","Bludgeon","Iron Wave","Inflame","Reaper","Barricade","Shockwave","Uppercut+1","True Grit","Iron Wave+1"],"relics":["Burning Blood","Boot","Unceasing Top","Ornamental Fan","CultistMask","Mercury Hourglass","White Beast Statue","MutagenicStrength"],"potions_floor_usage":[13,16,19,19,21,23,23],"damage_taken":[{"damage":8,"enemies":"Small Slimes","floor":1,"turns":4},{"damage":0,"enemies":"2 Louse","floor":3,"turns":1},{"damage":14,"enemies":"3 Sentries","floor":6,"turns":5},{"damage":2,"enemies":"Jaw Worm","floor":7,"turns":3},{"damage":38,"enemies":"Lagavulin","floor":8,"turns":9},{"damage":0,"enemies":"3 Louse","floor":10,"turns":2},{"damage":16,"enemies":"Gremlin Nob","floor":13,"turns":3},{"damage":0,"enemies":"Lots of Slimes","floor":14,"turns":1},{"damage":53,"enemies":"Hexaghost","floor":16,"turns":10},{"damage":19,"enemies":"3 Byrds","floor":18,"turns":4},{"damage":55,"enemies":"Spheric Guardian","floor":19,"turns":9},{"damage":33,"enemies":"Snake Plant","floor":21,"turns":5},{"damage":25,"enemies":"Book of Stabbing","floor":23,"turns":5}],"seed_played":"2753045217614041605","potions_obtained":[{"floor":1,"key":"GamblersBrew"},{"floor":3,"key":"Strength Potion"},{"floor":8,"key":"Strength Potion"},{"floor":16,"key":"SteroidPotion"},{"floor":18,"key":"BloodPotion"},{"floor":19,"key":"Poison Potion"},{"floor":21,"key":"LiquidBronze"}],"is_trial":false,"path_per_floor":["M","$","M","?","?","E","M","E","T","M","$","?","E","M","R","B",null,"M","M","$","M","?","E"],"character_chosen":"IRONCLAD","items_purchased":["Inflame","True Grit"],"campfire_rested":1,"item_purchase_floors":[11,20],"current_hp_per_floor":[78,78,80,80,64,56,60,28,28,34,34,34,24,33,57,18,83,82,33,33,15,15,0],"gold":190,"neow_bonus":"ONE_RANDOM_RARE_CARD","is_prod":false,"is_daily":false,"chose_seed":false,"campfire_upgraded":0,"win_rate":0,"timestamp":1548652054,"path_taken":["M","$","M","?","?","E","M","E","T","?","$","?","E","?","R","BOSS","M","M","$","M","?","E"],"build_version":"2019-01-23","purchased_purges":3,"victory":false,"max_hp_per_floor":[80,80,80,80,80,80,80,80,80,80,80,80,80,83,83,83,83,86,86,86,86,86,86],"card_choices":[{"not_picked":["Flex","Clash"],"picked":"Seeing Red","floor":1},{"not_picked":["Iron Wave","Blood for Blood"],"picked":"Shrug It Off","floor":3},{"not_picked":["Anger","Perfected Strike"],"picked":"Feed","floor":6},{"not_picked":["Perfected Strike","Sword Boomerang","True Grit"],"picked":"SKIP","floor":7},{"not_picked":["Wild Strike","Anger"],"picked":"Bludgeon","floor":8},{"not_picked":["Heavy Blade","Bloodletting"],"picked":"Iron Wave","floor":10},{"not_picked":["Headbutt","Pommel Strike"],"picked":"Reaper","floor":13},{"not_picked":["Sword Boomerang","Clash","Iron Wave"],"picked":"SKIP","floor":14},{"not_picked":["Exhume","Limit Break"],"picked":"Barricade","floor":16},{"not_picked":["Headbutt","Perfected Strike"],"picked":"Shockwave","floor":18},{"not_picked":["Pommel Strike","Twin Strike+1"],"picked":"Uppercut+1","floor":19},{"not_picked":["Clash+1","Heavy Blade"],"picked":"Iron Wave+1","floor":21}],"player_experience":172293,"relics_obtained":[{"floor":6,"key":"Boot"},{"floor":8,"key":"Unceasing Top"},{"floor":9,"key":"Ornamental Fan"},{"floor":13,"key":"Mercury Hourglass"}],"event_choices":[{"damage_healed":0,"gold_gain":175,"player_choice":"AGREE","damage_taken":0,"max_hp_gain":0,"max_hp_loss":0,"event_name":"Liars Game","floor":4,"gold_loss":0,"cards_obtained":["Doubt"]},{"damage_healed":0,"gold_gain":0,"player_choice":"Entered Light","damage_taken":16,"max_hp_gain":0,"max_hp_loss":0,"event_name":"Shining Light","floor":5,"gold_loss":0,"cards_upgraded":["Seeing Red","Defend_R"]},{"damage_healed":0,"gold_gain":0,"player_choice":"Trade","damage_taken":0,"relics_obtained":["CultistMask"],"max_hp_gain":0,"max_hp_loss":0,"event_name":"FaceTrader","floor":12,"gold_loss":0},{"damage_healed":0,"gold_gain":0,"player_choice":"Inject Mutagens","damage_taken":0,"relics_obtained":["MutagenicStrength"],"max_hp_gain":0,"max_hp_loss":0,"event_name":"Drug Dealer","floor":22,"gold_loss":0}],"is_beta":false,"boss_relics":[{"not_picked":["Mark of Pain","Runic Pyramid"],"picked":"White Beast Statue"}],"items_purged_floors":[2,11,20],"is_endless":false,"potions_floor_spawned":[1,3,8,16,18,19,21],"killed_by":"Book of Stabbing","ascension_level":3}