{"gold_per_floor":[109,120,195,195,210,210,223,193,193,193,205,62,74,88,88,162,162,128,128,128,28,45,56,56,56],"floor_reached":25,"playtime":1328,"items_purged":["Parasite","Strike_R"],"score":322,"play_id":"78abf68e-17c6-4093-9941-6c9f9ec4bd57","local_time":"20181026173952","is_ascension_mode":true,"campfire_choices":[{"data":"Barricade","floor":6,"key":"SMITH"},{"data":"Entrench","floor":10,"key":"SMITH"},{"data":"Armaments","floor":15,"key":"SMITH"},{"data":"Entrench","floor":24,"key":"SMITH"}],"neow_cost":"CURSE","seed_source_timestamp":1415964752640959,"circlet_count":0,"master_deck":["Strike_R","Strike_R","Strike_R","Strike_R","Defend_R","Defend_R","Defend_R","Defend_R","Bash","AscendersBane","Barricade+1","Power Through","Armaments+1","Entrench+1","True Grit","Entrench+1","Rampage","Shrug It Off","Impervious","Body Slam","Headbutt"],"relics":["Burning Blood","Sundial","Mark of Pain","Dodecahedron"],"potions_floor_usage":[25],"damage_taken":[{"damage":6,"enemies":"Cultist","floor":1,"turns":4},{"damage":10,"enemies":"Small Slimes","floor":2,"turns":6},{"damage":2,"enemies":"Jaw Worm","floor":5,"turns":6},{"damage":16,"enemies":"Red Slaver","floor":7,"turns":5},{"damage":0,"enemies":"Looter","floor":8,"turns":4},{"damage":13,"enemies":"Large Slime","floor":11,"turns":14},{"damage":3,"enemies":"Blue Slaver","floor":13,"turns":7},{"damage":12,"enemies":"Red Slaver","floor":14,"turns":6},{"damage":36,"enemies":"Slime Boss","floor":16,"turns":19},{"damage":44,"enemies":"2 Thieves","floor":18,"turns":5},{"damage":25,"enemies":"Spheric Guardian","floor":22,"turns":8},{"damage":0,"enemies":"Snake Plant","floor":23,"turns":5},{"damage":24,"enemies":"Snecko","floor":25,"turns":4}],"seed_played":"3957772598141016544","potions_obtained":[{"floor":2,"key":"Ancient Potion"},{"floor":11,"key":"FearPotion"},{"floor":22,"key":"Strength Potion"},{"floor":23,"key":"PowerPotion"}],"is_trial":false,"path_per_floor":["M","M","?","?","M","R","M","M","T","R","M","$","M","M","R","B",null,"M","?","?","$","M","M","R"],"character_chosen":"IRONCLAD","items_purchased":["Rampage"],"campfire_rested":0,"item_purchase_floors":[12],"current_hp_per_floor":[72,68,57,80,80,80,70,76,76,76,69,69,72,66,66,36,67,29,29,29,29,10,16,16,0],"gold":56,"neow_bonus":"THREE_RARE_CARDS","is_prod":false,"is_daily":false,"chose_seed":false,"campfire_upgraded":4,"win_rate":0,"timestamp":1540568392,"path_taken":["M","?","?","?","?","R","M","M","T","R","M","$","M","M","R","BOSS","M","?","?","$","?","M","R","M"],"build_version":"2018-10-25v2","purchased_purges":2,"victory":false,"max_hp_per_floor":[80,80,80,80,80,80,80,80,80,80,80,77,77,77,77,77,77,77,77,77,77,77,77,77,77],"card_choices":[{"not_picked":["Double Tap","Bludgeon"],"picked":"Barricade","floor":0},{"not_picked":["Feel No Pain","Headbutt"],"picked":"Power Through","floor":1},{"not_picked":["Flex","Hemokinesis"],"picked":"Armaments","floor":2},{"not_picked":["Thunderclap","Cleave"],"picked":"Entrench","floor":5},{"not_picked":["Feed","Clothesline"],"picked":"True Grit","floor":7},{"not_picked":["Sword Boomerang","Iron Wave"],"picked":"Entrench","floor":8},{"not_picked":["Feel No Pain","Intimidate","Dropkick"],"picked":"SKIP","floor":11},{"not_picked":["Dual Wield","Cleave"],"picked":"Shrug It Off","floor":13},{"not_picked":["Shrug It Off","Barricade","Anger"],"picked":"SKIP","floor":14},{"not_picked":["Fiend Fire","Dark Embrace"],"picked":"Impervious","floor":16},{"not_picked":["Clothesline","Anger","Shrug It Off"],"picked":"SKIP","floor":18},{"not_picked":["Rupture","Rampage"],"picked":"Headbutt","floor":22},{"not_picked":["Metallicize","Uppercut","Flex"],"picked":"SKIP","floor":23}],"player_experience":408791,"relics_obtained":[{"floor":9,"key":"Sundial"}],"event_choices":[{"damage_healed":0,"gold_gain":75,"player_choice":"Gather Gold","damage_taken":11,"max_hp_gain":0,"max_hp_loss":0,"event_name":"World of Goop","floor":3,"gold_loss":0},{"damage_healed":23,"gold_gain":0,"player_choice":"Full Heal","damage_taken":0,"max_hp_gain":0,"max_hp_loss":0,"event_name":"Wheel of Change","floor":4,"gold_loss":0},{"damage_healed":0,"gold_gain":0,"player_choice":"Read","damage_taken":0,"max_hp_gain":0,"max_hp_loss":0,"event_name":"The Library","floor":19,"gold_loss":0,"cards_obtained":["Body Slam"]},{"damage_healed":0,"gold_gain":0,"player_choice":"Gave Potion","damage_taken":0,"relics_obtained":["Dodecahedron"],"max_hp_gain":0,"max_hp_loss":0,"event_name":"WeMeetAgain","floor":20,"gold_loss":0}],"is_beta":true,"boss_relics":[{"not_picked":["Busted Crown","Cursed Key"],"picked":"Mark of Pain"}],"items_purged_floors":[12,21],"is_endless":false,"potions_floor_spawned":[2,11,14,16,22,23],"killed_by":"Snecko","ascension_level":13}