{"gold_per_floor":[362,106,126,137,157,190,155,171,171,231,231,251,251,284,284,379,379,396,412,428,19,29,29,61,80,126,156,156,172,172,172,172,272,272,285,295,305,107,122,122,142,42,42,62,62,162,179,190,190,190,190,190,72,104,104],"floor_reached":55,"playtime":2938,"items_purged":["Regret","Shame","Bite"],"score":999,"play_id":"036a0bd7-ea62-4df2-a23f-aabdc4798f70","local_time":"20190205053515","is_ascension_mode":true,"campfire_choices":[{"data":"Metamorphosis","floor":11.0,"key":"SMITH"},{"data":"Sunder","floor":13.0,"key":"SMITH"},{"data":"Zap","floor":15.0,"key":"SMITH"},{"data":"Steam","floor":23.0,"key":"SMITH"},{"floor":28.0,"key":"REST"},{"data":"Go for the Eyes","floor":30.0,"key":"SMITH"},{"data":"Electrodynamics","floor":32.0,"key":"SMITH"},{"data":"Turbo","floor":40.0,"key":"SMITH"},{"floor":45.0,"key":"RECALL"},{"floor":49.0,"key":"REST"},{"data":"Beam Cell","floor":52.0,"key":"SMITH"}],"neow_cost":"CURSE","seed_source_timestamp":1809513688358800,"circlet_count":0,"master_deck":["Defend_B","Defend_B+1","Defend_B","Defend_B+1","Zap+1","Dualcast","Coolheaded","Metamorphosis+1","Sunder+1","Turbo+1","Steam+1","Gash","Electrodynamics+1","Steam+1","Go for the Eyes+1","Metamorphosis+1","Rebound","BootSequence+1","Turbo+1","Bite","Bite","Bite","Bite","All For One","Beam Cell+1","Leap+1","Chill+1","Steam+1"],"special_seed":0,"relics":["Cracked Core","The Courier","FossilizedHelix","Sundial","Cursed Key","DollysMirror","Unceasing Top","Mango","Pear","Runic Pyramid","Pen Nib","War Paint","Bronze Scales"],"potions_floor_usage":[],"damage_taken":[{"damage":8.0,"enemies":"2 Louse","floor":1.0,"turns":4.0},{"damage":2.0,"enemies":"Jaw Worm","floor":3.0,"turns":4.0},{"damage":5.0,"enemies":"Small Slimes","floor":4.0,"turns":3.0},{"damage":22.0,"enemies":"Red Slaver","floor":5.0,"turns":5.0},{"damage":21.0,"enemies":"Lagavulin","floor":6.0,"turns":8.0},{"damage":11.0,"enemies":"Exordium Thugs","floor":8.0,"turns":3.0},{"damage":0.0,"enemies":"Looter","floor":12.0,"turns":2.0},{"damage":0.0,"enemies":"Gremlin Nob","floor":14.0,"turns":3.0},{"damage":10.0,"enemies":"Slime Boss","floor":16.0,"turns":7.0},{"damage":11.0,"enemies":"3 Byrds","floor":18.0,"turns":4.0},{"damage":3.0,"enemies":"Shell Parasite","floor":19.0,"turns":5.0},{"damage":0.0,"enemies":"Cultist and Chosen","floor":20.0,"turns":4.0},{"damage":0.0,"enemies":"Snake Plant","floor":22.0,"turns":2.0},{"damage":36.0,"enemies":"Book of Stabbing","floor":24.0,"turns":5.0},{"damage":0.0,"enemies":"Centurion and Healer","floor":25.0,"turns":5.0},{"damage":21.0,"enemies":"Slavers","floor":27.0,"turns":4.0},{"damage":16.0,"enemies":"Shelled Parasite and Fungi","floor":29.0,"turns":4.0},{"damage":0.0,"enemies":"Collector","floor":33.0,"turns":3.0},{"damage":13.0,"enemies":"3 Darklings","floor":35.0,"turns":3.0},{"damage":0.0,"enemies":"3 Shapes","floor":36.0,"turns":4.0},{"damage":0.0,"enemies":"Spire Growth","floor":37.0,"turns":4.0},{"damage":0.0,"enemies":"Maw","floor":39.0,"turns":5.0},{"damage":34.0,"enemies":"4 Shapes","floor":41.0,"turns":6.0},{"damage":0.0,"enemies":"Sphere and 2 Shapes","floor":44.0,"turns":3.0},{"damage":12.0,"enemies":"3 Darklings","floor":47.0,"turns":3.0},{"damage":0.0,"enemies":"Maw","floor":48.0,"turns":2.0},{"damage":0.0,"enemies":"Donu and Deca","floor":50.0,"turns":2.0},{"damage":58.0,"enemies":"Shield and Spear","floor":54.0,"turns":4.0},{"damage":17,"enemies":"The Heart","floor":55,"turns":2}],"seed_played":"3255650250971684923","potions_obtained":[{"floor":3.0,"key":"Regen Potion"},{"floor":5.0,"key":"Poison Potion"},{"floor":6.0,"key":"SkillPotion"},{"floor":14.0,"key":"Weak Potion"},{"floor":16.0,"key":"FocusPotion"},{"floor":18.0,"key":"Explosive Potion"},{"floor":22.0,"key":"PowerPotion"},{"floor":24.0,"key":"Dexterity Potion"},{"floor":29.0,"key":"Dexterity Potion"},{"floor":41.0,"key":"SneckoOil"},{"floor":44.0,"key":"LiquidBronze"},{"floor":47.0,"key":"Swift Potion"},{"floor":48.0,"key":"AttackPotion"}],"is_trial":false,"path_per_floor":["M","$","M","M","M","E","?","M","T","?","R","M","R","E","R","B",null,"M","M","M","$","M","R","E","M","T","E","R","M","R","?","R","B",null,"M","M","M","$","M","R","M","$","T","M","R","?","M","M","R","B",null,"R","$","E","B"],"character_chosen":"DEFECT","items_purchased":["Metamorphosis","DollysMirror","Unceasing Top","Pen Nib","War Paint"],"campfire_rested":2,"item_purchase_floors":[2,21,21,38,53],"current_hp_per_floor":[67,67,65,60,43,22,40,29,29,29,29,29,29,29,29,19,75,64,61,61,61,61,61,39,39,39,28,57,41,41,41,41,51,69,60,64,69,69,69,69,37,37,37,45,45,45,37,41,61,67,69,69,69,17,0],"gold":104,"neow_bonus":"TWO_FIFTY_GOLD","is_prod":false,"is_daily":false,"chose_seed":false,"campfire_upgraded":8,"win_rate":0,"timestamp":1549362915,"path_taken":["M","$","M","M","M","E","?","M","T","?","R","M","R","E","R","BOSS","M","M","M","$","M","R","E","M","T","E","R","M","R","?","R","BOSS","M","M","M","$","M","R","M","$","T","M","R","?","M","?","R","BOSS","R","$","E","BOSS"],"build_version":"2019-01-23","purchased_purges":3,"victory":false,"max_hp_per_floor":[75,75,75,75,75,75,75,75,75,75,75,75,75,75,75,75,75,75,75,75,75,75,75,89,89,89,99,99,99,99,69,69,69,69,69,69,69,69,69,69,69,69,69,69,69,69,69,69,69,69,69,69,69,69,69],"card_choices":[{"not_picked":["Stack","Compile Driver"],"picked":"Coolheaded","floor":1.0},{"not_picked":["Rip and Tear","Compile Driver"],"picked":"Sunder","floor":3.0},{"not_picked":["Loop","Heatsinks"],"picked":"Turbo","floor":4.0},{"not_picked":["Scrape","Rainbow"],"picked":"Steam","floor":5.0},{"not_picked":["Blizzard","Chaos","Barrage"],"picked":"SKIP","floor":6.0},{"not_picked":["Stack","Redo"],"picked":"Gash","floor":8.0},{"not_picked":["Barrage","Melter","Redo"],"picked":"SKIP","floor":12.0},{"not_picked":["Streamline","Loop","Fission"],"picked":"SKIP","floor":14.0},{"not_picked":["Machine Learning","Meteor Strike"],"picked":"Electrodynamics","floor":16.0},{"not_picked":["Conserve Battery","Ball Lightning+1"],"picked":"Steam+1","floor":18.0},{"not_picked":["Cold Snap","Barrage"],"picked":"Go for the Eyes","floor":19.0},{"not_picked":["Heatsinks","Loop","Consume"],"picked":"SKIP","floor":20.0},{"not_picked":["Recycle+1","Streamline"],"picked":"Rebound","floor":22.0},{"not_picked":["Sweeping Beam","Loop","Amplify"],"picked":"SKIP","floor":24.0},{"not_picked":["Redo","Streamline","Ball Lightning"],"picked":"SKIP","floor":25.0},{"not_picked":["Ball Lightning+1","Force Field"],"picked":"BootSequence+1","floor":27.0},{"not_picked":["Redo","Stack+1"],"picked":"Turbo+1","floor":29.0},{"not_picked":["Rainbow","Core Surge"],"picked":"All For One","floor":33.0},{"not_picked":["Conserve Battery+1","Barrage+1","Undo"],"picked":"SKIP","floor":35.0},{"not_picked":["Undo","Coolheaded+1","Blizzard"],"picked":"SKIP","floor":36.0},{"not_picked":["Aggregate","Streamline","Coolheaded"],"picked":"SKIP","floor":37.0},{"not_picked":["Hologram","Tempest+1","Sweeping Beam"],"picked":"SKIP","floor":39.0},{"not_picked":["Redo+1","Coolheaded"],"picked":"Beam Cell","floor":41.0},{"not_picked":["FTL","Steam"],"picked":"Leap+1","floor":44.0},{"not_picked":["Cold Snap+1","FTL+1"],"picked":"Chill+1","floor":47.0},{"not_picked":["Sunder+1","Genetic Algorithm+1"],"picked":"Steam+1","floor":48.0},{"not_picked":["Sunder","Compile Driver+1","Go for the Eyes+1"],"picked":"SKIP","floor":54.0}],"player_experience":239630,"relics_obtained":[{"floor":6.0,"key":"The Courier"},{"floor":9.0,"key":"FossilizedHelix"},{"floor":14.0,"key":"Sundial"},{"floor":24.0,"key":"Mango"},{"floor":27.0,"key":"Pear"},{"floor":54.0,"key":"Bronze Scales"}],"event_choices":[{"damage_healed":18.0,"max_hp_gain":0.0,"max_hp_loss":0.0,"gold_gain":0.0,"event_name":"The Cleric","player_choice":"Healed","floor":7.0,"gold_loss":35.0,"damage_taken":0.0},{"damage_healed":0.0,"max_hp_gain":0.0,"max_hp_loss":0.0,"gold_gain":60.0,"event_name":"Golden Wing","player_choice":"Gained Gold","floor":10.0,"gold_loss":0.0,"damage_taken":0.0},{"damage_healed":0.0,"max_hp_gain":0.0,"max_hp_loss":30.0,"gold_gain":0.0,"event_name":"Vampires","player_choice":"Became a vampire","floor":31.0,"gold_loss":0.0,"damage_taken":0.0,"cards_obtained":["Bite","Bite","Bite","Bite","Bite"]},{"damage_healed":0.0,"max_hp_gain":0.0,"max_hp_loss":0.0,"gold_gain":100.0,"event_name":"Golden Shrine","player_choice":"Pray","floor":46.0,"gold_loss":0.0,"damage_taken":0.0}],"is_beta":false,"boss_relics":[{"not_picked":["Inserter","Eternal Feather"],"picked":"Cursed Key"},{"not_picked":["White Beast Statue","Astrolabe"],"picked":"Runic Pyramid"}],"items_purged_floors":[2,38,42],"is_endless":false,"potions_floor_spawned":[3,5,6,14,16,18,22,24,29,41,44,47,48],"killed_by":"The Heart","ascension_level":3}