{"gold_per_floor":[112,122,122,138,138,171,171,171,171,507,507,540,558,579,579,579],"floor_reached":16,"playtime":610,"items_purged":[],"score":174,"play_id":"70005de0-719f-488f-ae1a-c79f1ff2e939","local_time":"20190129163631","is_ascension_mode":true,"campfire_choices":[{"floor":7,"key":"REST"},{"data":"Defend_B","floor":15,"key":"SMITH"}],"neow_cost":"NONE","seed_source_timestamp":1542066166005873,"circlet_count":0,"master_deck":["Strike_B","Strike_B","Strike_B","Strike_B","Defend_B+1","Defend_B+1","Defend_B","Defend_B","Zap","Dualcast+1","Streamline","Coolheaded+1","Sweeping Beam","Genetic Algorithm","Self Repair","Auto Shields","Sweeping Beam"],"relics":["Cracked Core","NeowsBlessing","Golden Idol","Mercury Hourglass","Blue Candle","Old Coin","War Paint"],"potions_floor_usage":[10,13],"damage_taken":[{"damage":0,"enemies":"Jaw Worm","floor":1,"turns":1},{"damage":0,"enemies":"Cultist","floor":2,"turns":1},{"damage":0,"enemies":"Small Slimes","floor":4,"turns":1},{"damage":46,"enemies":"Lagavulin","floor":6,"turns":7},{"damage":16,"enemies":"3 Sentries","floor":10,"turns":5},{"damage":21,"enemies":"Lagavulin","floor":12,"turns":6},{"damage":6,"enemies":"Exordium Thugs","floor":13,"turns":4},{"damage":2,"enemies":"Looter","floor":14,"turns":3},{"damage":15,"enemies":"Hexaghost","floor":16,"turns":9}],"seed_played":"-4440301963059584716","potions_obtained":[{"floor":1,"key":"Strength Potion"},{"floor":12,"key":"Swift Potion"},{"floor":13,"key":"Fire Potion"}],"is_trial":false,"path_per_floor":["M","M","?","M","?","E","R","?","T","E","?","E","M","M","R","B"],"character_chosen":"DEFECT","items_purchased":[],"campfire_rested":1,"item_purchase_floors":[],"current_hp_per_floor":[68,68,68,68,50,4,26,51,51,35,28,7,8,13,13,0],"gold":579,"neow_bonus":"THREE_ENEMY_KILL","is_prod":false,"is_daily":false,"chose_seed":false,"campfire_upgraded":1,"win_rate":0,"timestamp":1548758191,"path_taken":["M","M","?","?","?","E","R","?","T","E","?","E","?","M","R","BOSS"],"build_version":"2019-01-23","purchased_purges":0,"victory":false,"max_hp_per_floor":[75,75,75,75,75,75,75,75,75,75,75,75,75,75,75,75],"card_choices":[{"not_picked":["Lockon","Redo"],"picked":"Streamline","floor":1},{"not_picked":["Streamline","Barrage"],"picked":"Coolheaded","floor":2},{"not_picked":["Static Discharge","Leap"],"picked":"Sweeping Beam","floor":4},{"not_picked":["Sweeping Beam","Streamline"],"picked":"Genetic Algorithm","floor":6},{"not_picked":["Meteor Strike","Streamline","Multi-Cast"],"picked":"SKIP","floor":10},{"not_picked":["Turbo","Compile Driver"],"picked":"Self Repair","floor":12},{"not_picked":["Rebound","Chill"],"picked":"Auto Shields","floor":13},{"not_picked":["Doom and Gloom","Blizzard"],"picked":"Sweeping Beam","floor":14}],"player_experience":690398,"relics_obtained":[{"floor":6,"key":"Mercury Hourglass"},{"floor":9,"key":"Blue Candle"},{"floor":10,"key":"Old Coin"},{"floor":12,"key":"War Paint"}],"event_choices":[{"damage_healed":0,"gold_gain":0,"player_choice":"Upgraded","damage_taken":0,"max_hp_gain":0,"max_hp_loss":0,"event_name":"Upgrade Shrine","floor":3,"gold_loss":0,"cards_upgraded":["Coolheaded"]},{"damage_healed":0,"gold_gain":0,"player_choice":"Take Damage","damage_taken":18,"relics_obtained":["Golden Idol"],"max_hp_gain":0,"max_hp_loss":0,"event_name":"Golden Idol","floor":5,"gold_loss":0},{"damage_healed":25,"gold_gain":0,"player_choice":"Banana","damage_taken":0,"max_hp_gain":0,"max_hp_loss":0,"event_name":"Big Fish","floor":8,"gold_loss":0},{"damage_healed":0,"gold_gain":0,"player_choice":"Damaged","damage_taken":7,"max_hp_gain":0,"max_hp_loss":0,"event_name":"Wheel of Change","floor":11,"gold_loss":0}],"is_beta":false,"boss_relics":[],"items_purged_floors":[],"is_endless":false,"potions_floor_spawned":[1,12,13],"killed_by":"Hexaghost","ascension_level":9}