{"path_per_floor":["M","$","?","M","M","E","R","?","T","M","E","?","R","M","R","B",null,"M","$","M","?","M"],"character_chosen":"THE_SILENT","items_purchased":["Caltrops","Panache","Bane"],"gold_per_floor":[115,0,0,13,27,61,61,136,136,147,173,173,173,193,193,295,295,305,45,63,63,77,77],"floor_reached":23,"campfire_rested":2,"playtime":2518,"current_hp_per_floor":[70,70,70,67,67,47,47,36,36,35,11,11,32,13,34,12,70,45,45,40,40,5,0],"items_purged":["Strike_G"],"gold":77,"score":201,"play_id":"63b60c99-f2bd-4664-a127-89c4a2639c30","local_time":"20180507183847","is_prod":false,"is_daily":false,"chose_seed":false,"is_ascension_mode":false,"campfire_upgraded":1,"timestamp":1525711127,"path_taken":["M","$","?","M","M","E","R","?","T","M","E","?","R","M","R","BOSS","M","$","M","?","M","E"],"build_version":"2018-05-03","seed_source_timestamp":10925968114017,"purchased_purges":1,"victory":false,"master_deck":["Defend_G","Defend_G","Defend_G","Defend_G","Defend_G","Strike_G","Strike_G","Strike_G","Survivor","Neutralize","Night Terror+1","Poisoned Stab","Caltrops","Quick Slash","Crippling Poison","Tactician+1","Flying Knee","Acrobatics","Poisoned Stab","Adrenaline","Deadly Poison","Panache","Bane","Backstab","PiercingWail+1"],"max_hp_per_floor":[70,70,70,70,70,70,70,70,70,70,70,70,70,70,70,70,70,70,70,70,70,70,70],"relics":["Ring of the Snake","Calipers","Ice Cream","Matryoshka","Runic Pyramid"],"card_choices":[{"not_picked":["Dagger Throw","Malaise"],"picked":"Poisoned Stab","floor":1},{"not_picked":["Poisoned Stab","Backflip"],"picked":"Quick Slash","floor":4},{"not_picked":["Venomology","PiercingWail"],"picked":"Crippling Poison","floor":5},{"not_picked":["Prepared","Venomology"],"picked":"Tactician","floor":6},{"not_picked":["Bouncing Flask","Expertise"],"picked":"Flying Knee","floor":10},{"not_picked":["Dagger Spray","Dodge and Roll"],"picked":"Acrobatics","floor":11},{"not_picked":["Endless Agony","Heel Hook"],"picked":"Poisoned Stab","floor":14},{"not_picked":["Phantasmal Killer","After Image"],"picked":"Adrenaline","floor":16},{"not_picked":["Backflip","Dagger Throw"],"picked":"Deadly Poison","floor":18},{"not_picked":["Malaise","Deflect"],"picked":"Backstab","floor":20},{"not_picked":["Acrobatics","Blade Dance"],"picked":"PiercingWail","floor":22}],"player_experience":71773,"potions_floor_usage":[11,20],"damage_taken":[{"damage":0,"enemies":"2 Louse","floor":1,"turns":3},{"damage":3,"enemies":"Jaw Worm","floor":4,"turns":5},{"damage":0,"enemies":"Cultist","floor":5,"turns":3},{"damage":20,"enemies":"Gremlin Nob","floor":6,"turns":5},{"damage":1,"enemies":"2 Fungi Beasts","floor":10,"turns":4},{"damage":24,"enemies":"Lagavulin","floor":11,"turns":7},{"damage":19,"enemies":"Exordium Wildlife","floor":14,"turns":5},{"damage":22,"enemies":"The Guardian","floor":16,"turns":11},{"damage":25,"enemies":"Shell Parasite","floor":18,"turns":8},{"damage":5,"enemies":"3 Byrds","floor":20,"turns":4},{"damage":35,"enemies":"Slaver and Parasite","floor":22,"turns":7},{"damage":8,"enemies":"Book of Stabbing","floor":23,"turns":3}],"event_choices":[{"event_name":"Living Wall","player_choice":"Grow","floor":3,"damage_taken":0},{"event_name":"World of Goop","player_choice":"Gather Gold","floor":8,"damage_taken":0},{"event_name":"Bonfire Elementals","player_choice":"BASIC","floor":12,"damage_taken":0},{"event_name":"Addict","player_choice":"Ignored","floor":21,"damage_taken":0}],"boss_relics":[{"not_picked":["Runic Dome","White Beast Statue"],"picked":"Runic Pyramid"}],"potions_floor_spawned":[6,10,14],"seed_played":"-4432499178407784686","killed_by":"Book of Stabbing","ascension_level":0,"is_trial":false}