{"gold_per_floor":[109,120,120,140,27,41,41,56,56,56,33,33,67,78,78,177,177,188,203,220,220,220],"floor_reached":22,"playtime":1792,"items_purged":["Defend_G"],"score":188,"play_id":"2d75928e-b8aa-4aa6-b1a2-3133c94be588","local_time":"20190128163719","is_ascension_mode":false,"campfire_choices":[{"data":"Bouncing Flask","floor":7,"key":"SMITH"},{"data":"Footwork","floor":10,"key":"SMITH"},{"floor":15,"key":"REST"}],"neow_cost":"NONE","seed_source_timestamp":1159294607097400,"circlet_count":0,"master_deck":["Defend_G","Defend_G","Defend_G","Defend_G","Strike_G","Strike_G","Strike_G","Strike_G","Strike_G","Survivor","Neutralize","Envenom","Bouncing Flask+1","Backflip","Acrobatics","Footwork+1","Dagger Spray","Deflect","Flying Knee","Masterful Stab","Blade Dance","A Thousand Cuts","Deadly Poison+1","Blade Dance","Blur+1"],"relics":["Ring of the Snake","Peace Pipe","Mummified Hand","Black Star"],"potions_floor_usage":[13,13,16,20,22],"damage_taken":[{"damage":0,"enemies":"Small Slimes","floor":1,"turns":5},{"damage":0,"enemies":"2 Louse","floor":2,"turns":3},{"damage":8,"enemies":"Jaw Worm","floor":4,"turns":5},{"damage":9,"enemies":"Blue Slaver","floor":6,"turns":4},{"damage":10,"enemies":"Large Slime","floor":8,"turns":7},{"damage":18,"enemies":"Gremlin Nob","floor":13,"turns":4},{"damage":2,"enemies":"Red Slaver","floor":14,"turns":4},{"damage":7,"enemies":"Hexaghost","floor":16,"turns":8},{"damage":4,"enemies":"3 Byrds","floor":18,"turns":5},{"damage":12,"enemies":"Chosen","floor":19,"turns":5},{"damage":10,"enemies":"Snecko","floor":20,"turns":3},{"damage":25,"enemies":"Colosseum Slavers","floor":21,"turns":7},{"damage":26,"enemies":"3 Cultists","floor":22,"turns":4}],"seed_played":"-3429245694972786542","potions_obtained":[{"floor":2,"key":"Fire Potion"},{"floor":6,"key":"EssenceOfSteel"},{"floor":14,"key":"EssenceOfSteel"},{"floor":16,"key":"Swift Potion"},{"floor":18,"key":"AttackPotion"}],"is_trial":false,"path_per_floor":["M","M","?","M","$","M","R","M","T","R","$","?","E","M","R","B",null,"M","M","M","?","M"],"character_chosen":"THE_SILENT","items_purchased":["Footwork","Flying Knee"],"campfire_rested":1,"item_purchase_floors":[5,11],"current_hp_per_floor":[70,70,75,67,67,58,58,48,48,48,48,48,30,28,50,43,75,71,59,49,24,0],"gold":220,"neow_bonus":"ONE_RANDOM_RARE_CARD","is_prod":false,"is_daily":false,"chose_seed":false,"campfire_upgraded":2,"win_rate":0.0,"timestamp":1548711439,"path_taken":["M","M","?","M","$","M","R","M","T","R","$","?","E","M","R","BOSS","M","M","M","?","M"],"build_version":"2019-01-23","purchased_purges":1,"victory":false,"max_hp_per_floor":[70,70,75,75,75,75,75,75,75,75,75,75,75,75,75,75,75,75,75,75,75,75],"card_choices":[{"not_picked":["Bane","Backflip"],"picked":"Bouncing Flask","floor":1},{"not_picked":["Endless Agony","Deflect"],"picked":"Backflip","floor":2},{"not_picked":["Poisoned Stab","Underhanded Strike"],"picked":"Acrobatics","floor":4},{"not_picked":["Choke","Deflect"],"picked":"Dagger Spray","floor":6},{"not_picked":["Acrobatics","Terror"],"picked":"Deflect","floor":8},{"not_picked":["Deadly Poison","Dagger Spray"],"picked":"Masterful Stab","floor":13},{"not_picked":["Tactician","Underhanded Strike"],"picked":"Blade Dance","floor":14},{"not_picked":["Bullet Time","Doppelganger"],"picked":"A Thousand Cuts","floor":16},{"not_picked":["Dagger Throw","Terror"],"picked":"Deadly Poison+1","floor":18},{"not_picked":["Prepared","Deadly Poison"],"picked":"Blade Dance","floor":19},{"not_picked":["Slice+1","Terror"],"picked":"Blur+1","floor":20}],"player_experience":35675,"relics_obtained":[{"floor":9,"key":"Peace Pipe"},{"floor":13,"key":"Mummified Hand"}],"event_choices":[{"damage_healed":0,"gold_gain":0,"player_choice":"Donut","damage_taken":0,"max_hp_gain":5,"max_hp_loss":0,"event_name":"Big Fish","floor":3,"gold_loss":0},{"damage_healed":0,"gold_gain":0,"player_choice":"Ignored","damage_taken":0,"max_hp_gain":0,"max_hp_loss":0,"event_name":"Golden Wing","floor":12,"gold_loss":0},{"damage_healed":0,"gold_gain":0,"player_choice":"Fight","damage_taken":0,"max_hp_gain":0,"max_hp_loss":0,"event_name":"Colosseum","floor":21,"gold_loss":0},{"damage_healed":0,"gold_gain":0,"player_choice":"Fled From Nobs","damage_taken":0,"max_hp_gain":0,"max_hp_loss":0,"event_name":"Colosseum","floor":21,"gold_loss":0}],"is_beta":false,"boss_relics":[{"not_picked":["Eternal Feather","Calling Bell"],"picked":"Black Star"}],"items_purged_floors":[5],"is_endless":false,"potions_floor_spawned":[2,6,14,16,18,21],"killed_by":"3 Cultists","ascension_level":0}