{"gold_per_floor":[111,111,111,111,131,164,164,164,164,200,216,235,37,57,57,156,156,175,193,245,91,115,155,255,255,282,620,638,663,676,720,720,818,818,842,967,967,459,473,512,512,512,539,539,573,596,630,661,661,661],"floor_reached":51,"playtime":9624,"items_purged":["Strike_B","Strike_B"],"score":1507,"play_id":"5d3cc624-140b-4850-bced-12efc6655b3f","local_time":"20190127113317","is_ascension_mode":true,"campfire_choices":[{"data":"Zap","floor":7,"key":"SMITH"},{"data":"Blizzard","floor":15,"key":"SMITH"},{"data":"Defragment","floor":25,"key":"SMITH"},{"floor":32,"key":"REST"},{"data":"Apotheosis","floor":41,"key":"SMITH"},{"floor":44,"key":"REST"},{"floor":49,"key":"REST"}],"neow_cost":"NONE","seed_source_timestamp":681652215579641,"circlet_count":0,"master_deck":["AscendersBane","Strike_B","Defend_B","Defend_B","Defend_B","Zap+1","Dualcast","Cold Snap","Cold Snap","Conserve Battery","Blizzard+1","Self Repair","Cold Snap","Conserve Battery","Chill","Defragment+1","Coolheaded","Turbo","Cold Snap","Chill","Capacitor","Capacitor","Conserve Battery","Defragment","Echo Form","Apotheosis+1","Deep Breath","Fusion","Madness","Madness","Coolheaded","Echo Form"],"relics":["Cracked Core","Golden Idol","Peace Pipe","Cables","Dead Branch","DataDisk","Orrery","Pen Nib","Question Card","Omamori","Old Coin","Oddly Smooth Stone","Philosopher\u0027s Stone","WingedGreaves","PreservedInsect","Vajra","Ancient Tea Set","Symbiotic Virus","Potion Belt","Dodecahedron"],"potions_floor_usage":[10,16,18,27,30,31,48,50],"damage_taken":[{"damage":0,"enemies":"2 Louse","floor":1,"turns":3},{"damage":4,"enemies":"Small Slimes","floor":5,"turns":3},{"damage":32,"enemies":"Lagavulin","floor":6,"turns":8},{"damage":12,"enemies":"3 Sentries","floor":10,"turns":8},{"damage":0,"enemies":"Cultist","floor":11,"turns":2},{"damage":0,"enemies":"2 Fungi Beasts","floor":12,"turns":3},{"damage":3,"enemies":"Red Slaver","floor":14,"turns":3},{"damage":13,"enemies":"Slime Boss","floor":16,"turns":11},{"damage":4,"enemies":"3 Byrds","floor":18,"turns":5},{"damage":1,"enemies":"Chosen","floor":19,"turns":6},{"damage":0,"enemies":"3 Cultists","floor":22,"turns":6},{"damage":31,"enemies":"Book of Stabbing","floor":23,"turns":9},{"damage":25,"enemies":"Slavers","floor":27,"turns":9},{"damage":4,"enemies":"Centurion and Healer","floor":28,"turns":8},{"damage":0,"enemies":"Cultist and Chosen","floor":29,"turns":7},{"damage":8,"enemies":"Shelled Parasite and Fungi","floor":30,"turns":8},{"damage":15,"enemies":"Book of Stabbing","floor":31,"turns":8},{"damage":0,"enemies":"Automaton","floor":33,"turns":12},{"damage":4,"enemies":"3 Shapes","floor":35,"turns":5},{"damage":19,"enemies":"Mind Bloom Boss Battle","floor":36,"turns":7},{"damage":0,"enemies":"Orb Walker","floor":39,"turns":5},{"damage":39,"enemies":"Nemesis","floor":40,"turns":9},{"damage":0,"enemies":"Giant Head","floor":45,"turns":10},{"damage":0,"enemies":"Maw","floor":46,"turns":8},{"damage":3,"enemies":"Nemesis","floor":47,"turns":7},{"damage":11,"enemies":"Reptomancer","floor":48,"turns":8},{"damage":34,"enemies":"Time Eater","floor":50,"turns":12}],"seed_played":"-3093505989181051628","potions_obtained":[{"floor":5,"key":"Swift Potion"},{"floor":8,"key":"Regen Potion"},{"floor":10,"key":"PowerPotion"},{"floor":16,"key":"Energy Potion"},{"floor":18,"key":"Block Potion"},{"floor":27,"key":"Block Potion"},{"floor":39,"key":"Ancient Potion"},{"floor":45,"key":"Energy Potion"},{"floor":46,"key":"FocusPotion"},{"floor":47,"key":"Poison Potion"}],"is_trial":false,"path_per_floor":["M","?","?","?","M","E","R","?","T","E","M","M","$","M","R","B",null,"M","M","T","$","M","E","?","R","T","E","M","M","M","E","R","B",null,"M","?","?","$","M","E","R","?","T","R","E","M","E","E","R","B",null],"character_chosen":"DEFECT","items_purchased":["DataDisk","Cold Snap","Capacitor","Apotheosis","PreservedInsect","Deep Breath"],"campfire_rested":3,"item_purchase_floors":[13,13,21,38,38,38],"current_hp_per_floor":[68,68,61,66,62,30,30,30,30,33,33,33,33,37,37,31,63,66,72,72,72,74,50,50,50,50,32,35,42,41,33,55,62,71,74,62,62,62,72,40,40,31,31,53,63,74,74,73,74,50],"gold":661,"neow_bonus":"REMOVE_CARD","is_prod":false,"is_daily":false,"chose_seed":false,"campfire_upgraded":4,"win_rate":0,"timestamp":1548585197,"path_taken":["M","?","?","?","M","E","R","?","T","E","M","M","$","M","R","BOSS","M","M","?","$","M","E","?","R","T","E","M","M","?","E","R","BOSS","M","?","?","$","M","E","R","?","T","R","E","M","E","E","R","BOSS"],"build_version":"2019-01-23","purchased_purges":2,"victory":true,"max_hp_per_floor":[75,69,69,74,74,74,74,74,74,74,74,74,74,74,74,74,74,74,74,74,74,74,74,74,74,74,74,74,74,74,74,74,74,74,74,74,74,74,74,74,74,74,74,74,74,74,74,74,74,74],"card_choices":[{"not_picked":["Beam Cell","Leap"],"picked":"Cold Snap","floor":1},{"not_picked":["Leap","Stack"],"picked":"Cold Snap","floor":5},{"not_picked":["Storm","Scrape"],"picked":"Conserve Battery","floor":6},{"not_picked":["Meteor Strike","FTL"],"picked":"Blizzard","floor":10},{"not_picked":["Rebound","Streamline","Redo"],"picked":"SKIP","floor":11},{"not_picked":["Loop","Leap"],"picked":"Self Repair","floor":12},{"not_picked":["Ball Lightning","Rebound"],"picked":"Conserve Battery","floor":14},{"not_picked":["Compile Driver","Turbo"],"picked":"Chill","floor":17},{"not_picked":["Conserve Battery","Coolheaded"],"picked":"Defragment","floor":17},{"not_picked":["Lockon","Ball Lightning"],"picked":"Coolheaded","floor":17},{"not_picked":["Go for the Eyes","Gash"],"picked":"Turbo","floor":17},{"not_picked":["Stack","Doom and Gloom"],"picked":"Cold Snap","floor":18},{"not_picked":["Gash","Sunder"],"picked":"Chill","floor":19},{"not_picked":["Storm+1","Rebound"],"picked":"Capacitor","floor":22},{"not_picked":["Beam Cell","Rainbow","Genetic Algorithm"],"picked":"SKIP","floor":23},{"not_picked":["Gash","Scrape","FTL","Stack+1"],"picked":"SKIP","floor":27},{"not_picked":["Hello World","Coolheaded","Rebound"],"picked":"Conserve Battery","floor":28},{"not_picked":["Undo+1","Ball Lightning","Turbo","Aggregate"],"picked":"SKIP","floor":29},{"not_picked":["BootSequence","Compile Driver","Steam","Lockon"],"picked":"SKIP","floor":30},{"not_picked":["Auto Shields","Hologram","Undo+1"],"picked":"Defragment","floor":31},{"not_picked":["Machine Learning","Seek","Amplify"],"picked":"Echo Form","floor":33},{"not_picked":["Stack+1","Turbo+1","Gash+1","Storm"],"picked":"SKIP","floor":35},{"not_picked":["Compile Driver","Coolheaded+1","Consume"],"picked":"Fusion","floor":39},{"not_picked":["Buffer","Aggregate","Sunder","Electrodynamics"],"picked":"SKIP","floor":40},{"not_picked":["Skim","Compile Driver","Steam Power"],"picked":"Coolheaded","floor":45},{"not_picked":["Scrape","Hologram","Genetic Algorithm","Coolheaded"],"picked":"SKIP","floor":46},{"not_picked":["Undo+1","Scrape","Static Discharge","Go for the Eyes"],"picked":"SKIP","floor":47},{"not_picked":["Conserve Battery","Creative AI","Coolheaded"],"picked":"Echo Form","floor":48}],"player_experience":636447,"relics_obtained":[{"floor":6,"key":"Peace Pipe"},{"floor":9,"key":"Cables"},{"floor":10,"key":"Dead Branch"},{"floor":20,"key":"Pen Nib"},{"floor":23,"key":"Question Card"},{"floor":26,"key":"Omamori"},{"floor":27,"key":"Old Coin"},{"floor":31,"key":"Oddly Smooth Stone"},{"floor":36,"key":"WingedGreaves"},{"floor":40,"key":"Vajra"},{"floor":43,"key":"Ancient Tea Set"},{"floor":45,"key":"Symbiotic Virus"},{"floor":47,"key":"Potion Belt"},{"floor":48,"key":"Dodecahedron"}],"event_choices":[{"damage_healed":0,"gold_gain":0,"player_choice":"Lose Max HP","damage_taken":0,"relics_obtained":["Golden Idol"],"max_hp_gain":0,"max_hp_loss":6,"event_name":"Golden Idol","floor":2,"gold_loss":0},{"cards_removed":["Defend_B"],"damage_healed":0,"gold_gain":0,"player_choice":"Card Removal","damage_taken":7,"max_hp_gain":0,"max_hp_loss":0,"event_name":"Golden Wing","floor":3,"gold_loss":0},{"damage_healed":0,"gold_gain":0,"player_choice":"Donut","damage_taken":0,"max_hp_gain":5,"max_hp_loss":0,"event_name":"Big Fish","floor":4,"gold_loss":0},{"damage_healed":0,"gold_gain":0,"player_choice":"Got Potions","damage_taken":0,"max_hp_gain":0,"max_hp_loss":0,"event_name":"Lab","floor":8,"gold_loss":0},{"damage_healed":0,"gold_gain":100,"player_choice":"Pray","damage_taken":0,"max_hp_gain":0,"max_hp_loss":0,"event_name":"Golden Shrine","floor":24,"gold_loss":0},{"damage_healed":0,"gold_gain":0,"player_choice":"Fight","damage_taken":0,"max_hp_gain":0,"max_hp_loss":0,"event_name":"MindBloom","floor":36,"gold_loss":0},{"damage_healed":0,"gold_gain":0,"player_choice":"Ignored","damage_taken":0,"max_hp_gain":0,"max_hp_loss":0,"event_name":"Tomb of Lord Red Mask","floor":37,"gold_loss":0},{"damage_healed":0,"gold_gain":0,"player_choice":"Embrace Madness","damage_taken":9,"max_hp_gain":0,"max_hp_loss":0,"event_name":"Winding Halls","floor":42,"gold_loss":0,"cards_obtained":["Madness","Madness"]}],"is_beta":true,"boss_relics":[{"not_picked":["Black Star","Busted Crown"],"picked":"Orrery"},{"not_picked":["Astrolabe","Runic Pyramid"],"picked":"Philosopher\u0027s Stone"}],"items_purged_floors":[21,38],"is_endless":false,"potions_floor_spawned":[5,10,11,16,18,19,27,28,39,45,46,47],"ascension_level":13}