{"gold_per_floor":[110,110,110,110,110,141,159,192,192,206,206,221,221,3,3,98,98,98,38,38,38,38,38,38,38,38,38,38,38,38,38,38,38,38,38,38,38,38,38,38,38,38,38,38,38,38,38,38,38,38],"floor_reached":51,"playtime":5151,"items_purged":["Defend_R"],"score":732,"play_id":"301fc5e3-6c2f-41ca-9a6a-d55e6dd56801","local_time":"20190128001553","is_ascension_mode":true,"campfire_choices":[{"data":"Armaments","floor":11.0,"key":"SMITH"},{"floor":13.0,"key":"DIG"},{"data":"1","floor":15.0,"key":"LIFT"},{"data":"2","floor":23.0,"key":"LIFT"},{"data":"3","floor":25.0,"key":"LIFT"},{"floor":29.0,"key":"DIG"},{"floor":32.0,"key":"DIG"},{"data":"Demon Form","floor":40.0,"key":"SMITH"},{"floor":42.0,"key":"REST"},{"floor":44.0,"key":"DIG"},{"floor":49,"key":"REST"}],"neow_cost":"PERCENT_DAMAGE","seed_source_timestamp":0,"circlet_count":0,"master_deck":["Defend_R","Defend_R","Defend_R","Bash","Seeing Red","Pommel Strike","Body Slam","Juggernaut","Armaments+1","Whirlwind","Body Slam","Dark Embrace","Demon Form+1","Flame Barrier","Flame Barrier","Intimidate","Limit Break","Disarm","Shrug It Off","Reaper","Whirlwind+1"],"special_seed":0,"relics":["Burning Blood","Ginger","Lantern","Shovel","Girya","PreservedInsect","Ectoplasm","MawBank","Happy Flower","Tiny Chest","Nunchaku","Runic Pyramid","FaceOfCleric","Mercury Hourglass","Juzu Bracelet","Gremlin Horn"],"potions_floor_usage":[50,50],"damage_taken":[{"damage":0.0,"enemies":"Small Slimes","floor":1.0,"turns":4.0},{"damage":33.0,"enemies":"3 Sentries","floor":6.0,"turns":9.0},{"damage":0.0,"enemies":"2 Louse","floor":7.0,"turns":4.0},{"damage":8.0,"enemies":"Lagavulin","floor":8.0,"turns":7.0},{"damage":0.0,"enemies":"Cultist","floor":10.0,"turns":3.0},{"damage":0.0,"enemies":"3 Louse","floor":12.0,"turns":1.0},{"damage":45.0,"enemies":"The Guardian","floor":16.0,"turns":9.0},{"damage":13.0,"enemies":"3 Byrds","floor":18.0,"turns":4.0},{"damage":13.0,"enemies":"2 Thieves","floor":19.0,"turns":3.0},{"damage":13.0,"enemies":"Snecko","floor":22.0,"turns":4.0},{"damage":3.0,"enemies":"Centurion and Healer","floor":27.0,"turns":5.0},{"damage":9.0,"enemies":"Snake Plant","floor":31.0,"turns":3.0},{"damage":43.0,"enemies":"Collector","floor":33.0,"turns":8.0},{"damage":17.0,"enemies":"Orb Walker","floor":35.0,"turns":4.0},{"damage":17.0,"enemies":"3 Darklings","floor":37.0,"turns":5.0},{"damage":4.0,"enemies":"Transient","floor":38.0,"turns":5.0},{"damage":13.0,"enemies":"Writhing Mass","floor":39.0,"turns":4.0},{"damage":37.0,"enemies":"Nemesis","floor":41.0,"turns":5.0},{"damage":12.0,"enemies":"4 Shapes","floor":45.0,"turns":6.0},{"damage":33,"enemies":"Reptomancer","floor":47,"turns":6},{"damage":10,"enemies":"Maw","floor":48,"turns":6},{"damage":54,"enemies":"Awakened One","floor":50,"turns":9}],"seed_played":"-7101963971266364746","potions_obtained":[{"floor":10.0,"key":"EssenceOfSteel"},{"floor":12.0,"key":"GamblersBrew"},{"floor":18.0,"key":"Ancient Potion"},{"floor":31.0,"key":"Fire Potion"},{"floor":35.0,"key":"SkillPotion"},{"floor":39.0,"key":"AttackPotion"},{"floor":45.0,"key":"Dexterity Potion"},{"floor":47,"key":"Regen Potion"}],"is_trial":false,"path_per_floor":["M","?","?","?","?","E","M","E","T","M","R","M","R","$","R","B",null,"M","M","?","?","M","R","?","R","T","M","$","R","?","M","R","B",null,"M","?","M","M","M","R","E","R","T","R","M","?","E","M","R","B",null],"character_chosen":"IRONCLAD","items_purchased":["PreservedInsect"],"campfire_rested":2,"item_purchase_floors":[14],"current_hp_per_floor":[62,55,60,60,60,33,39,37,37,43,43,49,49,49,49,10,85,78,71,71,71,64,64,64,64,64,67,67,67,67,64,64,27,85,74,74,64,67,61,61,31,57,57,57,52,52,26,46,73,41],"gold":38,"neow_bonus":"TRANSFORM_TWO_CARDS","is_prod":false,"is_daily":false,"chose_seed":false,"campfire_upgraded":2,"win_rate":1,"timestamp":1548630953,"path_taken":["M","?","?","?","?","E","M","E","T","M","R","M","R","$","R","BOSS","M","M","?","?","M","R","?","R","T","M","?","R","?","M","R","BOSS","M","?","M","?","M","R","E","R","T","R","M","?","E","M","R","BOSS"],"build_version":"2019-01-23","purchased_purges":1,"victory":true,"max_hp_per_floor":[80,80,85,85,85,85,85,85,85,85,85,85,85,85,85,85,85,85,85,85,85,85,85,85,85,85,85,85,85,85,85,85,85,85,85,85,86,87,88,88,89,89,89,89,90,90,91,92,92,93],"card_choices":[{"not_picked":["True Grit","Thunderclap"],"picked":"Pommel Strike","floor":1.0},{"not_picked":["Hemokinesis","Sword Boomerang"],"picked":"Armaments","floor":6.0},{"not_picked":["Searing Blow","Anger"],"picked":"Whirlwind","floor":7.0},{"not_picked":["Twin Strike","Clash","Cleave"],"picked":"SKIP","floor":8.0},{"not_picked":["Warcry","Cleave"],"picked":"Body Slam","floor":10.0},{"not_picked":["Thunderclap","Heavy Blade"],"picked":"Dark Embrace","floor":12.0},{"not_picked":["Immolate","Offering"],"picked":"Demon Form","floor":16.0},{"not_picked":["Perfected Strike","Rampage","Inflame"],"picked":"SKIP","floor":18.0},{"not_picked":["Cleave","True Grit+1","Flex+1"],"picked":"SKIP","floor":19.0},{"not_picked":["Second Wind","Clash","Iron Wave"],"picked":"SKIP","floor":22.0},{"not_picked":["Seeing Red+1","Cleave"],"picked":"Flame Barrier","floor":27.0},{"not_picked":["Fire Breathing+1","Clash+1"],"picked":"Intimidate","floor":31.0},{"not_picked":["Double Tap","Brutality"],"picked":"Limit Break","floor":33.0},{"not_picked":["Pommel Strike+1","Perfected Strike+1"],"picked":"Disarm","floor":35.0},{"not_picked":["Cleave+1","Body Slam","Armaments+1"],"picked":"SKIP","floor":37.0},{"not_picked":["Cleave+1","Twin Strike+1","Power Through+1"],"picked":"SKIP","floor":38.0},{"not_picked":["Anger","Clothesline+1","Thunderclap"],"picked":"SKIP","floor":39.0},{"not_picked":["Twin Strike+1","Sword Boomerang+1","Bloodletting+1"],"picked":"SKIP","floor":41.0},{"not_picked":["Rampage","Twin Strike+1"],"picked":"Shrug It Off","floor":45.0},{"not_picked":["Disarm","Cleave"],"picked":"Reaper","floor":47},{"not_picked":["Flex","Blood for Blood+1"],"picked":"Whirlwind+1","floor":48}],"player_experience":29906,"relics_obtained":[{"floor":6.0,"key":"Ginger"},{"floor":8.0,"key":"Lantern"},{"floor":9.0,"key":"Shovel"},{"floor":13.0,"key":"Girya"},{"floor":26.0,"key":"Happy Flower"},{"floor":29.0,"key":"Tiny Chest"},{"floor":32.0,"key":"Nunchaku"},{"floor":41.0,"key":"Mercury Hourglass"},{"floor":44.0,"key":"Juzu Bracelet"},{"floor":47,"key":"Gremlin Horn"}],"event_choices":[{"cards_removed":["Strike_R"],"damage_healed":0.0,"max_hp_gain":0.0,"max_hp_loss":0.0,"gold_gain":0.0,"event_name":"Golden Wing","player_choice":"Card Removal","floor":2.0,"gold_loss":0.0,"damage_taken":7.0},{"damage_healed":0.0,"max_hp_gain":5.0,"max_hp_loss":0.0,"gold_gain":0.0,"event_name":"Big Fish","player_choice":"Donut","floor":3.0,"gold_loss":0.0,"damage_taken":0.0},{"damage_healed":0.0,"max_hp_gain":0.0,"max_hp_loss":0.0,"gold_gain":0.0,"cards_transformed":["Strike_R"],"event_name":"Living Wall","player_choice":"Change","floor":4.0,"gold_loss":0.0,"damage_taken":0.0,"cards_obtained":["Body Slam"]},{"damage_healed":0.0,"max_hp_gain":0.0,"max_hp_loss":0.0,"gold_gain":0.0,"cards_transformed":["Strike_R"],"event_name":"Transmorgrifier","player_choice":"Transformed","floor":5.0,"gold_loss":0.0,"damage_taken":0.0,"cards_obtained":["Juggernaut"]},{"damage_healed":0.0,"max_hp_gain":0.0,"max_hp_loss":0.0,"gold_gain":0.0,"event_name":"The Library","player_choice":"Read","floor":20.0,"gold_loss":0.0,"damage_taken":0.0,"cards_obtained":["Flame Barrier"]},{"damage_healed":0.0,"max_hp_gain":0.0,"max_hp_loss":0.0,"gold_gain":0.0,"event_name":"The Mausoleum","player_choice":"Opened","floor":21.0,"gold_loss":0.0,"damage_taken":0.0,"relics_obtained":["MawBank"],"cards_obtained":["Writhe"]},{"damage_healed":0.0,"max_hp_gain":0.0,"max_hp_loss":0.0,"gold_gain":0.0,"event_name":"Vampires","player_choice":"Ignored","floor":24.0,"gold_loss":0.0,"damage_taken":0.0},{"cards_removed":["Writhe"],"damage_healed":0.0,"max_hp_gain":0.0,"max_hp_loss":0.0,"gold_gain":0.0,"event_name":"Back to Basics","player_choice":"Elegance","floor":30.0,"gold_loss":0.0,"damage_taken":0.0},{"damage_healed":0.0,"max_hp_gain":0.0,"max_hp_loss":0.0,"gold_gain":0.0,"event_name":"FaceTrader","player_choice":"Trade","floor":36.0,"gold_loss":0.0,"damage_taken":0.0,"relics_obtained":["FaceOfCleric"]},{"cards_removed":["Inflame"],"damage_healed":0.0,"max_hp_gain":0.0,"max_hp_loss":0.0,"gold_gain":0.0,"event_name":"Falling","player_choice":"Removed Power","floor":46.0,"gold_loss":0.0,"damage_taken":0.0}],"is_beta":false,"boss_relics":[{"not_picked":["Runic Cube","Black Blood"],"picked":"Ectoplasm"},{"not_picked":["Black Star","White Beast Statue"],"picked":"Runic Pyramid"}],"items_purged_floors":[14],"is_endless":false,"potions_floor_spawned":[10,12,18,31,33,35,39,45,47],"ascension_level":2}