{"path_per_floor":["M","M","?","M","?","E","R","M","T","M","M","M","E","M","R","B",null,"M","M","?","M","M"],"character_chosen":"IRONCLAD","items_purchased":[],"gold_per_floor":[117,137,137,147,147,172,172,183,236,250,268,286,311,322,322,424,424,436,446,446,462,472,472],"floor_reached":23,"campfire_rested":1,"playtime":1559,"current_hp_per_floor":[84,85,67,73,73,57,57,53,53,54,60,66,41,38,64,29,88,65,50,79,30,12,0],"items_purged":[],"gold":472,"score":209,"play_id":"104d2efc-65f0-4a15-99c5-fe51c9329a08","local_time":"20180504030035","is_prod":false,"is_daily":false,"chose_seed":false,"is_ascension_mode":false,"campfire_upgraded":1,"timestamp":1525395635,"path_taken":["M","M","?","M","?","E","R","M","T","M","M","M","E","M","R","BOSS","M","M","?","?","M","E"],"build_version":"2018-04-28v2","seed_source_timestamp":30523315497389,"purchased_purges":0,"victory":false,"master_deck":["Strike_R","Strike_R","Strike_R","Strike_R+1","Strike_R","Defend_R","Defend_R","Defend_R","Defend_R","Bash+1","Cleave","Heavy Blade","Double Tap","Bash+1","Fiend Fire","Rampage","Infernal Blade","Clash","Sever Soul","Shockwave","Flex","Blood for Blood","Reaper","Flex","Heavy Blade","Twin Strike","Whirlwind+1"],"max_hp_per_floor":[88,88,88,88,88,88,88,88,88,88,88,88,88,88,88,88,88,88,88,88,88,88,88],"relics":["Black Blood","Question Card","Bag of Preparation","Lantern"],"card_choices":[{"not_picked":["Body Slam","Clothesline"],"picked":"Cleave","floor":1},{"not_picked":["Armaments","Shockwave"],"picked":"Heavy Blade","floor":2},{"not_picked":["Dropkick","Entrench"],"picked":"Double Tap","floor":4},{"not_picked":["Ghostly Armor","Iron Wave"],"picked":"Rampage","floor":6},{"not_picked":["Second Wind","Warcry","Dropkick"],"picked":"Infernal Blade","floor":8},{"not_picked":["Sword Boomerang","Headbutt","Warcry"],"picked":"Clash","floor":10},{"not_picked":["Carnage","Thunderclap","Anger"],"picked":"Sever Soul","floor":11},{"not_picked":["Armaments","Second Wind","Feel No Pain"],"picked":"Shockwave","floor":12},{"not_picked":["Shrug It Off","Battle Trance","Corruption"],"picked":"Flex","floor":13},{"not_picked":["Body Slam","Carnage","Entrench"],"picked":"Blood for Blood","floor":14},{"not_picked":["Bludgeon","Juggernaut","Fiend Fire"],"picked":"Reaper","floor":16},{"not_picked":["Burning Pact","Inflame","Clothesline"],"picked":"Flex","floor":18},{"not_picked":["Hemokinesis","Warcry","Twin Strike"],"picked":"Heavy Blade","floor":19},{"not_picked":["Sword Boomerang","Headbutt","Pommel Strike"],"picked":"Twin Strike","floor":21},{"not_picked":["Armaments","Corruption","Warcry"],"picked":"Whirlwind","floor":22}],"player_experience":11659,"potions_floor_usage":[11,11,16,16],"damage_taken":[{"damage":10,"enemies":"2 Louse","floor":1,"turns":3},{"damage":5,"enemies":"Jaw Worm","floor":2,"turns":4},{"damage":0,"enemies":"Cultist","floor":4,"turns":2},{"damage":22,"enemies":"3 Sentries","floor":6,"turns":6},{"damage":10,"enemies":"Looter","floor":8,"turns":2},{"damage":5,"enemies":"3 Louse","floor":10,"turns":3},{"damage":0,"enemies":"Gremlin Gang","floor":11,"turns":2},{"damage":0,"enemies":"Exordium Wildlife","floor":12,"turns":2},{"damage":31,"enemies":"Lagavulin","floor":13,"turns":4},{"damage":9,"enemies":"Blue Slaver","floor":14,"turns":3},{"damage":41,"enemies":"Hexaghost","floor":16,"turns":8},{"damage":33,"enemies":"3 Byrds","floor":18,"turns":5},{"damage":25,"enemies":"Spheric Guardian","floor":19,"turns":4},{"damage":59,"enemies":"Slaver and Parasite","floor":21,"turns":5},{"damage":36,"enemies":"Centurion and Healer","floor":22,"turns":4},{"damage":33,"enemies":"Book of Stabbing","floor":23,"turns":2}],"event_choices":[{"event_name":"Shining Light","player_choice":"Entered Light","floor":3,"damage_taken":0},{"event_name":"Match and Keep!","player_choice":"2 cards matched","floor":5,"damage_taken":0},{"event_name":"The Library","player_choice":"Heal","floor":20,"damage_taken":0}],"boss_relics":[{"not_picked":["Philosopher\u0027s Stone","Lizard Tail"],"picked":"Black Blood"}],"potions_floor_spawned":[6,8,10,12,13,16,19,21,22],"seed_played":"3572948126899901912","killed_by":"Book of Stabbing","ascension_level":0,"is_trial":false}