{"gold_per_floor":[116,135,153,172,185,185,213,213,213,213,230,108,128,157,157,253,253,267,286,286,111,123,123],"floor_reached":23,"playtime":1513,"items_purged":["Strike_R","Strike_R"],"score":205,"play_id":"c77d7eb4-586b-4ace-bf0a-9ca0046115a2","local_time":"20190129000440","is_ascension_mode":false,"campfire_choices":[{"data":"Anger","floor":6,"key":"SMITH"},{"data":"Entrench","floor":8,"key":"SMITH"},{"data":"Shrug It Off","floor":10,"key":"SMITH"},{"data":"Armaments","floor":15,"key":"SMITH"}],"neow_cost":"NONE","seed_source_timestamp":1186414444007400,"circlet_count":0,"master_deck":["Strike_R","Strike_R","Strike_R","Defend_R","Defend_R","Defend_R","Defend_R","Bash","Entrench+1","Anger+1","Twin Strike","Shrug It Off+1","Cleave","Thunderclap","Body Slam","Armaments+1","Whirlwind","Impervious","Rampage","Inflame","Headbutt+1"],"relics":["Burning Blood","Lantern","Nunchaku","Shuriken","Velvet Choker"],"potions_floor_usage":[7,7,14,16],"damage_taken":[{"damage":8,"enemies":"Cultist","floor":1,"turns":5},{"damage":7,"enemies":"Small Slimes","floor":2,"turns":4},{"damage":10,"enemies":"Jaw Worm","floor":3,"turns":5},{"damage":11,"enemies":"Blue Slaver","floor":4,"turns":6},{"damage":2,"enemies":"3 Louse","floor":5,"turns":5},{"damage":3,"enemies":"Gremlin Nob","floor":7,"turns":3},{"damage":6,"enemies":"Exordium Wildlife","floor":11,"turns":4},{"damage":0,"enemies":"2 Fungi Beasts","floor":13,"turns":3},{"damage":29,"enemies":"Lagavulin","floor":14,"turns":6},{"damage":23,"enemies":"Hexaghost","floor":16,"turns":9},{"damage":1,"enemies":"3 Byrds","floor":18,"turns":5},{"damage":5,"enemies":"Chosen","floor":19,"turns":3},{"damage":13,"enemies":"Snecko","floor":22,"turns":5},{"damage":66,"enemies":"Gremlin Leader","floor":23,"turns":5}],"seed_played":"-1943040697833232803","potions_obtained":[{"floor":1,"key":"PowerPotion"},{"floor":3,"key":"AttackPotion"},{"floor":7,"key":"Swift Potion"},{"floor":14,"key":"SteroidPotion"},{"floor":22,"key":"SpeedPotion"}],"is_trial":false,"path_per_floor":["M","M","M","M","M","R","E","R","T","R","M","$","M","E","R","B",null,"M","M","?","$","M","E"],"character_chosen":"IRONCLAD","items_purchased":["Armaments","Inflame"],"campfire_rested":0,"item_purchase_floors":[12,21],"current_hp_per_floor":[86,85,81,76,80,80,83,83,83,83,83,83,88,65,65,48,88,88,88,71,71,64,0],"gold":123,"neow_bonus":"TEN_PERCENT_HP_BONUS","is_prod":false,"is_daily":false,"chose_seed":false,"campfire_upgraded":4,"win_rate":0.0,"timestamp":1548738280,"path_taken":["M","M","M","M","M","R","E","R","T","R","M","$","M","E","R","BOSS","M","M","?","$","M","E"],"build_version":"2019-01-23","purchased_purges":2,"victory":false,"max_hp_per_floor":[88,88,88,88,88,88,88,88,88,88,88,88,88,88,88,88,88,88,88,93,93,93,93],"card_choices":[{"not_picked":["Carnage","Hemokinesis"],"picked":"Entrench","floor":1},{"not_picked":["True Grit","Warcry"],"picked":"Anger","floor":2},{"not_picked":["Sword Boomerang","Hemokinesis"],"picked":"Twin Strike","floor":3},{"not_picked":["Burning Pact","Sever Soul"],"picked":"Shrug It Off","floor":4},{"not_picked":["Wild Strike","Body Slam"],"picked":"Cleave","floor":5},{"not_picked":["Clash","Second Wind"],"picked":"Thunderclap","floor":7},{"not_picked":["Heavy Blade","Blood for Blood"],"picked":"Body Slam","floor":11},{"not_picked":["Carnage","Fire Breathing","Clash"],"picked":"SKIP","floor":13},{"not_picked":["Sword Boomerang","Evolve"],"picked":"Whirlwind","floor":14},{"not_picked":["Bludgeon","Berserk"],"picked":"Impervious","floor":16},{"not_picked":["Warcry","Clothesline+1"],"picked":"Rampage","floor":18},{"not_picked":["Sword Boomerang","Seeing Red","Clothesline"],"picked":"SKIP","floor":19},{"not_picked":["Armaments","Uppercut"],"picked":"Headbutt+1","floor":22}],"player_experience":62098,"relics_obtained":[{"floor":7,"key":"Lantern"},{"floor":9,"key":"Nunchaku"},{"floor":14,"key":"Shuriken"}],"event_choices":[{"damage_healed":0,"gold_gain":0,"player_choice":"Shed Blood","damage_taken":22,"max_hp_gain":5,"max_hp_loss":0,"event_name":"Forgotten Altar","floor":20,"gold_loss":0}],"is_beta":false,"boss_relics":[{"not_picked":["Calling Bell","Cursed Key"],"picked":"Velvet Choker"}],"items_purged_floors":[12,21],"is_endless":false,"potions_floor_spawned":[1,3,7,14,22],"killed_by":"Gremlin Leader","ascension_level":0}