{"gold_per_floor":[17,35,35,35,52,52,84,95,148,177,192,223,223,240,240,341,341,351,104,119,129,129,129,157,157,157,170,170,188,204,230,230,230],"floor_reached":33,"playtime":2498,"items_purged":[],"score":442,"play_id":"784aeb13-0bdd-4b5f-9d23-e0622db36d83","local_time":"20190131162042","is_ascension_mode":true,"campfire_choices":[{"data":"Anger","floor":6,"key":"SMITH"},{"data":"Shockwave","floor":13,"key":"SMITH"},{"data":"Barricade","floor":15,"key":"SMITH"},{"floor":23,"key":"REST"},{"data":"Corruption","floor":25,"key":"SMITH"},{"data":"Dark Embrace","floor":28,"key":"SMITH"},{"floor":32,"key":"REST"}],"neow_cost":"NO_GOLD","seed_source_timestamp":100094601891700,"circlet_count":0,"master_deck":["Strike_R","Strike_R","Strike_R","Strike_R","Strike_R","Defend_R","Defend_R","Defend_R","Defend_R","Bash+1","Anger+1","Reckless Charge","Twin Strike","Disarm","Barricade+1","Shockwave+1","Corruption+1","True Grit","Dark Embrace+1","Iron Wave","Rampage+1","Fiend Fire","Sentinel+1","Armaments"],"relics":["Burning Blood","Mercury Hourglass","Dream Catcher","Regal Pillow","Potion Belt","Snecko Eye","Kunai","Enchiridion","Orichalcum","Singing Bowl","Shuriken"],"potions_floor_usage":[11,12,16,16,24,31,31,31],"damage_taken":[{"damage":0,"enemies":"Small Slimes","floor":1,"turns":3},{"damage":13,"enemies":"Jaw Worm","floor":2,"turns":4},{"damage":3,"enemies":"2 Louse","floor":5,"turns":3},{"damage":16,"enemies":"Gremlin Nob","floor":7,"turns":3},{"damage":4,"enemies":"Red Slaver","floor":8,"turns":2},{"damage":23,"enemies":"Lagavulin","floor":10,"turns":5},{"damage":0,"enemies":"3 Louse","floor":11,"turns":2},{"damage":26,"enemies":"Gremlin Nob","floor":12,"turns":4},{"damage":7,"enemies":"Exordium Thugs","floor":14,"turns":4},{"damage":33,"enemies":"The Guardian","floor":16,"turns":10},{"damage":19,"enemies":"3 Byrds","floor":18,"turns":5},{"damage":0,"enemies":"Chosen","floor":20,"turns":4},{"damage":1,"enemies":"3 Cultists","floor":21,"turns":5},{"damage":38,"enemies":"Slavers","floor":24,"turns":4},{"damage":10,"enemies":"Snecko","floor":27,"turns":4},{"damage":39,"enemies":"Shelled Parasite and Fungi","floor":29,"turns":7},{"damage":8,"enemies":"3 Cultists","floor":30,"turns":4},{"damage":13,"enemies":"Book of Stabbing","floor":31,"turns":3},{"damage":76,"enemies":"Collector","floor":33,"turns":9}],"seed_played":"-3395468098219834775","potions_obtained":[{"floor":2,"key":"Explosive Potion"},{"floor":7,"key":"Swift Potion"},{"floor":10,"key":"Energy Potion"},{"floor":12,"key":"SneckoOil"},{"floor":14,"key":"Weak Potion"},{"floor":20,"key":"AttackPotion"},{"floor":29,"key":"PowerPotion"},{"floor":30,"key":"Regen Potion"}],"is_trial":false,"path_per_floor":["M","M","?","?","M","R","E","M","T","E","M","E","R","M","R","B",null,"M","$","M","M","?","R","E","R","T","M","R","M","M","E","R","B"],"character_chosen":"IRONCLAD","items_purchased":["Kunai"],"campfire_rested":2,"item_purchase_floors":[19],"current_hp_per_floor":[94,87,87,87,90,90,80,82,82,65,71,51,51,50,50,23,78,65,65,71,76,60,96,64,64,64,62,62,29,27,31,76,0],"gold":230,"neow_bonus":"TWENTY_PERCENT_HP_BONUS","is_prod":false,"is_daily":false,"chose_seed":false,"campfire_upgraded":5,"win_rate":0,"timestamp":1548922842,"path_taken":["M","M","?","?","M","R","E","M","T","E","M","E","R","M","R","BOSS","M","$","M","M","?","R","E","R","T","M","R","M","M","E","R","BOSS"],"build_version":"2019-01-23","purchased_purges":0,"victory":false,"max_hp_per_floor":[96,96,96,96,96,96,96,96,96,96,96,96,96,96,96,96,96,96,96,96,96,96,96,96,96,96,98,98,98,98,100,100,100],"card_choices":[{"not_picked":["Wild Strike","Combust"],"picked":"Anger","floor":1},{"not_picked":["Cleave","True Grit"],"picked":"Reckless Charge","floor":2},{"not_picked":["Cleave","Fire Breathing","Thunderclap"],"picked":"SKIP","floor":5},{"not_picked":["Body Slam","Headbutt"],"picked":"Twin Strike","floor":7},{"not_picked":["Fire Breathing","Intimidate"],"picked":"Disarm","floor":8},{"not_picked":["Disarm","Headbutt"],"picked":"Barricade","floor":10},{"not_picked":["Whirlwind","Sever Soul"],"picked":"Shockwave","floor":11},{"not_picked":["Sentinel","Shockwave"],"picked":"Corruption","floor":12},{"not_picked":["Intimidate","Rampage"],"picked":"True Grit","floor":14},{"not_picked":["Berserk","Double Tap"],"picked":"Dark Embrace","floor":16},{"not_picked":["Corruption","Shrug It Off"],"picked":"Iron Wave","floor":18},{"not_picked":["Clash","True Grit","Combust+1"],"picked":"SKIP","floor":20},{"not_picked":["Pommel Strike+1","Twin Strike","Dropkick"],"picked":"SKIP","floor":21},{"not_picked":["Clash","Evolve+1"],"picked":"Rampage+1","floor":23},{"not_picked":["Twin Strike","Havoc+1","Heavy Blade"],"picked":"SKIP","floor":24},{"not_picked":["Dropkick","Perfected Strike","Havoc"],"picked":"Singing Bowl","floor":27},{"not_picked":["Body Slam+1","Uppercut"],"picked":"Fiend Fire","floor":29},{"not_picked":["Flex","Sword Boomerang"],"picked":"Sentinel+1","floor":30},{"not_picked":["True Grit","Anger+1","Dropkick+1"],"picked":"Singing Bowl","floor":31},{"not_picked":["Perfected Strike+1","Pommel Strike"],"picked":"Armaments","floor":32}],"player_experience":215353,"relics_obtained":[{"floor":7,"key":"Mercury Hourglass"},{"floor":9,"key":"Dream Catcher"},{"floor":10,"key":"Regal Pillow"},{"floor":12,"key":"Potion Belt"},{"floor":22,"key":"Enchiridion"},{"floor":24,"key":"Orichalcum"},{"floor":26,"key":"Singing Bowl"},{"floor":31,"key":"Shuriken"}],"event_choices":[{"damage_healed":0,"gold_gain":0,"player_choice":"Leave","damage_taken":0,"max_hp_gain":0,"max_hp_loss":0,"event_name":"The Cleric","floor":3,"gold_loss":0},{"damage_healed":0,"gold_gain":0,"player_choice":"Grow","damage_taken":0,"max_hp_gain":0,"max_hp_loss":0,"event_name":"Living Wall","floor":4,"gold_loss":0,"cards_upgraded":["Bash"]},{"damage_healed":0,"gold_gain":0,"player_choice":"Obtained Book","damage_taken":16,"max_hp_gain":0,"max_hp_loss":0,"event_name":"Cursed Tome","floor":22,"gold_loss":0}],"is_beta":false,"boss_relics":[{"not_picked":["Philosopher\u0027s Stone","Busted Crown"],"picked":"Snecko Eye"}],"items_purged_floors":[],"is_endless":false,"potions_floor_spawned":[2,7,10,12,14,20,29,30],"killed_by":"Collector","ascension_level":7}