{"gold_per_floor":[110,123,134,147,157,157,188,188,214,179,243,255,255,290,290,393,393,405,405,415,415,415],"floor_reached":22,"playtime":1137,"items_purged":[],"score":218,"play_id":"80f16852-aa57-40df-a9b9-c3791eca47ba","local_time":"20190131220405","is_ascension_mode":true,"campfire_choices":[{"data":"Fusion","floor":6,"key":"SMITH"},{"data":"Echo Form","floor":8,"key":"SMITH"},{"data":"Streamline","floor":13,"key":"SMITH"},{"data":"Dualcast","floor":15,"key":"SMITH"}],"neow_cost":"NONE","seed_source_timestamp":1438754798150300,"circlet_count":0,"master_deck":["Strike_B","Defend_B","Defend_B","Defend_B","Defend_B","Zap","Dualcast+1","Gash","Streamline+1","Defragment","Fusion+1","Beam Cell","Echo Form+1","White Noise","Steam","Multi-Cast+1","Sweeping Beam+1","Rip and Tear+1","Go for the Eyes","Conserve Battery"],"relics":["Cracked Core","Kunai","Regal Pillow","Vajra","Astrolabe"],"potions_floor_usage":[4,14,19,21],"damage_taken":[{"damage":2,"enemies":"Jaw Worm","floor":1,"turns":5},{"damage":3,"enemies":"2 Louse","floor":2,"turns":2},{"damage":2,"enemies":"Small Slimes","floor":3,"turns":3},{"damage":10,"enemies":"Blue Slaver","floor":4,"turns":4},{"damage":7,"enemies":"Looter","floor":5,"turns":3},{"damage":31,"enemies":"Lagavulin","floor":7,"turns":5},{"damage":9,"enemies":"Red Slaver","floor":12,"turns":3},{"damage":15,"enemies":"Gremlin Nob","floor":14,"turns":4},{"damage":19,"enemies":"Hexaghost","floor":16,"turns":9},{"damage":15,"enemies":"2 Thieves","floor":18,"turns":2},{"damage":54,"enemies":"Colosseum Slavers","floor":19,"turns":5},{"damage":1,"enemies":"3 Byrds","floor":20,"turns":3},{"damage":0,"enemies":"Snecko","floor":21,"turns":4},{"damage":15,"enemies":"Sentry and Sphere","floor":22,"turns":2}],"seed_played":"8513894619456427491","potions_obtained":[{"floor":3,"key":"Weak Potion"},{"floor":4,"key":"SmokeBomb"},{"floor":5,"key":"Fire Potion"},{"floor":14,"key":"SpeedPotion"},{"floor":18,"key":"SkillPotion"}],"is_trial":false,"path_per_floor":["M","M","M","M","M","R","E","R","T","?","?","M","R","E","R","B",null,"M","?","M","M","M"],"character_chosen":"DEFECT","items_purchased":[],"campfire_rested":0,"item_purchase_floors":[],"current_hp_per_floor":[80,77,75,65,58,58,27,27,27,47,47,38,38,23,23,4,82,67,13,12,12,0],"gold":415,"neow_bonus":"TEN_PERCENT_HP_BONUS","is_prod":false,"is_daily":false,"chose_seed":false,"campfire_upgraded":4,"win_rate":0,"timestamp":1548990245,"path_taken":["M","M","M","M","M","R","E","R","T","?","?","M","R","E","R","BOSS","M","?","M","M","M"],"build_version":"2019-01-23","purchased_purges":0,"victory":false,"max_hp_per_floor":[82,82,82,82,82,82,82,82,82,82,82,82,82,82,82,82,82,82,82,82,82,82],"card_choices":[{"not_picked":["Beam Cell","Leap"],"picked":"Gash","floor":1},{"not_picked":["Tempest","Rip and Tear"],"picked":"Streamline","floor":2},{"not_picked":["Turbo","Ball Lightning"],"picked":"Defragment","floor":3},{"not_picked":["Capacitor","Lockon"],"picked":"Fusion","floor":4},{"not_picked":["Lockon","Heatsinks"],"picked":"Beam Cell","floor":5},{"not_picked":["Tempest","Steam"],"picked":"Echo Form","floor":7},{"not_picked":["Barrage","Genetic Algorithm"],"picked":"White Noise","floor":12},{"not_picked":["Cold Snap","Turbo"],"picked":"Steam","floor":14},{"not_picked":["Beam Cell","Sweeping Beam"],"picked":"Go for the Eyes","floor":18},{"not_picked":["Ball Lightning","Rebound"],"picked":"Conserve Battery","floor":20}],"player_experience":160428,"relics_obtained":[{"floor":7,"key":"Kunai"},{"floor":9,"key":"Regal Pillow"},{"floor":14,"key":"Vajra"}],"event_choices":[{"damage_healed":20,"gold_gain":0,"player_choice":"Healed","damage_taken":0,"max_hp_gain":0,"max_hp_loss":0,"event_name":"The Cleric","floor":10,"gold_loss":35},{"damage_healed":0,"gold_gain":64,"player_choice":"Gained Gold","damage_taken":0,"max_hp_gain":0,"max_hp_loss":0,"event_name":"Golden Wing","floor":11,"gold_loss":0},{"damage_healed":0,"gold_gain":0,"player_choice":"Fight","damage_taken":0,"max_hp_gain":0,"max_hp_loss":0,"event_name":"Colosseum","floor":19,"gold_loss":0},{"damage_healed":0,"gold_gain":0,"player_choice":"Fled From Nobs","damage_taken":0,"max_hp_gain":0,"max_hp_loss":0,"event_name":"Colosseum","floor":19,"gold_loss":0}],"is_beta":false,"boss_relics":[{"not_picked":["Runic Dome","Fusion Hammer"],"picked":"Astrolabe"}],"items_purged_floors":[],"is_endless":false,"potions_floor_spawned":[3,4,5,14,18,19],"killed_by":"Sentry and Sphere","ascension_level":2}