{"gold_per_floor":[119,69,69,144,164,164,182,182,182,182,18,31,31,75,75,203,203,219,219],"floor_reached":19,"playtime":608,"items_purged":["Strike_B"],"score":256,"play_id":"c5f34043-b5f4-40c1-a89a-8fd959288c59","local_time":"20190121200613","is_ascension_mode":true,"campfire_choices":[{"data":"White Noise","floor":6,"key":"SMITH"},{"data":"Leap","floor":8,"key":"SMITH"},{"floor":15,"key":"REST"}],"neow_cost":"NONE","seed_source_timestamp":203022069169037,"circlet_count":0,"master_deck":["AscendersBane","Strike_B","Strike_B+1","Defend_B","Defend_B","Defend_B","Defend_B","Zap+1","Dualcast","Streamline+1","White Noise+1","Leap+1","Ball Lightning","Skim","Storm","Creative AI","Auto Shields"],"relics":["FrozenCore","Bottled Lightning","Golden Idol","Oddly Smooth Stone"],"potions_floor_usage":[16],"damage_taken":[{"damage":0,"enemies":"2 Louse","floor":1,"turns":3},{"damage":7,"enemies":"Jaw Worm","floor":5,"turns":2},{"damage":0,"enemies":"Small Slimes","floor":7,"turns":3},{"damage":1,"enemies":"Looter","floor":12,"turns":3},{"damage":34,"enemies":"Gremlin Nob","floor":14,"turns":4},{"damage":20,"enemies":"Slime Boss","floor":16,"turns":8},{"damage":5,"enemies":"3 Byrds","floor":18,"turns":3},{"damage":66,"enemies":"Masked Bandits","floor":19,"turns":3}],"seed_played":"3872471675423048933","potions_obtained":[{"floor":7,"key":"Explosive Potion"},{"floor":14,"key":"GamblersBrew"}],"is_trial":false,"path_per_floor":["?","?","?","?","?","?"],"character_chosen":"DEFECT","items_purchased":["Ball Lightning","Skim"],"campfire_rested":1,"item_purchase_floors":[11,11],"current_hp_per_floor":[68,68,53,42,35,35,35,35,35,35,35,34,39,5,27,7,57,52,0],"gold":219,"neow_bonus":"UPGRADE_CARD","is_prod":false,"is_daily":false,"chose_seed":false,"campfire_upgraded":2,"win_rate":0,"timestamp":1548097573,"path_taken":["M","?","?","?","M","R","M","R","T","?","$","M","?","E","R","BOSS","M","?"],"build_version":"2019-01-20","purchased_purges":1,"victory":false,"max_hp_per_floor":[75,75,75,75,75,75,75,75,75,69,69,69,74,74,74,74,74,74,74],"card_choices":[{"not_picked":["Stack","Hello World"],"picked":"Streamline","floor":1},{"not_picked":["Barrage","FTL"],"picked":"White Noise","floor":5},{"not_picked":["Rebound","Beam Cell"],"picked":"Leap","floor":7},{"not_picked":["Hologram","Defragment"],"picked":"Storm","floor":12},{"not_picked":["Go for the Eyes","Compile Driver","Lockon"],"picked":"SKIP","floor":14},{"not_picked":["Seek","Electrodynamics"],"picked":"Creative AI","floor":16},{"not_picked":["Streamline","Go for the Eyes"],"picked":"Auto Shields","floor":18}],"player_experience":603952,"relics_obtained":[{"floor":9,"key":"Bottled Lightning"},{"floor":14,"key":"Oddly Smooth Stone"}],"event_choices":[{"cards_removed":["Strike_B"],"damage_healed":0,"gold_gain":0,"player_choice":"Card Removal","damage_taken":0,"max_hp_gain":0,"max_hp_loss":0,"event_name":"The Cleric","floor":2,"gold_loss":50},{"damage_healed":0,"gold_gain":0,"player_choice":"Entered Light","damage_taken":15,"max_hp_gain":0,"max_hp_loss":0,"event_name":"Shining Light","floor":3,"gold_loss":0,"cards_upgraded":["Strike_B","Streamline"]},{"damage_healed":0,"gold_gain":75,"player_choice":"Gather Gold","damage_taken":11,"max_hp_gain":0,"max_hp_loss":0,"event_name":"World of Goop","floor":4,"gold_loss":0},{"damage_healed":0,"gold_gain":0,"player_choice":"Lose Max HP","damage_taken":0,"relics_obtained":["Golden Idol"],"max_hp_gain":0,"max_hp_loss":6,"event_name":"Golden Idol","floor":10,"gold_loss":0},{"damage_healed":0,"gold_gain":0,"player_choice":"Donut","damage_taken":0,"max_hp_gain":5,"max_hp_loss":0,"event_name":"Big Fish","floor":13,"gold_loss":0},{"damage_healed":0,"gold_gain":0,"player_choice":"Fought Bandits","damage_taken":0,"max_hp_gain":0,"max_hp_loss":0,"event_name":"Masked Bandits","floor":19,"gold_loss":0}],"is_beta":true,"boss_relics":[{"not_picked":["Coffee Dripper","Sozu"],"picked":"FrozenCore"}],"items_purged_floors":[11],"is_endless":false,"potions_floor_spawned":[7,14],"killed_by":"Masked Bandits","ascension_level":11}