{"gold_per_floor":[111,28,40,107,107,107,123,152,152,152,165,199,211,12,12,108,108,127,139,139,92,92,92,92],"floor_reached":24,"playtime":1288,"items_purged":["Regret"],"score":270,"play_id":"c0cc733c-e2bd-40b4-bfe3-269b9eacd7f0","local_time":"20190204185428","is_ascension_mode":true,"campfire_choices":[{"data":"Discovery","floor":6,"key":"SMITH"},{"floor":10,"key":"RECALL"},{"floor":15,"key":"REST"},{"floor":23,"key":"REST"}],"neow_cost":"CURSE","seed_source_timestamp":280737222013227,"circlet_count":0,"master_deck":["Defend_R","Defend_R","Defend_R","Defend_R","Bash","Injury","Hemokinesis","Body Slam","Anger","Discovery+1","Whirlwind","True Grit","Inflame","Blood for Blood","Warcry","Ghostly Armor","Body Slam","Exhume","Body Slam","Pommel Strike","Bite","Bite","Bite","Bite","Bite","Shrug It Off","Inflame"],"relics":["Burning Blood","Letter Opener","Happy Flower","Mercury Hourglass","Matryoshka","Cursed Key"],"potions_floor_usage":[16,16,16,24],"damage_taken":[{"damage":10,"enemies":"2 Louse","floor":1,"turns":2},{"damage":2,"enemies":"Jaw Worm","floor":3,"turns":3},{"damage":0,"enemies":"Cultist","floor":7,"turns":4},{"damage":36,"enemies":"Gremlin Nob","floor":8,"turns":5},{"damage":14,"enemies":"Lots of Slimes","floor":11,"turns":2},{"damage":40,"enemies":"3 Sentries","floor":12,"turns":6},{"damage":2,"enemies":"2 Fungi Beasts","floor":13,"turns":3},{"damage":11,"enemies":"Slime Boss","floor":16,"turns":7},{"damage":23,"enemies":"Spheric Guardian","floor":18,"turns":5},{"damage":37,"enemies":"2 Thieves","floor":19,"turns":4},{"damage":54,"enemies":"Slavers","floor":24,"turns":3}],"seed_played":"6628397749418662054","potions_obtained":[{"floor":3,"key":"PowerPotion"},{"floor":8,"key":"Explosive Potion"},{"floor":12,"key":"SkillPotion"},{"floor":16,"key":"SteroidPotion"},{"floor":18,"key":"SneckoOil"}],"is_trial":false,"path_per_floor":["M","$","M","?","?","R","M","E","T","R","M","E","M","$","R","B",null,"M","M","?","$","?","R","E"],"character_chosen":"IRONCLAD","items_purchased":["Discovery","Ghostly Armor","Body Slam","Shrug It Off"],"campfire_rested":2,"item_purchase_floors":[2,14,14,21],"current_hp_per_floor":[76,76,80,80,80,80,80,50,50,50,42,8,12,12,36,31,80,63,32,32,32,32,48,0],"gold":92,"neow_bonus":"TRANSFORM_TWO_CARDS","is_prod":false,"is_daily":false,"chose_seed":false,"campfire_upgraded":1,"win_rate":0,"timestamp":1549302868,"path_taken":["M","$","M","?","?","R","M","E","T","R","M","E","M","$","R","BOSS","M","M","?","$","?","R","E"],"build_version":"2019-01-23","purchased_purges":1,"victory":false,"max_hp_per_floor":[80,80,80,80,80,80,80,80,80,80,80,80,80,80,80,80,80,80,80,56,56,56,56,56],"card_choices":[{"not_picked":["Second Wind","Flex"],"picked":"Anger","floor":1},{"not_picked":["Clothesline","Perfected Strike"],"picked":"Whirlwind","floor":3},{"not_picked":["Thunderclap","Sword Boomerang"],"picked":"True Grit","floor":7},{"not_picked":["Warcry","Reckless Charge"],"picked":"Inflame","floor":8},{"not_picked":["Iron Wave","Twin Strike","Perfected Strike"],"picked":"SKIP","floor":11},{"not_picked":["Flex","Intimidate"],"picked":"Blood for Blood","floor":12},{"not_picked":["Headbutt","Infernal Blade"],"picked":"Warcry","floor":13},{"not_picked":["Fiend Fire","Bludgeon"],"picked":"Exhume","floor":16},{"not_picked":["Warcry+1","Whirlwind"],"picked":"Body Slam","floor":18},{"not_picked":["Sever Soul+1","Twin Strike"],"picked":"Pommel Strike","floor":19}],"player_experience":551180,"relics_obtained":[{"floor":8,"key":"Happy Flower"},{"floor":9,"key":"Mercury Hourglass"},{"floor":12,"key":"Matryoshka"}],"event_choices":[{"damage_healed":0,"gold_gain":67,"player_choice":"Gained Gold","damage_taken":0,"max_hp_gain":0,"max_hp_loss":0,"event_name":"Golden Wing","floor":4,"gold_loss":0},{"damage_healed":0,"gold_gain":0,"player_choice":"Box","damage_taken":0,"relics_obtained":["Letter Opener"],"max_hp_gain":0,"max_hp_loss":0,"event_name":"Big Fish","floor":5,"gold_loss":0,"cards_obtained":["Regret"]},{"damage_healed":0,"gold_gain":0,"player_choice":"Became a vampire","damage_taken":0,"max_hp_gain":0,"max_hp_loss":24,"event_name":"Vampires","floor":20,"gold_loss":0,"cards_obtained":["Bite","Bite","Bite","Bite","Bite"]},{"damage_healed":0,"gold_gain":0,"player_choice":"1 cards matched","damage_taken":0,"max_hp_gain":0,"max_hp_loss":0,"event_name":"Match and Keep!","floor":22,"gold_loss":0,"cards_obtained":["Inflame"]}],"is_beta":false,"boss_relics":[{"not_picked":["Sozu","Velvet Choker"],"picked":"Cursed Key"}],"items_purged_floors":[14],"is_endless":false,"potions_floor_spawned":[3,8,12,13,16,18],"killed_by":"Slavers","ascension_level":4}