{"gold_per_floor":[113,133,133,133,152,152,164,190,190,190,205,239,16,16,16,111,111,123,123,123,143,16,16,16,16,89,89,101,121,121,135,135,250,262,292,316,103,118,118,148,148,148,200,200,7,107,107,135,135,135],"floor_reached":51,"playtime":6497,"items_purged":["Strike_R","Defend_R","Defend_R"],"score":843,"play_id":"a2184acd-1939-463e-a6a9-c2a4f98568da","local_time":"20190130124716","is_ascension_mode":true,"campfire_choices":[{"data":"Inflame","floor":6.0,"key":"SMITH"},{"data":"Armaments","floor":10.0,"key":"SMITH"},{"floor":15.0,"key":"DIG"},{"floor":23.0,"key":"DIG"},{"floor":25.0,"key":"DIG"},{"floor":27.0,"key":"DIG"},{"floor":32.0,"key":"DIG"},{"floor":41,"key":"DIG"},{"data":"Bash","floor":47,"key":"PURGE"},{"floor":49,"key":"DIG"}],"neow_cost":"NONE","seed_source_timestamp":0,"circlet_count":0,"master_deck":["Defend_R+1","Defend_R+1","Inflame+1","Headbutt","Brutality","Clothesline","Armaments+1","Seeing Red","Impervious","Seeing Red+1","Offering+1","Limit Break+1","Disarm+1","Whirlwind","Warcry+1","Shockwave+1","Flex+1","Shockwave+1","Flex+1","Exhume+1","Headbutt+1","Rupture","Spot Weakness+1","Havoc+1","Pummel","Magnetism","Dark Shackles+1","Disarm+1","Flame Barrier+1","Shrug It Off+1","Rupture+1"],"special_seed":0,"relics":["Burning Blood","Torii","Shovel","Toxic Egg 2","Anchor","Bronze Scales","Mark of Pain","Enchiridion","Dodecahedron","Bird Faced Urn","Shuriken","Pantograph","Champion Belt","MawBank","Coffee Dripper","Bag of Marbles","Peace Pipe","Boot","Gambling Chip","Charon\u0027s Ashes","Calipers"],"potions_floor_usage":[50,50],"damage_taken":[{"damage":8.0,"enemies":"Jaw Worm","floor":1.0,"turns":4.0},{"damage":6.0,"enemies":"Cultist","floor":2.0,"turns":4.0},{"damage":2.0,"enemies":"2 Louse","floor":5.0,"turns":3.0},{"damage":15.0,"enemies":"Large Slime","floor":7.0,"turns":6.0},{"damage":17.0,"enemies":"Lagavulin","floor":8.0,"turns":6.0},{"damage":4.0,"enemies":"2 Fungi Beasts","floor":11.0,"turns":4.0},{"damage":16.0,"enemies":"3 Sentries","floor":12.0,"turns":9.0},{"damage":16.0,"enemies":"Hexaghost","floor":16.0,"turns":9.0},{"damage":15.0,"enemies":"2 Thieves","floor":18.0,"turns":4.0},{"damage":8.0,"enemies":"Spheric Guardian","floor":21.0,"turns":3.0},{"damage":9.0,"enemies":"Chosen and Byrds","floor":28.0,"turns":4.0},{"damage":6.0,"enemies":"Snake Plant","floor":29.0,"turns":3.0},{"damage":9.0,"enemies":"Shelled Parasite and Fungi","floor":31.0,"turns":3.0},{"damage":10.0,"enemies":"Champ","floor":33.0,"turns":9.0},{"damage":6.0,"enemies":"Orb Walker","floor":35.0,"turns":2.0},{"damage":17,"enemies":"3 Shapes","floor":36,"turns":4},{"damage":18,"enemies":"Sphere and 2 Shapes","floor":38,"turns":5},{"damage":31,"enemies":"Reptomancer","floor":40,"turns":5},{"damage":4,"enemies":"Mind Bloom Boss Battle","floor":46,"turns":7},{"damage":14,"enemies":"Nemesis","floor":48,"turns":3},{"damage":36,"enemies":"Time Eater","floor":50,"turns":4}],"seed_played":"-7713005540404805085","potions_obtained":[{"floor":2.0,"key":"SneckoOil"},{"floor":8.0,"key":"BloodPotion"},{"floor":16.0,"key":"Explosive Potion"},{"floor":21.0,"key":"Fire Potion"},{"floor":28.0,"key":"Poison Potion"},{"floor":38,"key":"Ancient Potion"},{"floor":40,"key":"Strength Potion"}],"is_trial":false,"path_per_floor":["M","M","?","?","M","R","M","E","T","R","M","E","$","?","R","B",null,"M","?","?","M","$","R","?","R","T","R","M","M","?","M","R","B",null,"M","M","$","M","?","E","R","?","T","?","$","?","R","E","R","B",null],"character_chosen":"IRONCLAD","items_purchased":["Anchor","Whirlwind","Warcry+1","Spot Weakness+1","Havoc+1","Flame Barrier+1"],"campfire_rested":0,"item_purchase_floors":[13,22,22,37,37,45],"current_hp_per_floor":[86,86,68,68,72,72,63,52,52,52,54,44,44,44,44,34,88,79,63,63,61,61,61,61,61,61,61,62,66,66,69,69,88,88,88,77,77,73,63,46,46,46,46,46,46,83,83,84,84,59],"gold":135,"neow_bonus":"TEN_PERCENT_HP_BONUS","is_prod":false,"is_daily":false,"chose_seed":false,"campfire_upgraded":2,"win_rate":0,"timestamp":1548848836,"path_taken":["M","M","?","?","M","R","M","E","T","R","?","E","?","?","R","BOSS","M","?","?","?","?","R","?","R","T","R","M","M","?","M","R","BOSS","M","?","$","M","?","E","R","?","T","?","$","?","R","E","R","BOSS"],"build_version":"2019-01-23","purchased_purges":3,"victory":true,"max_hp_per_floor":[88,88,88,88,88,88,88,88,88,88,88,88,88,88,88,88,88,88,88,88,88,88,88,88,88,88,88,88,88,88,88,88,88,88,88,88,88,88,88,88,88,84,84,84,84,84,84,84,84,84],"card_choices":[{"not_picked":["Armaments","Pommel Strike"],"picked":"Inflame","floor":1.0},{"not_picked":["Heavy Blade","Sword Boomerang"],"picked":"Headbutt","floor":2.0},{"not_picked":["Rampage","Infernal Blade"],"picked":"Clothesline","floor":5.0},{"not_picked":["Dropkick","Intimidate"],"picked":"Armaments","floor":7.0},{"not_picked":["Sword Boomerang","Power Through"],"picked":"Seeing Red","floor":8.0},{"not_picked":["Anger","Iron Wave"],"picked":"Impervious","floor":11.0},{"not_picked":["Clothesline","Perfected Strike"],"picked":"Seeing Red","floor":12.0},{"not_picked":["Impervious+1","Immolate"],"picked":"Limit Break+1","floor":16.0},{"not_picked":["Headbutt","Second Wind+1","Clothesline"],"picked":"SKIP","floor":18.0},{"not_picked":["Combust","Clash+1"],"picked":"Disarm+1","floor":21.0},{"not_picked":["Warcry+1","Armaments+1"],"picked":"Shockwave+1","floor":28.0},{"not_picked":["Iron Wave","Armaments+1"],"picked":"Flex+1","floor":29.0},{"not_picked":["Power Through+1","Combust","Clash"],"picked":"SKIP","floor":31.0},{"not_picked":["Berserk","Bludgeon"],"picked":"Exhume+1","floor":33.0},{"not_picked":["Dual Wield+1","Thunderclap"],"picked":"Headbutt+1","floor":35.0},{"not_picked":["Cleave+1","Dual Wield+1"],"picked":"Rupture","floor":36},{"not_picked":["Spot Weakness+1","Heavy Blade+1"],"picked":"Pummel","floor":38},{"not_picked":["Violence+1","Dramatic Entrance"],"picked":"Magnetism","floor":39},{"not_picked":["Mind Blast","Dramatic Entrance"],"picked":"Dark Shackles+1","floor":39},{"not_picked":["Anger","Armaments+1"],"picked":"Disarm+1","floor":40},{"not_picked":["Blood for Blood+1","Reaper"],"picked":"Shrug It Off+1","floor":46},{"not_picked":["Entrench+1","Warcry+1"],"picked":"Rupture+1","floor":48}],"player_experience":49623,"relics_obtained":[{"floor":8.0,"key":"Torii"},{"floor":9.0,"key":"Shovel"},{"floor":12.0,"key":"Toxic Egg 2"},{"floor":15.0,"key":"Bronze Scales"},{"floor":19.0,"key":"Enchiridion"},{"floor":23.0,"key":"Bird Faced Urn"},{"floor":25.0,"key":"Shuriken"},{"floor":26.0,"key":"Pantograph"},{"floor":27.0,"key":"Champion Belt"},{"floor":32.0,"key":"MawBank"},{"floor":40,"key":"Bag of Marbles"},{"floor":41,"key":"Peace Pipe"},{"floor":43,"key":"Boot"},{"floor":46,"key":"Gambling Chip"},{"floor":48,"key":"Charon\u0027s Ashes"},{"floor":49,"key":"Calipers"}],"event_choices":[{"damage_healed":0.0,"max_hp_gain":0.0,"max_hp_loss":0.0,"gold_gain":0.0,"event_name":"Shining Light","player_choice":"Entered Light","floor":3.0,"gold_loss":0.0,"damage_taken":18.0,"cards_upgraded":["Defend_R","Defend_R"]},{"damage_healed":0.0,"max_hp_gain":0.0,"max_hp_loss":0.0,"gold_gain":0.0,"cards_transformed":["Strike_R"],"event_name":"Transmorgrifier","player_choice":"Transformed","floor":4.0,"gold_loss":0.0,"damage_taken":0.0,"cards_obtained":["Brutality"]},{"damage_healed":0.0,"max_hp_gain":0.0,"max_hp_loss":0.0,"gold_gain":0.0,"cards_transformed":["Strike_R"],"event_name":"Living Wall","player_choice":"Change","floor":14.0,"gold_loss":0.0,"damage_taken":0.0,"cards_obtained":["Offering"]},{"damage_healed":0.0,"max_hp_gain":0.0,"max_hp_loss":0.0,"gold_gain":0.0,"event_name":"Cursed Tome","player_choice":"Obtained Book","floor":19.0,"gold_loss":0.0,"damage_taken":16.0},{"damage_healed":0.0,"max_hp_gain":0.0,"max_hp_loss":0.0,"gold_gain":0.0,"event_name":"The Mausoleum","player_choice":"Opened","floor":20.0,"gold_loss":0.0,"damage_taken":0.0,"relics_obtained":["Dodecahedron"]},{"damage_healed":0.0,"max_hp_gain":0.0,"max_hp_loss":0.0,"gold_gain":0.0,"cards_transformed":["Strike_R","Strike_R"],"event_name":"Drug Dealer","player_choice":"Became Test Subject","floor":24.0,"gold_loss":0.0,"damage_taken":0.0,"cards_obtained":["Shockwave","Flex"]},{"damage_healed":0.0,"max_hp_gain":0.0,"max_hp_loss":0.0,"gold_gain":0.0,"event_name":"The Woman in Blue","player_choice":"Bought 0 Potions","floor":30.0,"gold_loss":0.0,"damage_taken":0.0},{"damage_healed":0,"gold_gain":0,"player_choice":"Memory 3","damage_taken":10,"max_hp_gain":0,"max_hp_loss":0,"event_name":"SensoryStone","floor":39,"gold_loss":0},{"damage_healed":0,"gold_gain":0,"player_choice":"Max HP","damage_taken":0,"max_hp_gain":0,"max_hp_loss":4,"event_name":"Winding Halls","floor":42,"gold_loss":0},{"damage_healed":0,"gold_gain":0,"player_choice":"Ignored","damage_taken":0,"max_hp_gain":0,"max_hp_loss":0,"event_name":"Tomb of Lord Red Mask","floor":44,"gold_loss":0},{"damage_healed":0,"gold_gain":0,"player_choice":"Fight","damage_taken":0,"max_hp_gain":0,"max_hp_loss":0,"event_name":"MindBloom","floor":46,"gold_loss":0}],"is_beta":false,"boss_relics":[{"not_picked":["Tiny House","Orrery"],"picked":"Mark of Pain"},{"not_picked":["Runic Cube","Calling Bell"],"picked":"Coffee Dripper"}],"items_purged_floors":[13,37,45],"is_endless":false,"potions_floor_spawned":[2,8,16,18,21,28,38,40],"ascension_level":3}