{"gold_per_floor":[115,115,45,56,56,56,66,66,91,119,130,130,146,165,165,269,269,286,300,318,336,336,336,364,382,458,458,478,478,577,537,537,636,636,647,664,674,685,685,685,695,695,695,30,43,56,56,56,56,56],"floor_reached":51,"playtime":1294,"items_purged":["Strike_R"],"score":752,"play_id":"0f71526a-c89e-441e-9bf9-fd8d6b13a934","local_time":"20190205150335","is_ascension_mode":false,"campfire_choices":[{"data":"Uppercut","floor":6.0,"key":"SMITH"},{"data":"Demon Form","floor":8.0,"key":"SMITH"},{"data":"Whirlwind","floor":12.0,"key":"SMITH"},{"data":"Feed","floor":15.0,"key":"SMITH"},{"data":"Rage","floor":23.0,"key":"SMITH"},{"floor":27,"key":"REST"},{"data":"Metallicize","floor":29,"key":"SMITH"},{"data":"Sword Boomerang","floor":32,"key":"SMITH"},{"floor":40,"key":"RECALL"},{"data":"Battle Trance","floor":47,"key":"SMITH"},{"data":"Deep Breath","floor":49,"key":"SMITH"}],"neow_cost":"NONE","seed_source_timestamp":311311137319,"circlet_count":0,"master_deck":["Strike_R","Strike_R","Strike_R","Strike_R","Defend_R","Defend_R","Defend_R","Defend_R","Bash","Uppercut+1","Demon Form+1","Battle Trance+1","Twin Strike","Carnage","Whirlwind+1","Metallicize+1","Feed+1","Fiend Fire","Sword Boomerang+1","Rage+1","Juggernaut+1","Fiend Fire","True Grit+1","Metallicize+1","Fire Breathing+1","Heavy Blade+1","Panacea","Deep Breath+1","Dark Shackles"],"special_seed":0,"relics":["Burning Blood","NeowsBlessing","Orichalcum","Vajra","Strawberry","Busted Crown","Frozen Egg 2","Sundial","Velvet Choker","The Courier","Paper Frog","ClockworkSouvenir","Bag of Marbles"],"potions_floor_usage":[24,25,25,37,39,42,50,50],"damage_taken":[{"damage":0.0,"enemies":"2 Louse","floor":1.0,"turns":1.0},{"damage":0.0,"enemies":"Cultist","floor":4.0,"turns":1.0},{"damage":0.0,"enemies":"Jaw Worm","floor":7.0,"turns":1.0},{"damage":11.0,"enemies":"Lagavulin","floor":10.0,"turns":7.0},{"damage":8.0,"enemies":"Red Slaver","floor":11.0,"turns":3.0},{"damage":5.0,"enemies":"Blue Slaver","floor":13.0,"turns":3.0},{"damage":0.0,"enemies":"Large Slime","floor":14.0,"turns":4.0},{"damage":12.0,"enemies":"The Guardian","floor":16.0,"turns":10.0},{"damage":1.0,"enemies":"Spheric Guardian","floor":18.0,"turns":3.0},{"damage":5.0,"enemies":"Chosen","floor":19.0,"turns":3.0},{"damage":19.0,"enemies":"Sentry and Sphere","floor":20.0,"turns":5.0},{"damage":18.0,"enemies":"Snake Plant","floor":21.0,"turns":3.0},{"damage":14,"enemies":"Book of Stabbing","floor":24,"turns":4},{"damage":10,"enemies":"Chosen and Byrds","floor":25,"turns":6},{"damage":15,"enemies":"Snecko","floor":28,"turns":6},{"damage":13,"enemies":"Champ","floor":33,"turns":7},{"damage":20,"enemies":"3 Darklings","floor":35,"turns":4},{"damage":14,"enemies":"3 Shapes","floor":36,"turns":3},{"damage":0,"enemies":"Jaw Worm Horde","floor":37,"turns":2},{"damage":0,"enemies":"Transient","floor":38,"turns":5},{"damage":0,"enemies":"3 Darklings","floor":39,"turns":1},{"damage":11,"enemies":"Maw","floor":41,"turns":5},{"damage":0,"enemies":"Transient","floor":42,"turns":1},{"damage":5,"enemies":"4 Shapes","floor":45,"turns":3},{"damage":21,"enemies":"Writhing Mass","floor":46,"turns":5},{"damage":89,"enemies":"Awakened One","floor":50,"turns":7}],"seed_played":"3441897212797230638","potions_obtained":[{"floor":7.0,"key":"Explosive Potion"},{"floor":10.0,"key":"Poison Potion"},{"floor":13.0,"key":"FearPotion"},{"floor":19.0,"key":"LiquidBronze"},{"floor":31,"key":"SmokeBomb"},{"floor":31,"key":"SmokeBomb"},{"floor":31,"key":"AttackPotion"},{"floor":37,"key":"Dexterity Potion"},{"floor":41,"key":"SmokeBomb"},{"floor":45,"key":"AttackPotion"}],"is_trial":false,"path_per_floor":["M","?","$","M","?","R","M","R","T","E","M","R","M","M","R","B",null,"M","M","M","M","?","R","E","M","T","R","M","R","?","?","R","B",null,"M","M","M","M","M","R","M","M","T","$","M","M","R","?","R","B",null],"character_chosen":"IRONCLAD","items_purchased":["Battle Trance","Paper Frog","ClockworkSouvenir","Bag of Marbles","Metallicize+1","Fire Breathing+1"],"campfire_rested":1,"item_purchase_floors":[3,44,44,44,44,44],"current_hp_per_floor":[80,80,80,80,80,80,80,80,80,82,80,80,81,87,87,85,91,91,91,82,74,74,74,70,70,70,102,97,97,97,97,97,90,111,97,89,99,105,111,111,106,112,112,112,117,102,102,92,92,13],"gold":56,"neow_bonus":"THREE_ENEMY_KILL","is_prod":false,"is_daily":false,"chose_seed":false,"campfire_upgraded":9,"win_rate":0,"timestamp":1549400615,"path_taken":["M","?","?","?","?","R","M","R","T","E","M","R","M","M","R","BOSS","M","M","M","M","?","R","E","M","T","R","M","R","?","?","R","BOSS","M","M","M","M","M","R","M","M","T","$","?","M","R","?","R","BOSS"],"build_version":"2019-01-23","purchased_purges":1,"victory":true,"max_hp_per_floor":[80,80,80,80,80,80,80,80,80,87,87,87,87,87,87,91,91,91,91,95,99,99,99,103,107,107,107,111,111,111,111,111,111,111,111,111,115,115,115,115,115,115,115,115,119,119,119,119,119,123],"card_choices":[{"not_picked":["Perfected Strike","Burning Pact"],"picked":"Uppercut","floor":1.0},{"not_picked":["Havoc","Warcry"],"picked":"Twin Strike","floor":4.0},{"not_picked":["Thunderclap","Anger"],"picked":"Carnage","floor":7.0},{"not_picked":["Hemokinesis","Clothesline"],"picked":"Whirlwind","floor":10.0},{"not_picked":["Iron Wave","Pommel Strike","Feel No Pain"],"picked":"SKIP","floor":11.0},{"not_picked":["Pommel Strike","Iron Wave"],"picked":"Metallicize","floor":13.0},{"not_picked":["Anger","Thunderclap"],"picked":"Feed","floor":14.0},{"not_picked":["Berserk","Bludgeon"],"picked":"Fiend Fire","floor":16.0},{"not_picked":["Armaments"],"picked":"SKIP","floor":18.0},{"not_picked":["Sword Boomerang"],"picked":"SKIP","floor":19.0},{"not_picked":[],"picked":"Sword Boomerang","floor":19.0},{"not_picked":["Clash"],"picked":"SKIP","floor":20.0},{"not_picked":["Cleave"],"picked":"SKIP","floor":21.0},{"not_picked":["Armaments"],"picked":"SKIP","floor":24},{"not_picked":["True Grit"],"picked":"SKIP","floor":25},{"not_picked":[],"picked":"Juggernaut+1","floor":28},{"not_picked":[],"picked":"Fiend Fire","floor":33},{"not_picked":["Dropkick+1"],"picked":"SKIP","floor":35},{"not_picked":["Combust+1"],"picked":"SKIP","floor":36},{"not_picked":["True Grit+1"],"picked":"SKIP","floor":37},{"not_picked":[],"picked":"True Grit+1","floor":37},{"not_picked":["Dropkick"],"picked":"SKIP","floor":38},{"not_picked":["Havoc"],"picked":"SKIP","floor":41},{"not_picked":[],"picked":"Heavy Blade+1","floor":45},{"not_picked":["Clash+1"],"picked":"SKIP","floor":46},{"not_picked":[],"picked":"Panacea","floor":48},{"not_picked":[],"picked":"Deep Breath","floor":48},{"not_picked":[],"picked":"Dark Shackles","floor":48}],"player_experience":754455,"relics_obtained":[{"floor":9.0,"key":"Vajra"},{"floor":10.0,"key":"Strawberry"},{"floor":24,"key":"Frozen Egg 2"},{"floor":26,"key":"Sundial"},{"floor":43,"key":"The Courier"}],"event_choices":[{"damage_healed":0.0,"max_hp_gain":0.0,"max_hp_loss":0.0,"gold_gain":0.0,"event_name":"Match and Keep!","player_choice":"2 cards matched","floor":2.0,"gold_loss":0.0,"damage_taken":0.0,"cards_obtained":["Dual Wield","Demon Form"]},{"cards_removed":["Dual Wield"],"damage_healed":0.0,"max_hp_gain":0.0,"max_hp_loss":0.0,"gold_gain":0.0,"event_name":"WeMeetAgain","player_choice":"Gave Card","floor":5.0,"gold_loss":0.0,"damage_taken":0.0,"relics_obtained":["Orichalcum"]},{"damage_healed":0.0,"max_hp_gain":0.0,"max_hp_loss":0.0,"gold_gain":0.0,"event_name":"The Library","player_choice":"Read","floor":22.0,"gold_loss":0.0,"damage_taken":0.0,"cards_obtained":["Rage"]},{"damage_healed":0,"gold_gain":99,"player_choice":"Stole From Cult","damage_taken":0,"max_hp_gain":0,"max_hp_loss":0,"event_name":"Nest","floor":30,"gold_loss":0},{"damage_healed":0,"gold_gain":0,"player_choice":"Bought 3 Potions","damage_taken":0,"max_hp_gain":0,"max_hp_loss":0,"event_name":"The Woman in Blue","floor":31,"gold_loss":0},{"damage_healed":0,"gold_gain":0,"player_choice":"Memory 3","damage_taken":10,"max_hp_gain":0,"max_hp_loss":0,"event_name":"SensoryStone","floor":48,"gold_loss":0}],"is_beta":false,"boss_relics":[{"not_picked":["Snecko Eye","Mark of Pain"],"picked":"Busted Crown"},{"not_picked":["Runic Pyramid","Calling Bell"],"picked":"Velvet Choker"}],"items_purged_floors":[44],"is_endless":false,"potions_floor_spawned":[7,10,13,19,33,37,41,42,45],"ascension_level":0}