{"gold_per_floor":[111,111,20,40,40,40,40,67,67,67,1,15,34,50,50,124,124,141,9,9,9,24,24,24,58,103,117,137,137,137,156,156,156],"floor_reached":33,"playtime":1165,"items_purged":["Strike_R"],"score":462,"play_id":"79777d45-6f41-4c61-8a4c-0899a8db4722","local_time":"20190204234151","is_ascension_mode":true,"campfire_choices":[{"data":"Clothesline","floor":6,"key":"SMITH"},{"data":"Flame Barrier","floor":10,"key":"SMITH"},{"data":"Combust","floor":15,"key":"SMITH"},{"floor":23,"key":"REST"},{"floor":29,"key":"REST"},{"data":"Spot Weakness","floor":32,"key":"SMITH"}],"neow_cost":"NONE","seed_source_timestamp":209415433026275,"circlet_count":0,"master_deck":["AscendersBane","Strike_R","Strike_R","Defend_R","Defend_R","Defend_R","Defend_R","Bash","Pommel Strike","Pummel","Flame Barrier+1","Clothesline+1","Havoc+1","Shrug It Off","Combust+1","Offering","Infernal Blade","Reaper","Spot Weakness+1"],"relics":["Burning Blood","Singing Bowl","The Courier","Velvet Choker","Pocketwatch","Happy Flower"],"potions_floor_usage":[16,25,28,33],"damage_taken":[{"damage":10,"enemies":"Small Slimes","floor":1,"turns":5},{"damage":2,"enemies":"Cultist","floor":4,"turns":4},{"damage":27,"enemies":"Lagavulin","floor":8,"turns":10},{"damage":2,"enemies":"2 Louse","floor":12,"turns":2},{"damage":0,"enemies":"Large Slime","floor":13,"turns":5},{"damage":18,"enemies":"Lots of Slimes","floor":14,"turns":3},{"damage":42,"enemies":"The Guardian","floor":16,"turns":11},{"damage":12,"enemies":"Spheric Guardian","floor":18,"turns":4},{"damage":8,"enemies":"3 Byrds","floor":22,"turns":3},{"damage":35,"enemies":"Book of Stabbing","floor":25,"turns":5},{"damage":44,"enemies":"Sentry and Sphere","floor":27,"turns":8},{"damage":17,"enemies":"Centurion and Healer","floor":28,"turns":5},{"damage":10,"enemies":"Snecko","floor":31,"turns":5},{"damage":88,"enemies":"Champ","floor":33,"turns":11}],"seed_played":"6595342521582097838","potions_obtained":[{"floor":8,"key":"Energy Potion"},{"floor":12,"key":"Fire Potion"},{"floor":25,"key":"Poison Potion"},{"floor":28,"key":"Strength Potion"}],"is_trial":false,"path_per_floor":["M","?","$","M","?","R","?","E","T","R","$","M","M","M","R","B",null,"M","$","?","$","M","R","$","E","T","M","M","R","?","M","R","B"],"character_chosen":"IRONCLAD","items_purchased":["Flame Barrier","Clothesline","Combust","Weak Potion","Infernal Blade"],"campfire_rested":2,"item_purchase_floors":[3,3,11,19,19],"current_hp_per_floor":[68,68,68,72,77,77,77,56,56,56,56,62,70,60,60,24,74,70,70,70,70,68,93,93,66,66,30,29,58,58,62,62,0],"gold":156,"neow_bonus":"REMOVE_CARD","is_prod":false,"is_daily":false,"chose_seed":false,"campfire_upgraded":4,"win_rate":0,"timestamp":1549341711,"path_taken":["M","?","$","?","?","R","?","E","T","R","$","M","?","M","R","BOSS","M","$","?","?","M","R","$","E","T","M","M","R","?","M","R","BOSS"],"build_version":"2019-01-23","purchased_purges":1,"victory":false,"max_hp_per_floor":[80,80,80,80,85,85,85,85,85,85,85,87,89,91,91,91,91,93,93,93,93,93,93,93,95,95,97,97,97,97,99,99,99],"card_choices":[{"not_picked":["Perfected Strike","Headbutt"],"picked":"Pommel Strike","floor":1},{"not_picked":["Flex","Fiend Fire"],"picked":"Havoc","floor":4},{"not_picked":["Cleave","Sword Boomerang"],"picked":"Shrug It Off","floor":8},{"not_picked":["Pummel","Warcry","Heavy Blade"],"picked":"Singing Bowl","floor":12},{"not_picked":["Pommel Strike","Wild Strike","Iron Wave"],"picked":"Singing Bowl","floor":13},{"not_picked":["Rage","Dropkick","Anger"],"picked":"Singing Bowl","floor":14},{"not_picked":["Impervious","Feed"],"picked":"Offering","floor":16},{"not_picked":["Pommel Strike","Sword Boomerang","Armaments"],"picked":"Singing Bowl","floor":18},{"not_picked":["Shrug It Off","Warcry"],"picked":"Reaper","floor":22},{"not_picked":["Shrug It Off","Infernal Blade","Warcry"],"picked":"Singing Bowl","floor":25},{"not_picked":["Wild Strike","Flame Barrier","Twin Strike+1"],"picked":"Singing Bowl","floor":27},{"not_picked":["Bloodletting","Limit Break"],"picked":"Spot Weakness","floor":28},{"not_picked":["Pommel Strike","Reckless Charge","Rage"],"picked":"Singing Bowl","floor":31}],"player_experience":226203,"relics_obtained":[{"floor":8,"key":"Singing Bowl"},{"floor":9,"key":"The Courier"},{"floor":25,"key":"Pocketwatch"},{"floor":26,"key":"Happy Flower"}],"event_choices":[{"damage_healed":0,"gold_gain":0,"cards_transformed":["Strike_R"],"player_choice":"Transformed","damage_taken":0,"max_hp_gain":0,"max_hp_loss":0,"event_name":"Transmorgrifier","floor":2,"gold_loss":0,"cards_obtained":["Pummel"]},{"damage_healed":0,"gold_gain":0,"player_choice":"Donut","damage_taken":0,"max_hp_gain":5,"max_hp_loss":0,"event_name":"Big Fish","floor":5,"gold_loss":0},{"damage_healed":0,"gold_gain":0,"player_choice":"Forge","damage_taken":0,"max_hp_gain":0,"max_hp_loss":0,"event_name":"Accursed Blacksmith","floor":7,"gold_loss":0,"cards_upgraded":["Havoc"]},{"damage_healed":0,"gold_gain":0,"player_choice":"0 cards matched","damage_taken":0,"max_hp_gain":0,"max_hp_loss":0,"event_name":"Match and Keep!","floor":20,"gold_loss":0,"cards_obtained":[]},{"damage_healed":0,"gold_gain":0,"player_choice":"Ignored","damage_taken":0,"max_hp_gain":0,"max_hp_loss":0,"event_name":"Vampires","floor":30,"gold_loss":0}],"is_beta":false,"boss_relics":[{"not_picked":["Mark of Pain","Busted Crown"],"picked":"Velvet Choker"}],"items_purged_floors":[19],"is_endless":false,"potions_floor_spawned":[8,12,22,25,28],"killed_by":"Champ","ascension_level":13}