{"gold_per_floor":[118,193,211,386,405,435,435,467,467,467],"floor_reached":10,"playtime":482,"items_purged":[],"score":99,"play_id":"271d5001-b555-4585-a124-4d4bc6185956","local_time":"20190131120638","is_ascension_mode":true,"campfire_choices":[{"floor":7,"key":"REST"}],"neow_cost":"NONE","seed_source_timestamp":86868659023200,"circlet_count":0,"master_deck":["Strike_R","Strike_R","Strike_R","Strike_R","Strike_R","Defend_R","Defend_R","Defend_R","Defend_R","Bash+1","Corruption","Uppercut","Doubt","Feel No Pain","Ghostly Armor","Armaments"],"relics":["Burning Blood","Art of War","Bottled Lightning","Red Skull"],"potions_floor_usage":[8,8],"damage_taken":[{"damage":2,"enemies":"2 Louse","floor":1,"turns":4},{"damage":7,"enemies":"Jaw Worm","floor":3,"turns":3},{"damage":6,"enemies":"Cultist","floor":5,"turns":3},{"damage":47,"enemies":"Lagavulin","floor":6,"turns":8},{"damage":45,"enemies":"Gremlin Nob","floor":8,"turns":6},{"damage":10,"enemies":"Lots of Slimes","floor":10,"turns":1}],"seed_played":"812100740678752222","potions_obtained":[{"floor":3,"key":"SteroidPotion"},{"floor":5,"key":"Weak Potion"},{"floor":6,"key":"SteroidPotion"}],"is_trial":false,"path_per_floor":["M","?","M","?","M","E","R","E","T","M"],"character_chosen":"IRONCLAD","items_purchased":[],"campfire_rested":1,"item_purchase_floors":[],"current_hp_per_floor":[76,65,64,64,64,23,47,8,8,0],"gold":467,"neow_bonus":"UPGRADE_CARD","is_prod":false,"is_daily":false,"chose_seed":false,"campfire_upgraded":0,"win_rate":0,"timestamp":1548907598,"path_taken":["M","?","M","?","M","E","R","E","T","M"],"build_version":"2019-01-23","purchased_purges":0,"victory":false,"max_hp_per_floor":[80,80,80,80,80,80,80,80,80,80],"card_choices":[{"not_picked":["Warcry","Sentinel"],"picked":"Corruption","floor":1},{"not_picked":["Hemokinesis","Flex"],"picked":"Uppercut","floor":3},{"not_picked":["Iron Wave","Dual Wield"],"picked":"Feel No Pain","floor":5},{"not_picked":["Metallicize","Pummel"],"picked":"Ghostly Armor","floor":6},{"not_picked":["Clothesline","Second Wind"],"picked":"Armaments","floor":8}],"player_experience":206184,"relics_obtained":[{"floor":6,"key":"Art of War"},{"floor":8,"key":"Bottled Lightning"},{"floor":9,"key":"Red Skull"}],"event_choices":[{"damage_healed":0,"gold_gain":75,"player_choice":"Gather Gold","damage_taken":11,"max_hp_gain":0,"max_hp_loss":0,"event_name":"World of Goop","floor":2,"gold_loss":0},{"damage_healed":0,"gold_gain":175,"player_choice":"AGREE","damage_taken":0,"max_hp_gain":0,"max_hp_loss":0,"event_name":"Liars Game","floor":4,"gold_loss":0,"cards_obtained":["Doubt"]}],"is_beta":false,"boss_relics":[],"items_purged_floors":[],"is_endless":false,"potions_floor_spawned":[3,5,6],"killed_by":"Lots of Slimes","ascension_level":6}