{"gold_per_floor":[119,139,139,139,158,193,225,237,302,314,339,20,35,64,64,162,162,180,56,68,68,68,99,99,117,117,117,216,131,147,160,160,261,261,276,287,42,1041,201,201,215,215,241,241,273,320,320,320,320,320],"floor_reached":51,"playtime":3521,"items_purged":["Strike_R","Writhe","Normality"],"score":728,"play_id":"50253aaf-8757-432d-b27b-28140a2edbe5","local_time":"20190109173835","is_ascension_mode":false,"campfire_choices":[{"floor":10,"key":"REST"},{"floor":15,"key":"REST"},{"floor":24,"key":"REST"},{"data":"Whirlwind","floor":27,"key":"SMITH"},{"data":"Inflame","floor":32,"key":"SMITH"},{"data":"Normality","floor":40,"key":"PURGE"},{"data":"Inflame","floor":42,"key":"SMITH"},{"data":"Anger","floor":44,"key":"SMITH"},{"data":"Bash","floor":47,"key":"SMITH"},{"floor":49,"key":"REST"}],"neow_cost":"NONE","seed_source_timestamp":20307415434240,"circlet_count":0,"master_deck":["Strike_R","Strike_R","Defend_R","Defend_R","Defend_R","Bash+1","Inflame+1","Dropkick","Whirlwind+1","Double Tap+1","Armaments+1","Rage+1","Inflame+1","Reaper","Combust+1","Clothesline+1","Dropkick+1","Metallicize+1","Warcry+1","Swift Strike","Metallicize+1","Seeing Red+1","Anger+1","Bloodletting+1","Offering+1","Warcry+1","Anger","Thunderclap","Swift Strike","Disarm+1","Twin Strike+1","Flex+1","Heavy Blade+1"],"relics":["Burning Blood","NeowsBlessing","Toxic Egg 2","MawBank","Red Skull","Bottled Lightning","Incense Burner","Astrolabe","Ornamental Fan","Mercury Hourglass","Kunai","Ginger","Eternal Feather","PreservedInsect","Happy Flower","Peace Pipe","Bag of Preparation","Anchor","Magic Flower"],"potions_floor_usage":[14,20,23,33,35,46,46,50],"damage_taken":[{"damage":0,"enemies":"Cultist","floor":1,"turns":1},{"damage":0,"enemies":"2 Louse","floor":2,"turns":1},{"damage":0,"enemies":"Small Slimes","floor":5,"turns":1},{"damage":53,"enemies":"3 Sentries","floor":6,"turns":8},{"damage":11,"enemies":"3 Louse","floor":7,"turns":3},{"damage":19,"enemies":"Exordium Thugs","floor":11,"turns":3},{"damage":0,"enemies":"Lots of Slimes","floor":13,"turns":1},{"damage":16,"enemies":"Lagavulin","floor":14,"turns":5},{"damage":24,"enemies":"Hexaghost","floor":16,"turns":9},{"damage":29,"enemies":"3 Byrds","floor":18,"turns":4},{"damage":18,"enemies":"2 Thieves","floor":20,"turns":4},{"damage":29,"enemies":"Book of Stabbing","floor":23,"turns":7},{"damage":23,"enemies":"Chosen and Byrds","floor":25,"turns":6},{"damage":8,"enemies":"3 Cultists","floor":30,"turns":5},{"damage":21,"enemies":"Snake Plant","floor":31,"turns":3},{"damage":50,"enemies":"Champ","floor":33,"turns":12},{"damage":8,"enemies":"Orb Walker","floor":35,"turns":5},{"damage":15,"enemies":"3 Shapes","floor":36,"turns":3},{"damage":6,"enemies":"3 Darklings","floor":41,"turns":7},{"damage":63,"enemies":"Reptomancer","floor":45,"turns":5},{"damage":41,"enemies":"2 Orb Walkers","floor":46,"turns":5},{"damage":88,"enemies":"Time Eater","floor":50,"turns":14}],"seed_played":"-5333917139629209536","potions_obtained":[{"floor":2,"key":"Weak Potion"},{"floor":5,"key":"GamblersBrew"},{"floor":7,"key":"BloodPotion"},{"floor":16,"key":"SkillPotion"},{"floor":25,"key":"Swift Potion"},{"floor":30,"key":"AttackPotion"},{"floor":35,"key":"Fire Potion"},{"floor":46,"key":"SteroidPotion"}],"is_trial":false,"path_per_floor":["M","M","?","?","M","E","M","?","T","R","M","$","M","E","R","B",null,"M","$","M","?","?","E","R","M","T","R","?","?","M","M","R","B",null,"M","M","$","?","$","R","M","R","T","R","E","?","R","?","R","B",null],"character_chosen":"IRONCLAD","items_purchased":["Bottled Lightning","Warcry+1","Swift Strike","PreservedInsect","Happy Flower","Thunderclap","Peace Pipe","Swift Strike","Disarm+1","Regen Potion"],"campfire_rested":4,"item_purchase_floors":[12,19,19,37,39,39,39,39,39,39],"current_hp_per_floor":[80,80,62,62,68,21,16,16,16,40,27,27,33,23,47,29,80,57,57,65,50,50,27,52,49,49,49,49,49,61,46,46,19,85,83,74,74,74,74,85,85,85,85,85,48,30,48,48,85,39],"gold":320,"neow_bonus":"THREE_ENEMY_KILL","is_prod":false,"is_daily":false,"chose_seed":false,"campfire_upgraded":5,"win_rate":0.0,"timestamp":1547073515,"path_taken":["M","?","?","?","?","E","M","?","T","R","?","$","M","E","R","BOSS","M","?","M","?","?","E","R","M","T","R","?","?","M","?","R","BOSS","M","M","$","?","$","R","M","R","T","R","E","?","R","?","R","BOSS"],"build_version":"2019-01-03v4","purchased_purges":3,"victory":true,"max_hp_per_floor":[80,80,80,80,80,80,80,80,80,80,80,80,80,80,80,80,80,80,80,80,85,85,85,85,85,85,85,85,85,85,85,85,85,85,85,85,85,85,85,85,85,85,85,85,85,85,85,85,85,85],"card_choices":[{"not_picked":["Headbutt","Dual Wield"],"picked":"Inflame","floor":1},{"not_picked":["Sword Boomerang","True Grit"],"picked":"Dropkick","floor":2},{"not_picked":["Twin Strike","Immolate"],"picked":"Whirlwind","floor":5},{"not_picked":["Immolate","Pommel Strike"],"picked":"Double Tap+1","floor":6},{"not_picked":["Shrug It Off+1","Anger"],"picked":"Armaments+1","floor":7},{"not_picked":["Heavy Blade","Clash"],"picked":"Rupture","floor":11},{"not_picked":["Armaments+1","Spot Weakness+1"],"picked":"Rage+1","floor":13},{"not_picked":["Spot Weakness+1","Entrench+1"],"picked":"Inflame","floor":14},{"not_picked":["Fiend Fire","Dark Embrace"],"picked":"Reaper","floor":16},{"not_picked":["Ghostly Armor+1","Clash"],"picked":"Metallicize+1","floor":18},{"not_picked":["Body Slam","Inflame"],"picked":"Metallicize+1","floor":20},{"not_picked":["Sever Soul","Entrench+1"],"picked":"Pommel Strike+1","floor":23},{"not_picked":["Pommel Strike","Headbutt"],"picked":"Seeing Red+1","floor":25},{"not_picked":["Whirlwind","Power Through+1"],"picked":"Anger","floor":30},{"not_picked":["Iron Wave","Perfected Strike"],"picked":"Bloodletting+1","floor":31},{"not_picked":["Dark Embrace","Immolate"],"picked":"Offering+1","floor":33},{"not_picked":["Whirlwind","Entrench+1"],"picked":"Warcry+1","floor":35},{"not_picked":["Iron Wave","Second Wind+1"],"picked":"Anger","floor":36},{"not_picked":["Bloodletting+1","Armaments+1"],"picked":"Twin Strike+1","floor":41},{"not_picked":["Second Wind+1","Evolve"],"picked":"Flex+1","floor":45},{"not_picked":["Clothesline+1","Whirlwind+1"],"picked":"Heavy Blade+1","floor":46}],"player_experience":15919,"relics_obtained":[{"floor":6,"key":"MawBank"},{"floor":9,"key":"Red Skull"},{"floor":14,"key":"Incense Burner"},{"floor":23,"key":"Mercury Hourglass"},{"floor":26,"key":"Kunai"},{"floor":43,"key":"Bag of Preparation"},{"floor":45,"key":"Anchor"},{"floor":46,"key":"Magic Flower"}],"event_choices":[{"damage_healed":0,"gold_gain":0,"player_choice":"Success","damage_taken":18,"relics_obtained":["Toxic Egg 2"],"max_hp_gain":0,"max_hp_loss":0,"event_name":"Scrap Ooze","floor":3,"gold_loss":0},{"damage_healed":0,"gold_gain":0,"player_choice":"Bought 0 Potions","damage_taken":0,"max_hp_gain":0,"max_hp_loss":0,"event_name":"The Woman in Blue","floor":4,"gold_loss":0},{"cards_removed":["Strike_R"],"damage_healed":0,"gold_gain":0,"player_choice":"Offered Basic","damage_taken":0,"max_hp_gain":0,"max_hp_loss":0,"event_name":"Bonfire Elementals","floor":8,"gold_loss":0},{"damage_healed":0,"gold_gain":0,"player_choice":"Shed Blood","damage_taken":20,"max_hp_gain":5,"max_hp_loss":0,"event_name":"Forgotten Altar","floor":21,"gold_loss":0},{"damage_healed":0,"gold_gain":0,"player_choice":"Opened","damage_taken":0,"relics_obtained":["Ornamental Fan"],"max_hp_gain":0,"max_hp_loss":0,"event_name":"The Mausoleum","floor":22,"gold_loss":0,"cards_obtained":["Writhe"]},{"damage_healed":0,"gold_gain":99,"player_choice":"Stole From Cult","damage_taken":0,"max_hp_gain":0,"max_hp_loss":0,"event_name":"Nest","floor":28,"gold_loss":0},{"damage_healed":0,"gold_gain":0,"player_choice":"Obtained Relic","damage_taken":0,"relics_obtained":["Ginger"],"max_hp_gain":0,"max_hp_loss":0,"event_name":"Addict","floor":29,"gold_loss":85},{"damage_healed":0,"gold_gain":999,"player_choice":"Gold","damage_taken":0,"max_hp_gain":0,"max_hp_loss":0,"event_name":"MindBloom","floor":38,"gold_loss":0,"cards_obtained":["Normality","Normality"]},{"damage_healed":0,"gold_gain":0,"player_choice":"Fight","damage_taken":0,"max_hp_gain":0,"max_hp_loss":0,"event_name":"Mysterious Sphere","floor":46,"gold_loss":0},{"cards_removed":["Pommel Strike"],"damage_healed":0,"gold_gain":0,"player_choice":"Removed Attack","damage_taken":0,"max_hp_gain":0,"max_hp_loss":0,"event_name":"Falling","floor":48,"gold_loss":0}],"is_beta":false,"boss_relics":[{"not_picked":["Empty Cage","Fusion Hammer"],"picked":"Astrolabe"},{"not_picked":["Calling Bell","Orrery"],"picked":"Eternal Feather"}],"items_purged_floors":[12,37,39],"is_endless":false,"potions_floor_spawned":[2,5,7,16,18,25,30,35,45,46],"ascension_level":0}