{"gold_per_floor":[109,121,131,141,41,74,74,92,92,92,66,82,95,109,109,210,210,226,226,114,125,125,125,143,159,159,159],"floor_reached":27,"playtime":1972,"items_purged":["Injury"],"score":269,"play_id":"a937adc4-583f-4778-a325-6384bee667ea","local_time":"20190123132531","is_ascension_mode":false,"campfire_choices":[{"data":"Immolate","floor":7,"key":"SMITH"},{"data":"Fiend Fire","floor":15,"key":"SMITH"},{"data":"Fiend Fire","floor":23,"key":"SMITH"}],"neow_cost":"CURSE","seed_source_timestamp":1010838405625959,"circlet_count":0,"master_deck":["Strike_R","Strike_R","Strike_R","Strike_R","Strike_R","Defend_R","Defend_R","Defend_R","Defend_R","Bash","Immolate+1","True Grit","Clothesline","Heavy Blade","Sword Boomerang","Evolve","Perfected Strike","Regret","Havoc","Wild Strike","Fiend Fire+1","Fiend Fire+1","Clumsy","Writhe","Doubt","Corruption+1","Ghostly Armor","Second Wind","Feel No Pain","Battle Trance","Havoc","Feel No Pain","Havoc","Warcry"],"relics":["Burning Blood","Bag of Marbles","Bronze Scales","Art of War","Calling Bell","Potion Belt","Shuriken","Prayer Wheel","Letter Opener"],"potions_floor_usage":[6,6,16,18,27],"damage_taken":[{"damage":14,"enemies":"Jaw Worm","floor":1,"turns":4},{"damage":5,"enemies":"2 Louse","floor":2,"turns":2},{"damage":7,"enemies":"Small Slimes","floor":3,"turns":3},{"damage":9,"enemies":"Red Slaver","floor":4,"turns":3},{"damage":18,"enemies":"Lagavulin","floor":6,"turns":3},{"damage":13,"enemies":"3 Louse","floor":8,"turns":3},{"damage":16,"enemies":"Gremlin Gang","floor":12,"turns":3},{"damage":0,"enemies":"2 Fungi Beasts","floor":13,"turns":2},{"damage":12,"enemies":"Blue Slaver","floor":14,"turns":2},{"damage":0,"enemies":"Slime Boss","floor":16,"turns":4},{"damage":30,"enemies":"Spheric Guardian","floor":18,"turns":4},{"damage":0,"enemies":"2 Thieves","floor":21,"turns":3},{"damage":14,"enemies":"Snake Plant","floor":24,"turns":5},{"damage":2,"enemies":"3 Cultists","floor":25,"turns":2},{"damage":58,"enemies":"Shelled Parasite and Fungi","floor":27,"turns":7}],"seed_played":"-6363825334747384433","potions_obtained":[{"floor":1,"key":"AttackPotion"},{"floor":2,"key":"FearPotion"},{"floor":8,"key":"GamblersBrew"},{"floor":13,"key":"Explosive Potion"},{"floor":16,"key":"FearPotion"},{"floor":18,"key":"SkillPotion"}],"is_trial":false,"path_per_floor":["M","M","M","M","$","E","R","M","T","?","$","M","M","M","R","B",null,"M","?","$","M","?","R","M","M","T","M"],"character_chosen":"IRONCLAD","items_purchased":["Sword Boomerang","Havoc","Feel No Pain","Battle Trance"],"campfire_rested":0,"item_purchase_floors":[5,11,20,20],"current_hp_per_floor":[72,73,72,69,69,57,57,50,50,50,50,40,46,40,40,46,80,56,56,56,62,62,62,54,58,58,0],"gold":159,"neow_bonus":"THREE_RARE_CARDS","is_prod":false,"is_daily":false,"chose_seed":false,"campfire_upgraded":3,"win_rate":0,"timestamp":1548228331,"path_taken":["M","M","M","M","$","E","R","M","T","?","$","M","M","M","R","BOSS","M","?","$","M","?","R","M","M","T","M"],"build_version":"2019-01-17v2","purchased_purges":1,"victory":false,"max_hp_per_floor":[80,80,80,80,80,80,80,80,80,80,80,80,80,80,80,80,80,80,80,80,80,80,80,80,80,80,80],"card_choices":[{"not_picked":["Exhume","Dark Embrace"],"picked":"Immolate","floor":0},{"not_picked":["Clothesline","Rupture"],"picked":"True Grit","floor":1},{"not_picked":["Clash","Armaments","Pummel"],"picked":"SKIP","floor":2},{"not_picked":["Intimidate","Iron Wave"],"picked":"Clothesline","floor":3},{"not_picked":["Hemokinesis","Havoc"],"picked":"Heavy Blade","floor":4},{"not_picked":["Cleave","Rupture"],"picked":"Evolve","floor":6},{"not_picked":["Flex","Clothesline"],"picked":"Perfected Strike","floor":8},{"not_picked":["Disarm","Whirlwind"],"picked":"Wild Strike","floor":12},{"not_picked":["Havoc","Perfected Strike"],"picked":"Fiend Fire","floor":13},{"not_picked":["Iron Wave","Rampage","Body Slam"],"picked":"SKIP","floor":14},{"not_picked":["Berserk","Barricade"],"picked":"Fiend Fire","floor":16},{"not_picked":["Heavy Blade","Metallicize"],"picked":"Corruption+1","floor":18},{"not_picked":["Cleave","Armaments"],"picked":"Ghostly Armor","floor":18},{"not_picked":["Sword Boomerang+1","Perfected Strike"],"picked":"Havoc","floor":21},{"not_picked":["Spot Weakness","Body Slam","Pommel Strike"],"picked":"SKIP","floor":21},{"not_picked":["Flame Barrier+1","Sword Boomerang+1"],"picked":"Havoc","floor":24},{"not_picked":["Clash","Headbutt+1","Rampage"],"picked":"SKIP","floor":24},{"not_picked":["Pommel Strike","Clash"],"picked":"Warcry","floor":25},{"not_picked":["Headbutt","Wild Strike","Immolate"],"picked":"SKIP","floor":25}],"player_experience":636212,"relics_obtained":[{"floor":6,"key":"Bag of Marbles"},{"floor":9,"key":"Bronze Scales"},{"floor":17,"key":"Potion Belt"},{"floor":17,"key":"Shuriken"},{"floor":17,"key":"Prayer Wheel"},{"floor":26,"key":"Letter Opener"}],"event_choices":[{"damage_healed":0,"gold_gain":0,"player_choice":"Box","damage_taken":0,"relics_obtained":["Art of War"],"max_hp_gain":0,"max_hp_loss":0,"event_name":"Big Fish","floor":10,"gold_loss":0,"cards_obtained":["Regret"]},{"damage_healed":0,"gold_gain":0,"player_choice":"Read","damage_taken":0,"max_hp_gain":0,"max_hp_loss":0,"event_name":"The Library","floor":19,"gold_loss":0,"cards_obtained":["Second Wind"]},{"damage_healed":0,"gold_gain":0,"player_choice":"Copied","damage_taken":0,"max_hp_gain":0,"max_hp_loss":0,"event_name":"Duplicator","floor":22,"gold_loss":0,"cards_obtained":["Feel No Pain"]}],"is_beta":false,"boss_relics":[{"not_picked":["Eternal Feather","Orrery"],"picked":"Calling Bell"}],"items_purged_floors":[5],"is_endless":false,"potions_floor_spawned":[1,2,8,13,16,18],"killed_by":"Shelled Parasite and Fungi","ascension_level":0}