{"gold_per_floor":[116,131,141,152,170,201,201,231,231,231,256,356,368,384,384,480,480,500,480,480,500,513,513,513],"floor_reached":24,"playtime":1757,"items_purged":[],"score":233,"play_id":"991e6bd7-de78-40ff-b8d1-db6d9f9da075","local_time":"20190129235053","is_ascension_mode":true,"campfire_choices":[{"floor":7,"key":"REST"},{"data":"Genetic Algorithm","floor":10,"key":"SMITH"},{"floor":15,"key":"REST"},{"data":"Gash","floor":23,"key":"SMITH"}],"neow_cost":"NONE","seed_source_timestamp":1271741993667700,"circlet_count":0,"master_deck":["Strike_B","Strike_B","Strike_B","Strike_B","Defend_B","Defend_B","Defend_B","Defend_B","Zap","Dualcast","Blind","Streamline","Redo","Genetic Algorithm+1","Compile Driver","Glacier","Gash","Chill","All For One","Leap","Gash+1","BootSequence"],"relics":["Cracked Core","Lantern","Happy Flower","Bottled Flame","Pocketwatch","Philosopher\u0027s Stone"],"potions_floor_usage":[5,6,16],"damage_taken":[{"damage":0,"enemies":"Cultist","floor":1,"turns":3},{"damage":0,"enemies":"Small Slimes","floor":2,"turns":3},{"damage":0,"enemies":"2 Louse","floor":3,"turns":1},{"damage":3,"enemies":"Looter","floor":4,"turns":3},{"damage":27,"enemies":"Gremlin Gang","floor":5,"turns":6},{"damage":26,"enemies":"Lagavulin","floor":6,"turns":7},{"damage":28,"enemies":"Gremlin Nob","floor":8,"turns":4},{"damage":10,"enemies":"3 Sentries","floor":11,"turns":9},{"damage":0,"enemies":"Blue Slaver","floor":13,"turns":4},{"damage":0,"enemies":"Exordium Wildlife","floor":14,"turns":4},{"damage":28,"enemies":"Slime Boss","floor":16,"turns":14},{"damage":9,"enemies":"Spheric Guardian","floor":18,"turns":4},{"damage":15,"enemies":"2 Thieves","floor":19,"turns":4},{"damage":4,"enemies":"Colosseum Slavers","floor":20,"turns":6},{"damage":19,"enemies":"Snake Plant","floor":21,"turns":8},{"damage":20,"enemies":"Shelled Parasite and Fungi","floor":22,"turns":7},{"damage":17,"enemies":"Book of Stabbing","floor":24,"turns":5}],"seed_played":"1376082777194093741","potions_obtained":[{"floor":1,"key":"Regen Potion"},{"floor":2,"key":"Fire Potion"},{"floor":6,"key":"Explosive Potion"},{"floor":8,"key":"FairyPotion"},{"floor":16,"key":"Strength Potion"},{"floor":21,"key":"Energy Potion"}],"is_trial":false,"path_per_floor":["M","M","M","M","M","E","R","E","T","R","E","?","M","M","R","B",null,"M","M","?","M","M","R","E"],"character_chosen":"DEFECT","items_purchased":[],"campfire_rested":2,"item_purchase_floors":[],"current_hp_per_floor":[75,75,75,72,54,28,50,22,22,22,12,12,12,12,34,6,75,66,51,47,28,8,8,0],"gold":513,"neow_bonus":"RANDOM_COLORLESS","is_prod":false,"is_daily":false,"chose_seed":false,"campfire_upgraded":2,"win_rate":0,"timestamp":1548823853,"path_taken":["M","M","M","M","M","E","R","E","T","R","E","?","?","M","R","BOSS","M","M","?","M","M","R","E"],"build_version":"2019-01-23","purchased_purges":0,"victory":false,"max_hp_per_floor":[75,75,75,75,75,75,75,75,75,75,75,75,75,75,75,75,75,75,75,75,75,75,75,75],"card_choices":[{"not_picked":["Ball Lightning","Aggregate"],"picked":"Streamline","floor":1},{"not_picked":["Turbo","Heatsinks"],"picked":"Redo","floor":2},{"not_picked":["Hello World","Coolheaded"],"picked":"Genetic Algorithm","floor":3},{"not_picked":["Barrage","Tempest"],"picked":"Compile Driver","floor":4},{"not_picked":["Cold Snap","Beam Cell"],"picked":"Glacier","floor":5},{"not_picked":["Steam","Beam Cell"],"picked":"Gash","floor":6},{"not_picked":["Sweeping Beam","Beam Cell"],"picked":"Chill","floor":8},{"not_picked":["Go for the Eyes","Sweeping Beam","Streamline"],"picked":"SKIP","floor":11},{"not_picked":["Go for the Eyes","Skim","Doom and Gloom"],"picked":"SKIP","floor":13},{"not_picked":["Genetic Algorithm","Sweeping Beam","Ball Lightning"],"picked":"SKIP","floor":14},{"not_picked":["Creative AI","Fission"],"picked":"All For One","floor":16},{"not_picked":["Storm+1","Streamline"],"picked":"Leap","floor":18},{"not_picked":["Stack+1","Conserve Battery","Reinforced Body+1"],"picked":"SKIP","floor":19},{"not_picked":["Undo","Compile Driver"],"picked":"Gash","floor":21},{"not_picked":["Compile Driver","Machine Learning"],"picked":"BootSequence","floor":22}],"player_experience":96030,"relics_obtained":[{"floor":6,"key":"Lantern"},{"floor":8,"key":"Happy Flower"},{"floor":9,"key":"Bottled Flame"},{"floor":11,"key":"Pocketwatch"}],"event_choices":[{"damage_healed":0,"gold_gain":100,"player_choice":"Pray","damage_taken":0,"max_hp_gain":0,"max_hp_loss":0,"event_name":"Golden Shrine","floor":12,"gold_loss":0},{"damage_healed":0,"gold_gain":0,"player_choice":"Fight","damage_taken":0,"max_hp_gain":0,"max_hp_loss":0,"event_name":"Colosseum","floor":20,"gold_loss":0},{"damage_healed":0,"gold_gain":0,"player_choice":"Fled From Nobs","damage_taken":0,"max_hp_gain":0,"max_hp_loss":0,"event_name":"Colosseum","floor":20,"gold_loss":0}],"is_beta":false,"boss_relics":[{"not_picked":["White Beast Statue","Coffee Dripper"],"picked":"Philosopher\u0027s Stone"}],"items_purged_floors":[],"is_endless":false,"potions_floor_spawned":[1,2,6,8,16,21],"killed_by":"Book of Stabbing","ascension_level":1}