{"gold_per_floor":[119,3,13,30,49,81,81,81,81,6,19,19,46,46,46,124,124,143,143,143,153,153,153,8,28,28,28,41,41,54,67,67,141,141,153,201,215,215,215,246,246,261,261,261,293,293,321,333,333,333],"floor_reached":51,"playtime":2449,"items_purged":["Pain","Shame"],"score":1367,"play_id":"ce730242-b3ee-46a2-b487-fc1791af4fbf","local_time":"20181029231005","is_ascension_mode":true,"campfire_choices":[{"data":"Whirlwind","floor":12.0,"key":"SMITH"},{"floor":15.0,"key":"REST"},{"data":"Heavy Blade","floor":23,"key":"SMITH"},{"data":"Limit Break","floor":29,"key":"SMITH"},{"data":"Offering","floor":32,"key":"SMITH"},{"floor":41,"key":"REST"},{"floor":49,"key":"REST"}],"neow_cost":"CURSE","seed_source_timestamp":118867510340257,"circlet_count":0,"master_deck":["Defend_R+1","Defend_R","Defend_R","Defend_R+1","Bash","AscendersBane","Writhe","Limit Break+1","Heavy Blade+1","Whirlwind+1","Thunderclap","Offering+1","Shame","Ghostly Armor","Necronomicurse","Bite","Bite","Bite","Bite","Bite","Armaments","Battle Trance+1","Pummel+1","Panacea","Deep Breath","Deep Breath"],"special_seed":0,"relics":["Burning Blood","Bottled Lightning","WarpedTongs","Torii","Du-Vu Doll","Calling Bell","PreservedInsect","Matryoshka","Incense Burner","Necronomicon","MutagenicStrength","Ancient Tea Set","Frozen Egg 2","Fusion Hammer","Peace Pipe","Smiling Mask","Kunai","War Paint","Bird Faced Urn","Letter Opener"],"potions_floor_usage":[36],"damage_taken":[{"damage":6.0,"enemies":"Cultist","floor":1.0,"turns":3.0},{"damage":14.0,"enemies":"Jaw Worm","floor":3.0,"turns":3.0},{"damage":10.0,"enemies":"Small Slimes","floor":4.0,"turns":2.0},{"damage":10.0,"enemies":"2 Fungi Beasts","floor":5.0,"turns":4.0},{"damage":20.0,"enemies":"3 Sentries","floor":6.0,"turns":5.0},{"damage":11.0,"enemies":"Looter","floor":11.0,"turns":3.0},{"damage":30.0,"enemies":"Gremlin Nob","floor":13.0,"turns":4.0},{"damage":50,"enemies":"The Guardian","floor":16,"turns":9},{"damage":30,"enemies":"2 Thieves","floor":18,"turns":3},{"damage":0,"enemies":"Spheric Guardian","floor":21,"turns":1},{"damage":0,"enemies":"Snake Plant","floor":25,"turns":1},{"damage":2,"enemies":"Chosen and Byrds","floor":28,"turns":3},{"damage":6,"enemies":"Cultist and Chosen","floor":30,"turns":2},{"damage":6,"enemies":"3 Cultists","floor":31,"turns":3},{"damage":35,"enemies":"Automaton","floor":33,"turns":5},{"damage":0,"enemies":"Orb Walker","floor":35,"turns":1},{"damage":24,"enemies":"2 Orb Walkers","floor":36,"turns":2},{"damage":3,"enemies":"3 Darklings","floor":37,"turns":4},{"damage":1,"enemies":"Giant Head","floor":40,"turns":4},{"damage":0,"enemies":"Jaw Worm Horde","floor":42,"turns":3},{"damage":10,"enemies":"Reptomancer","floor":45,"turns":2},{"damage":0,"enemies":"Giant Head","floor":47,"turns":3},{"damage":16,"enemies":"Spire Growth","floor":48,"turns":2},{"damage":24,"enemies":"Time Eater","floor":50,"turns":4}],"seed_played":"-1033701965095296630","potions_obtained":[{"floor":5.0,"key":"Fire Potion"},{"floor":11.0,"key":"FearPotion"},{"floor":13.0,"key":"FairyPotion"},{"floor":14.0,"key":"Fruit Juice"},{"floor":16,"key":"LiquidBronze"},{"floor":25,"key":"GamblersBrew"},{"floor":33,"key":"EssenceOfSteel"},{"floor":37,"key":"FairyPotion"}],"is_trial":false,"path_per_floor":["M","$","M","M","M","E","?","?","T","$","M","R","E","?","R","B",null,"M","?","?","M","?","R","$","M","T","?","M","R","M","M","R","B",null,"M","?","M","?","?","E","R","M","T","?","E","T","E","M","R","B"],"character_chosen":"IRONCLAD","items_purchased":["Whirlwind","Thunderclap","Armaments"],"campfire_rested":3,"item_purchase_floors":[2,2,24],"current_hp_per_floor":[68,68,60,56,52,38,38,43,43,43,38,38,14,19,44,13,67,43,27,27,33,33,33,33,39,39,39,46,46,52,57,57,33,53,59,48,57,57,56,56,56,56,56,46,45,45,51,45,56,47],"gold":333,"neow_bonus":"THREE_RARE_CARDS","is_prod":false,"is_daily":false,"chose_seed":false,"campfire_upgraded":4,"win_rate":0,"timestamp":1540851005,"path_taken":["M","$","?","M","M","E","?","?","T","$","M","R","E","?","R","BOSS","M","?","?","M","?","R","$","M","T","?","M","R","?","M","R","BOSS","M","?","M","?","?","E","R","M","T","?","E","?","E","?","R","BOSS"],"build_version":"2018-10-29","purchased_purges":2,"victory":true,"max_hp_per_floor":[75,75,75,75,75,75,75,80,80,80,80,80,80,85,85,85,85,85,85,59,59,59,59,59,59,59,59,59,59,59,59,59,59,59,59,59,59,59,56,56,56,56,56,56,56,56,56,56,56,56],"card_choices":[{"not_picked":["Juggernaut","Reaper"],"picked":"Limit Break","floor":0.0},{"not_picked":["Havoc","Corruption"],"picked":"Heavy Blade","floor":1.0},{"not_picked":["Warcry","Pommel Strike","Cleave"],"picked":"SKIP","floor":3.0},{"not_picked":["Evolve","Rampage","Intimidate"],"picked":"SKIP","floor":4.0},{"not_picked":["Exhume","True Grit","Shockwave"],"picked":"SKIP","floor":5.0},{"not_picked":["Cleave","Warcry","Perfected Strike"],"picked":"SKIP","floor":6.0},{"not_picked":["Heavy Blade","Searing Blow","Anger"],"picked":"SKIP","floor":11.0},{"not_picked":["Dropkick","Searing Blow","Anger"],"picked":"SKIP","floor":13.0},{"not_picked":["Bludgeon","Exhume"],"picked":"Offering","floor":16},{"not_picked":["Dual Wield","Clothesline"],"picked":"Ghostly Armor","floor":18},{"not_picked":["Bloodletting","Uppercut","Iron Wave"],"picked":"SKIP","floor":21},{"not_picked":["Feel No Pain","Wild Strike","Burning Pact"],"picked":"SKIP","floor":25},{"not_picked":["Sword Boomerang","Body Slam+1","Intimidate"],"picked":"SKIP","floor":28},{"not_picked":["Combust+1","Clash","Twin Strike"],"picked":"SKIP","floor":30},{"not_picked":["Clash","Feed"],"picked":"Battle Trance+1","floor":31},{"not_picked":["Clash","Heavy Blade","Armaments"],"picked":"SKIP","floor":35},{"not_picked":["Juggernaut+1","Fire Breathing+1","Bloodletting+1"],"picked":"SKIP","floor":37},{"not_picked":["Thunderclap","Perfected Strike","Havoc"],"picked":"SKIP","floor":40},{"not_picked":["True Grit","Body Slam"],"picked":"Pummel+1","floor":42},{"not_picked":["Flash of Steel","Swift Strike"],"picked":"Panacea","floor":44},{"not_picked":["Blind","Jack Of All Trades"],"picked":"Deep Breath","floor":44},{"not_picked":["Flash of Steel","Impatience"],"picked":"Deep Breath","floor":44},{"not_picked":["Clash","Dark Embrace+1","Sever Soul"],"picked":"SKIP","floor":45},{"not_picked":["Iron Wave","Bloodletting","Corruption+1"],"picked":"SKIP","floor":47},{"not_picked":["Heavy Blade","Twin Strike","Headbutt"],"picked":"SKIP","floor":48}],"player_experience":428854,"relics_obtained":[{"floor":6.0,"key":"Bottled Lightning"},{"floor":9.0,"key":"Torii"},{"floor":13.0,"key":"Du-Vu Doll"},{"floor":17,"key":"PreservedInsect"},{"floor":17,"key":"Matryoshka"},{"floor":17,"key":"Incense Burner"},{"floor":19,"key":"Necronomicon"},{"floor":26,"key":"Ancient Tea Set"},{"floor":26,"key":"Frozen Egg 2"},{"floor":36,"key":"Peace Pipe"},{"floor":43,"key":"Smiling Mask"},{"floor":43,"key":"Kunai"},{"floor":45,"key":"War Paint"},{"floor":46,"key":"Bird Faced Urn"},{"floor":47,"key":"Letter Opener"}],"event_choices":[{"damage_healed":0.0,"max_hp_gain":0.0,"max_hp_loss":0.0,"gold_gain":0.0,"event_name":"Accursed Blacksmith","player_choice":"Rummage","floor":7.0,"gold_loss":0.0,"damage_taken":0.0,"relics_obtained":["WarpedTongs"],"cards_obtained":["Pain"]},{"damage_healed":0.0,"max_hp_gain":5.0,"max_hp_loss":0.0,"gold_gain":0.0,"event_name":"Big Fish","player_choice":"Donut","floor":8.0,"gold_loss":0.0,"damage_taken":0.0},{"damage_healed":0.0,"max_hp_gain":0.0,"max_hp_loss":0.0,"gold_gain":0.0,"event_name":"The Lab","player_choice":"Got Potions","floor":14.0,"gold_loss":0.0,"damage_taken":0.0},{"damage_healed":0,"gold_gain":0,"player_choice":"Obtained Book","damage_taken":16,"max_hp_gain":0,"max_hp_loss":0,"event_name":"Cursed Tome","floor":19,"gold_loss":0},{"damage_healed":0,"gold_gain":0,"player_choice":"Became a vampire","damage_taken":0,"max_hp_gain":0,"max_hp_loss":26,"event_name":"Vampires","floor":20,"gold_loss":0,"cards_obtained":["Bite","Bite","Bite","Bite","Bite"]},{"damage_healed":0,"gold_gain":0,"player_choice":"Inject Mutagens","damage_taken":0,"relics_obtained":["MutagenicStrength"],"max_hp_gain":0,"max_hp_loss":0,"event_name":"Drug Dealer","floor":22,"gold_loss":0},{"cards_removed":["Shame"],"damage_healed":0,"gold_gain":0,"player_choice":"Elegance","damage_taken":0,"max_hp_gain":0,"max_hp_loss":0,"event_name":"Back to Basics","floor":27,"gold_loss":0},{"damage_healed":0,"gold_gain":0,"player_choice":"Fight","damage_taken":0,"max_hp_gain":0,"max_hp_loss":0,"event_name":"Mysterious Sphere","floor":36,"gold_loss":0},{"damage_healed":0,"gold_gain":0,"player_choice":"Ignored","damage_taken":0,"max_hp_gain":0,"max_hp_loss":0,"event_name":"Tomb of Lord Red Mask","floor":38,"gold_loss":0},{"damage_healed":0,"gold_gain":0,"player_choice":"Max HP","damage_taken":0,"max_hp_gain":0,"max_hp_loss":3,"event_name":"Winding Halls","floor":39,"gold_loss":0},{"damage_healed":0,"gold_gain":0,"player_choice":"Memory 3","damage_taken":10,"max_hp_gain":0,"max_hp_loss":0,"event_name":"SensoryStone","floor":44,"gold_loss":0}],"is_beta":true,"boss_relics":[{"not_picked":["Mark of Pain","Runic Cube"],"picked":"Calling Bell"},{"not_picked":["Black Blood","Runic Pyramid"],"picked":"Fusion Hammer"}],"items_purged_floors":[10,24],"is_endless":false,"potions_floor_spawned":[5,11,13,16,25,30,33,37,47,48],"ascension_level":14}