{"gold_per_floor":[113,288,298,3,3,29,29,57,57,71,83,4,20,33,33,33],"floor_reached":16,"playtime":942,"items_purged":["Doubt"],"score":129,"play_id":"120c1391-fd52-4d79-a292-428a403ab50f","local_time":"20190203184227","is_ascension_mode":true,"campfire_choices":[{"data":"Secret Technique","floor":7,"key":"SMITH"},{"data":"Leap","floor":15,"key":"SMITH"}],"neow_cost":"TEN_PERCENT_HP_LOSS","seed_source_timestamp":1686051009657600,"circlet_count":0,"master_deck":["Strike_B","Strike_B","Strike_B","Defend_B","Defend_B","Defend_B","Defend_B","Zap","Dualcast","Bandage Up","Secret Technique+1","Leap+1","Cold Snap","Sunder","Metamorphosis","Glacier","Gash","Conserve Battery","Self Repair","Fusion","Hologram"],"relics":["Cracked Core","Pantograph","Girya","Darkstone Periapt"],"potions_floor_usage":[],"damage_taken":[{"damage":0,"enemies":"Small Slimes","floor":1,"turns":3},{"damage":2,"enemies":"Jaw Worm","floor":3,"turns":3},{"damage":21,"enemies":"Lagavulin","floor":6,"turns":5},{"damage":41,"enemies":"Gremlin Nob","floor":8,"turns":6},{"damage":8,"enemies":"Cultist","floor":10,"turns":4},{"damage":0,"enemies":"3 Louse","floor":11,"turns":3},{"damage":2,"enemies":"Red Slaver","floor":13,"turns":5},{"damage":6,"enemies":"Looter","floor":14,"turns":4},{"damage":55,"enemies":"Slime Boss","floor":16,"turns":9}],"seed_played":"-2269132704617468681","potions_obtained":[{"floor":1,"key":"Dexterity Potion"},{"floor":6,"key":"Ancient Potion"},{"floor":11,"key":"SteroidPotion"},{"floor":13,"key":"EssenceOfSteel"}],"is_trial":false,"path_per_floor":["M","?","M","$","?","E","R","E","T","M","M","$","M","M","R","B"],"character_chosen":"DEFECT","items_purchased":["Sunder","Metamorphosis","Self Repair"],"campfire_rested":0,"item_purchase_floors":[4,4,12],"current_hp_per_floor":[68,68,66,66,66,49,49,12,12,8,12,12,21,26,26,0],"gold":33,"neow_bonus":"RANDOM_COLORLESS_2","is_prod":false,"is_daily":false,"chose_seed":false,"campfire_upgraded":2,"win_rate":0,"timestamp":1549237347,"path_taken":["M","?","M","$","?","E","R","E","T","?","M","$","M","M","R","BOSS"],"build_version":"2019-01-23","purchased_purges":1,"victory":false,"max_hp_per_floor":[68,68,68,68,68,68,68,68,68,68,68,68,68,68,68,68],"card_choices":[{"not_picked":["Hologram","Doom and Gloom"],"picked":"Leap","floor":1},{"not_picked":["Capacitor","Coolheaded"],"picked":"Cold Snap","floor":3},{"not_picked":["Double Energy","Go for the Eyes"],"picked":"Glacier","floor":6},{"not_picked":["Recycle","Cold Snap"],"picked":"Gash","floor":8},{"not_picked":["Ball Lightning","FTL"],"picked":"Conserve Battery","floor":10},{"not_picked":["Fusion","Amplify","Compile Driver"],"picked":"SKIP","floor":11},{"not_picked":["Force Field","Ball Lightning"],"picked":"Fusion","floor":13},{"not_picked":["Compile Driver","Darkness"],"picked":"Hologram","floor":14}],"player_experience":208186,"relics_obtained":[{"floor":6,"key":"Pantograph"},{"floor":8,"key":"Girya"},{"floor":9,"key":"Darkstone Periapt"}],"event_choices":[{"damage_healed":0,"gold_gain":175,"player_choice":"AGREE","damage_taken":0,"max_hp_gain":0,"max_hp_loss":0,"event_name":"Liars Game","floor":2,"gold_loss":0,"cards_obtained":["Doubt"]},{"cards_removed":["Strike_B"],"damage_healed":0,"gold_gain":0,"player_choice":"Purged","damage_taken":0,"max_hp_gain":0,"max_hp_loss":0,"event_name":"Purifier","floor":5,"gold_loss":0}],"is_beta":false,"boss_relics":[],"items_purged_floors":[4],"is_endless":false,"potions_floor_spawned":[1,6,11,13],"killed_by":"Slime Boss","ascension_level":3}