{"gold_per_floor":[12,23,40,54,64,64,64,64,64,79,4,4,4,67,67,145,145,157,167,167,167],"floor_reached":21,"playtime":952,"items_purged":["Decay"],"score":325,"play_id":"ca88a661-95c5-4276-88b6-9603748d45c8","local_time":"20190205095204","is_ascension_mode":true,"campfire_choices":[{"data":"Armaments","floor":6,"key":"SMITH"},{"floor":15,"key":"REST"}],"neow_cost":"NO_GOLD","seed_source_timestamp":1461892466455267,"circlet_count":0,"master_deck":["AscendersBane","Strike_R","Strike_R","Strike_R","Strike_R","Strike_R","Defend_R","Defend_R","Defend_R","Defend_R","Bash","Secret Technique","Dramatic Entrance","Metallicize","Thunderclap","Armaments+1","Shrug It Off","Pommel Strike","Flex","Demon Form","Injury","Pain","Shame","Iron Wave","Iron Wave"],"relics":["Burning Blood","Gremlin Horn","Blue Candle","Shuriken","Calling Bell","Bronze Scales","Pear","Torii"],"potions_floor_usage":[14,16,19],"damage_taken":[{"damage":8,"enemies":"Cultist","floor":1,"turns":5},{"damage":7,"enemies":"Jaw Worm","floor":2,"turns":3},{"damage":7,"enemies":"Small Slimes","floor":3,"turns":3},{"damage":16,"enemies":"Blue Slaver","floor":4,"turns":5},{"damage":0,"enemies":"Lots of Slimes","floor":5,"turns":1},{"damage":18,"enemies":"Exordium Wildlife","floor":10,"turns":7},{"damage":37,"enemies":"Gremlin Nob","floor":14,"turns":4},{"damage":43,"enemies":"Hexaghost","floor":16,"turns":10},{"damage":7,"enemies":"3 Byrds","floor":18,"turns":3},{"damage":41,"enemies":"Spheric Guardian","floor":19,"turns":8},{"damage":40,"enemies":"Shelled Parasite and Fungi","floor":21,"turns":7}],"seed_played":"-8199600910047093815","potions_obtained":[{"floor":3,"key":"PowerPotion"},{"floor":5,"key":"Energy Potion"},{"floor":14,"key":"PowerPotion"},{"floor":18,"key":"Poison Potion"},{"floor":19,"key":"Strength Potion"}],"is_trial":false,"path_per_floor":["M","M","M","M","M","R","?","$","T","M","$","?","T","?","R","B",null,"M","M","?","M"],"character_chosen":"IRONCLAD","items_purchased":[],"campfire_rested":1,"item_purchase_floors":[],"current_hp_per_floor":[66,65,64,54,60,60,60,60,60,48,48,53,53,22,46,9,72,71,36,36,0],"gold":167,"neow_bonus":"RANDOM_COLORLESS_2","is_prod":false,"is_daily":false,"chose_seed":false,"campfire_upgraded":1,"win_rate":0,"timestamp":1549356724,"path_taken":["M","M","M","M","M","R","?","$","T","M","?","?","?","?","R","BOSS","M","M","?","M"],"build_version":"2019-01-23","purchased_purges":1,"victory":false,"max_hp_per_floor":[75,75,75,75,75,75,75,75,75,75,75,80,80,80,80,80,90,90,90,90,90],"card_choices":[{"not_picked":["Sword Boomerang","Clash","Sentinel"],"picked":"SKIP","floor":1},{"not_picked":["Clothesline","Wild Strike"],"picked":"Metallicize","floor":2},{"not_picked":["Warcry","Sentinel"],"picked":"Thunderclap","floor":3},{"not_picked":["Sentinel","Havoc"],"picked":"Armaments","floor":4},{"not_picked":["Pommel Strike","Anger"],"picked":"Shrug It Off","floor":5},{"not_picked":["Pummel","Havoc"],"picked":"Pommel Strike","floor":10},{"not_picked":["Warcry","Dark Embrace"],"picked":"Flex","floor":14},{"not_picked":["Berserk","Double Tap"],"picked":"Demon Form","floor":16},{"not_picked":["Twin Strike","Dropkick"],"picked":"Iron Wave","floor":18},{"not_picked":["Cleave","Flame Barrier"],"picked":"Iron Wave","floor":19}],"player_experience":695235,"relics_obtained":[{"floor":9,"key":"Gremlin Horn"},{"floor":13,"key":"Blue Candle"},{"floor":14,"key":"Shuriken"},{"floor":17,"key":"Bronze Scales"},{"floor":17,"key":"Pear"},{"floor":17,"key":"Torii"}],"event_choices":[{"damage_healed":0,"gold_gain":0,"player_choice":"Cursed","damage_taken":0,"max_hp_gain":0,"max_hp_loss":0,"event_name":"Wheel of Change","floor":7,"gold_loss":0,"cards_obtained":["Decay"]},{"damage_healed":0,"gold_gain":0,"player_choice":"Donut","damage_taken":0,"max_hp_gain":5,"max_hp_loss":0,"event_name":"Big Fish","floor":12,"gold_loss":0},{"damage_healed":0,"gold_gain":0,"player_choice":"Searched \u00271\u0027 times","damage_taken":0,"max_hp_gain":0,"max_hp_loss":0,"event_name":"Dead Adventurer","floor":14,"gold_loss":0},{"damage_healed":0,"gold_gain":0,"player_choice":"0 cards matched","damage_taken":0,"max_hp_gain":0,"max_hp_loss":0,"event_name":"Match and Keep!","floor":20,"gold_loss":0,"cards_obtained":[]}],"is_beta":true,"boss_relics":[{"not_picked":["Velvet Choker","White Beast Statue"],"picked":"Calling Bell"}],"items_purged_floors":[11],"is_endless":false,"potions_floor_spawned":[3,5,14,18,19],"killed_by":"Shelled Parasite and Fungi","ascension_level":18}