{"path_per_floor":["M","?","?","T","?","M","E","M","T","$","M","$","R","M","R"],"character_chosen":"IRONCLAD","items_purchased":["Swift Strike"],"gold_per_floor":[110,110,285,285,285,303,334,353,353,172,184,84,84,99,99,99],"floor_reached":16,"campfire_rested":0,"playtime":705,"item_purchase_floors":[10],"current_hp_per_floor":[43,43,43,43,43,49,29,25,25,25,30,30,30,34,34,0],"items_purged":["Strike_R","Strike_R"],"gold":99,"score":100,"play_id":"59721e99-8817-4d82-b621-3dcea87e1dbc","local_time":"20180526102015","is_prod":false,"is_daily":false,"chose_seed":false,"is_ascension_mode":false,"campfire_upgraded":2,"win_rate":0,"timestamp":1527322815,"campfire_choices":[{"data":"Anger","floor":13,"key":"SMITH"},{"data":"Corruption","floor":15,"key":"SMITH"}],"path_taken":["M","?","?","?","?","?","E","M","T","$","M","?","R","M","R","BOSS"],"build_version":"2018-05-25","seed_source_timestamp":0,"purchased_purges":2,"victory":false,"master_deck":["Strike_R","Strike_R","Strike_R","Defend_R+1","Defend_R+1","Defend_R","Defend_R","Bash","Corruption+1","Anger+1","Havoc","Swift Strike","Fire Breathing","Seeing Red"],"max_hp_per_floor":[80,80,80,80,80,80,80,80,80,80,80,80,80,80,80,80],"relics":["Burning Blood","Unceasing Top","Shovel","War Paint","Lantern"],"card_choices":[{"not_picked":["Body Slam","Reckless Charge"],"picked":"Corruption","floor":1},{"not_picked":["Limit Break","Wild Strike"],"picked":"Anger","floor":6},{"not_picked":["Inflame","Bloodletting"],"picked":"Havoc","floor":7},{"not_picked":["Perfected Strike","Heavy Blade","Burning Pact"],"picked":"SKIP","floor":8},{"not_picked":["Armaments","Whirlwind"],"picked":"Fire Breathing","floor":11},{"not_picked":["Iron Wave","Pummel"],"picked":"Seeing Red","floor":14}],"player_experience":67616,"potions_floor_usage":[16,16],"damage_taken":[{"damage":3.0,"enemies":"Jaw Worm","floor":1.0,"turns":4.0},{"damage":0,"enemies":"Small Slimes","floor":6,"turns":4},{"damage":26,"enemies":"Lagavulin","floor":7,"turns":6},{"damage":10,"enemies":"Looter","floor":8,"turns":4},{"damage":1,"enemies":"2 Fungi Beasts","floor":11,"turns":4},{"damage":2,"enemies":"Blue Slaver","floor":14,"turns":3},{"damage":34,"enemies":"The Guardian","floor":16,"turns":6}],"relics_obtained":[{"floor":4,"key":"Shovel"},{"floor":7,"key":"War Paint"},{"floor":9,"key":"Lantern"}],"event_choices":[{"event_name":"The Woman in Blue","player_choice":"Bought 0 Potions","floor":2,"damage_taken":0},{"event_name":"Liars Game","player_choice":"agreed","floor":3,"damage_taken":0},{"event_name":"Purifier","player_choice":"One Purge","floor":5,"damage_taken":0}],"boss_relics":[],"items_purged_floors":[10,12],"potions_floor_spawned":[1,11],"seed_played":"-2291124064706917679","killed_by":"The Guardian","ascension_level":0,"potions_obtained":[{"floor":1,"key":"Block Potion"},{"floor":11,"key":"Dexterity Potion"}],"is_trial":false}