{"gold_per_floor":[119,119,119,394,413,453,453,487,513,513,532,556,27,42,42,165,165,185,205,230,21,37,37,56,56,80,123,123,147,147],"floor_reached":30,"playtime":1238,"items_purged":["Regret"],"score":287,"play_id":"98c9f25e-c47e-4c25-9fc2-9c174ab00853","local_time":"20190201140906","is_ascension_mode":false,"campfire_choices":[{"data":"Bash","floor":7,"key":"SMITH"},{"floor":10,"key":"REST"},{"floor":15,"key":"REST"},{"data":"1","floor":23,"key":"LIFT"},{"data":"2","floor":25,"key":"LIFT"}],"neow_cost":"NONE","seed_source_timestamp":4426434073286,"circlet_count":0,"master_deck":["Strike_R","Strike_R","Strike_R","Strike_R","Strike_R","Defend_R","Defend_R","Defend_R","Defend_R","Bash+1","Flex","Heavy Blade","Sword Boomerang","Shrug It Off","Pummel","Shrug It Off","Battle Trance","Barricade","Body Slam+1","Blood for Blood","Blood for Blood","Inflame+1"],"relics":["Burning Blood","NeowsBlessing","Golden Idol","Regal Pillow","Dodecahedron","Darkstone Periapt","Bag of Marbles","Girya","Oddly Smooth Stone","Busted Crown","Lee\u0027s Waffle","Molten Egg 2","MutagenicStrength"],"potions_floor_usage":[8,20,20,24,30],"damage_taken":[{"damage":0,"enemies":"2 Louse","floor":1,"turns":1},{"damage":0,"enemies":"Small Slimes","floor":5,"turns":2},{"damage":0,"enemies":"Gremlin Nob","floor":6,"turns":1},{"damage":50,"enemies":"Lagavulin","floor":8,"turns":10},{"damage":1,"enemies":"Cultist","floor":11,"turns":3},{"damage":12,"enemies":"Blue Slaver","floor":12,"turns":2},{"damage":29,"enemies":"Large Slime","floor":14,"turns":5},{"damage":41,"enemies":"The Guardian","floor":16,"turns":16},{"damage":16,"enemies":"2 Thieves","floor":18,"turns":5},{"damage":15,"enemies":"3 Byrds","floor":19,"turns":7},{"damage":24,"enemies":"Snecko","floor":20,"turns":4},{"damage":33,"enemies":"Chosen and Byrds","floor":22,"turns":7},{"damage":21,"enemies":"3 Cultists","floor":24,"turns":6},{"damage":29,"enemies":"Gremlin Leader","floor":27,"turns":6},{"damage":20,"enemies":"Centurion and Healer","floor":29,"turns":4},{"damage":27,"enemies":"Book of Stabbing","floor":30,"turns":3}],"seed_played":"2346474954620684732","potions_obtained":[{"floor":5,"key":"Block Potion"},{"floor":6,"key":"GamblersBrew"},{"floor":11,"key":"Regen Potion"},{"floor":12,"key":"Dexterity Potion"},{"floor":22,"key":"Regen Potion"},{"floor":24,"key":"SpeedPotion"},{"floor":27,"key":"SneckoOil"}],"is_trial":false,"path_per_floor":["M","?","?","?","M","E","R","E","T","R","M","M","$","M","R","B",null,"M","M","M","$","M","R","M","R","T","E","?","M","E"],"character_chosen":"IRONCLAD","items_purchased":["Girya","Oddly Smooth Stone","Lee\u0027s Waffle"],"campfire_rested":2,"item_purchase_floors":[13,13,21],"current_hp_per_floor":[80,60,48,48,54,60,60,16,16,55,60,54,54,31,70,35,80,70,61,48,87,60,60,60,60,60,37,37,23,0],"gold":147,"neow_bonus":"THREE_ENEMY_KILL","is_prod":false,"is_daily":false,"chose_seed":false,"campfire_upgraded":1,"win_rate":0,"timestamp":1549008546,"path_taken":["M","?","?","?","M","E","R","E","T","R","M","?","$","M","R","BOSS","M","M","M","$","M","R","M","R","T","E","?","M","E"],"build_version":"2019-01-23","purchased_purges":1,"victory":false,"max_hp_per_floor":[80,80,80,80,80,80,80,80,80,80,80,80,80,80,80,80,80,80,80,80,87,87,87,87,87,87,87,87,87,87],"card_choices":[{"not_picked":["True Grit","Havoc"],"picked":"Flex","floor":1},{"not_picked":["Flame Barrier","Thunderclap"],"picked":"Heavy Blade","floor":5},{"not_picked":["Body Slam","Brutality"],"picked":"Sword Boomerang","floor":6},{"not_picked":["Dual Wield","True Grit"],"picked":"Shrug It Off","floor":8},{"not_picked":["Intimidate","Rampage"],"picked":"Pummel","floor":11},{"not_picked":["Twin Strike","Perfected Strike"],"picked":"Shrug It Off","floor":12},{"not_picked":["Dual Wield","Metallicize"],"picked":"Battle Trance","floor":14},{"not_picked":["Fiend Fire","Bludgeon"],"picked":"Barricade","floor":16},{"not_picked":[],"picked":"Body Slam+1","floor":18},{"not_picked":["True Grit"],"picked":"SKIP","floor":19},{"not_picked":["True Grit"],"picked":"SKIP","floor":19},{"not_picked":[],"picked":"Blood for Blood","floor":20},{"not_picked":[],"picked":"Blood for Blood","floor":22},{"not_picked":["Clothesline+1"],"picked":"SKIP","floor":24},{"not_picked":[],"picked":"Inflame+1","floor":27},{"not_picked":["Warcry+1"],"picked":"SKIP","floor":29}],"player_experience":708273,"relics_obtained":[{"floor":6,"key":"Dodecahedron"},{"floor":8,"key":"Darkstone Periapt"},{"floor":9,"key":"Bag of Marbles"},{"floor":27,"key":"Molten Egg 2"}],"event_choices":[{"damage_healed":0,"gold_gain":0,"player_choice":"Take Damage","damage_taken":20,"relics_obtained":["Golden Idol"],"max_hp_gain":0,"max_hp_loss":0,"event_name":"Golden Idol","floor":2,"gold_loss":0},{"damage_healed":0,"gold_gain":0,"player_choice":"Success","damage_taken":12,"relics_obtained":["Regal Pillow"],"max_hp_gain":0,"max_hp_loss":0,"event_name":"Scrap Ooze","floor":3,"gold_loss":0},{"damage_healed":0,"gold_gain":275,"player_choice":"Desecrate","damage_taken":0,"max_hp_gain":0,"max_hp_loss":0,"event_name":"Golden Shrine","floor":4,"gold_loss":0,"cards_obtained":["Regret"]},{"damage_healed":0,"gold_gain":0,"player_choice":"Inject Mutagens","damage_taken":0,"relics_obtained":["MutagenicStrength"],"max_hp_gain":0,"max_hp_loss":0,"event_name":"Drug Dealer","floor":28,"gold_loss":0}],"is_beta":false,"boss_relics":[{"not_picked":["Coffee Dripper","Fusion Hammer"],"picked":"Busted Crown"}],"items_purged_floors":[13],"is_endless":false,"potions_floor_spawned":[5,6,11,12,22,24,27],"killed_by":"Book of Stabbing","ascension_level":0}