{"gold_per_floor":[313,333,347,347,192,192,212,162,186,186,203,203,258,268,268,370,370,390,418,418,479,213,232,264,264,264,264,51,70,70,88,88,188,188,198,268,283,296,315,315,344,358,385,435,502,101,120,148,148,148],"floor_reached":51,"playtime":6538,"items_purged":["Strike_G","Strike_G","Shame"],"score":973,"play_id":"800d68c2-9d11-4d03-a106-0aa647c1c8f4","local_time":"20190203124600","is_ascension_mode":true,"campfire_choices":[{"data":"Leg Sweep","floor":6.0,"key":"SMITH"},{"data":"Footwork","floor":10.0,"key":"SMITH"},{"data":"Terror","floor":12.0,"key":"SMITH"},{"data":"Neutralize","floor":15.0,"key":"SMITH"},{"data":"Footwork","floor":25.0,"key":"SMITH"},{"data":"Footwork","floor":27.0,"key":"SMITH"},{"data":"Well Laid Plans","floor":30.0,"key":"SMITH"},{"data":"Calculated Gamble","floor":32.0,"key":"SMITH"},{"data":"Bouncing Flask","floor":40.0,"key":"SMITH"},{"floor":49,"key":"REST"}],"neow_cost":"NO_GOLD","seed_source_timestamp":0,"circlet_count":0,"master_deck":["Defend_G","Defend_G","Defend_G","Defend_G+1","Defend_G","Strike_G","Strike_G","Survivor","Neutralize+1","Cloak And Dagger+1","Backflip","Terror+1","Leg Sweep+1","Footwork+1","Calculated Gamble+1","Heel Hook","Corpse Explosion","Crippling Poison","Acrobatics","Bouncing Flask","Footwork+1","Bouncing Flask+1","Bullet Time","Footwork+1","Burst+1","Well Laid Plans+1","Night Terror+1","Venomology+1","Acrobatics+1","Deflect+1","Bouncing Flask+1","Blur+1","Deflect+1","Impatience+1","Chrysalis+1","Bouncing Flask+1","Expertise+1"],"special_seed":0,"relics":["Ring of the Snake","Old Coin","Pen Nib","Lantern","Philosopher\u0027s Stone","Red Mask","SsserpentHead","Omamori","Toxic Egg 2","Calling Bell","Centennial Puzzle","Ninja Scroll","Shovel","Paper Crane","Regal Pillow","Dodecahedron"],"potions_floor_usage":[48,50,50,50],"damage_taken":[{"damage":1.0,"enemies":"Small Slimes","floor":1.0,"turns":4.0},{"damage":0.0,"enemies":"2 Louse","floor":2.0,"turns":3.0},{"damage":5.0,"enemies":"Jaw Worm","floor":3.0,"turns":5.0},{"damage":5.0,"enemies":"Gremlin Gang","floor":7.0,"turns":6.0},{"damage":1.0,"enemies":"Exordium Thugs","floor":11.0,"turns":8.0},{"damage":21.0,"enemies":"3 Sentries","floor":13.0,"turns":12.0},{"damage":0.0,"enemies":"2 Fungi Beasts","floor":14.0,"turns":4.0},{"damage":4.0,"enemies":"The Guardian","floor":16.0,"turns":15.0},{"damage":6.0,"enemies":"2 Thieves","floor":18.0,"turns":3.0},{"damage":20.0,"enemies":"Masked Bandits","floor":19.0,"turns":3.0},{"damage":3.0,"enemies":"Shell Parasite","floor":21.0,"turns":5.0},{"damage":4.0,"enemies":"Centurion and Healer","floor":23.0,"turns":3.0},{"damage":6.0,"enemies":"Slavers","floor":24.0,"turns":3.0},{"damage":0.0,"enemies":"Cultist and Chosen","floor":29.0,"turns":8.0},{"damage":0.0,"enemies":"Shelled Parasite and Fungi","floor":31.0,"turns":5.0},{"damage":1.0,"enemies":"Automaton","floor":33.0,"turns":7.0},{"damage":0.0,"enemies":"3 Shapes","floor":35.0,"turns":4.0},{"damage":0.0,"enemies":"Orb Walker","floor":36.0,"turns":4.0},{"damage":14.0,"enemies":"Jaw Worm Horde","floor":37.0,"turns":3.0},{"damage":4.0,"enemies":"Spire Growth","floor":38.0,"turns":5.0},{"damage":0.0,"enemies":"Maw","floor":39.0,"turns":6.0},{"damage":0.0,"enemies":"Reptomancer","floor":41.0,"turns":8.0},{"damage":0.0,"enemies":"Jaw Worm Horde","floor":42.0,"turns":2.0},{"damage":0.0,"enemies":"Sphere and 2 Shapes","floor":45.0,"turns":4.0},{"damage":0,"enemies":"Writhing Mass","floor":47,"turns":4},{"damage":0,"enemies":"Giant Head","floor":48,"turns":10},{"damage":23,"enemies":"Awakened One","floor":50,"turns":15}],"seed_played":"-8391806444729763468","potions_obtained":[{"floor":1.0,"key":"SkillPotion"},{"floor":2.0,"key":"Poison Potion"},{"floor":11.0,"key":"LiquidBronze"},{"floor":16.0,"key":"Poison Potion"},{"floor":18.0,"key":"Poison Potion"},{"floor":24.0,"key":"Block Potion"},{"floor":35.0,"key":"SneckoOil"},{"floor":45.0,"key":"PowerPotion"},{"floor":48,"key":"AttackPotion"}],"is_trial":false,"path_per_floor":["M","M","M","?","$","R","M","?","T","R","M","R","?","M","R","B",null,"M","?","?","M","$","M","E","R","T","R","$","M","R","M","R","B",null,"M","M","M","M","M","R","E","M","T","?","M","$","M","E","R","B",null],"character_chosen":"THE_SILENT","items_purchased":["Leg Sweep","Footwork","Bouncing Flask","Bullet Time","Burst+1","Well Laid Plans","Impatience+1","Chrysalis+1"],"campfire_rested":1,"item_purchase_floors":[5,22,22,22,28,28,46,46],"current_hp_per_floor":[69,69,64,50,50,50,45,45,45,45,44,44,23,23,23,19,70,64,44,44,41,41,37,31,31,31,31,31,31,31,31,31,30,70,70,70,56,52,52,52,52,52,52,52,52,52,52,52,70,47],"gold":148,"neow_bonus":"ONE_RARE_RELIC","is_prod":false,"is_daily":false,"chose_seed":false,"campfire_upgraded":9,"win_rate":0,"timestamp":1549194360,"path_taken":["M","M","M","?","$","R","M","?","T","R","M","R","?","M","R","BOSS","M","?","?","?","?","M","E","R","T","R","$","M","R","M","R","BOSS","M","?","M","M","M","R","E","M","T","?","?","$","M","E","R","BOSS"],"build_version":"2019-01-23","purchased_purges":3,"victory":true,"max_hp_per_floor":[70,70,70,70,70,70,70,70,70,70,70,70,70,70,70,70,70,70,70,70,70,70,70,70,70,70,70,70,70,70,70,70,70,70,70,70,70,70,70,70,70,70,70,70,70,70,70,70,70,70],"card_choices":[{"not_picked":["Eviscerate","Poisoned Stab"],"picked":"Cloak And Dagger","floor":1.0},{"not_picked":["Outmaneuver","Blade Dance"],"picked":"Backflip","floor":2.0},{"not_picked":["Acrobatics","Blade Dance"],"picked":"Terror","floor":3.0},{"not_picked":["Concentrate","Blade Dance"],"picked":"Footwork","floor":7.0},{"not_picked":["Finisher","Skewer"],"picked":"Calculated Gamble","floor":11.0},{"not_picked":["Distraction","Bane"],"picked":"Heel Hook","floor":14.0},{"not_picked":["Die Die Die","Phantasmal Killer"],"picked":"Corpse Explosion","floor":16.0},{"not_picked":["Bane","Acrobatics+1"],"picked":"Crippling Poison","floor":18.0},{"not_picked":["Eviscerate","Prepared"],"picked":"Acrobatics","floor":19.0},{"not_picked":["Quick Slash","Cloak And Dagger+1"],"picked":"Bouncing Flask","floor":21.0},{"not_picked":["PiercingWail","Slice"],"picked":"Footwork","floor":23.0},{"not_picked":["Distraction+1","Underhanded Strike+1","Prepared"],"picked":"SKIP","floor":24.0},{"not_picked":["Heel Hook","Blade Dance+1","Cloak And Dagger+1"],"picked":"SKIP","floor":29.0},{"not_picked":["Riddle With Holes","Flechettes"],"picked":"Night Terror+1","floor":31.0},{"not_picked":["Die Die Die","Glass Knife"],"picked":"Venomology+1","floor":33.0},{"not_picked":["Predator","Sucker Punch"],"picked":"Acrobatics+1","floor":35.0},{"not_picked":["Acrobatics+1","Terror+1"],"picked":"Deflect+1","floor":36.0},{"not_picked":["Dagger Throw","Blade Dance+1"],"picked":"Bouncing Flask+1","floor":37.0},{"not_picked":["Concentrate+1","Tools of the Trade","Cloak And Dagger+1"],"picked":"SKIP","floor":38.0},{"not_picked":["Dash+1","Outmaneuver+1","Flying Knee"],"picked":"SKIP","floor":39.0},{"not_picked":["Envenom","All Out Attack"],"picked":"Blur+1","floor":41.0},{"not_picked":["Outmaneuver+1","Flying Knee+1","Deadly Poison+1"],"picked":"SKIP","floor":42.0},{"not_picked":["Flechettes","Footwork+1"],"picked":"Deflect+1","floor":45.0},{"not_picked":["Bane","Finisher"],"picked":"Bouncing Flask+1","floor":47},{"not_picked":["Blade Dance+1","Deflect+1"],"picked":"Expertise+1","floor":48}],"player_experience":75842,"relics_obtained":[{"floor":9.0,"key":"Pen Nib"},{"floor":13.0,"key":"Lantern"},{"floor":19.0,"key":"Red Mask"},{"floor":24.0,"key":"Omamori"},{"floor":26.0,"key":"Toxic Egg 2"},{"floor":34.0,"key":"Centennial Puzzle"},{"floor":34.0,"key":"Ninja Scroll"},{"floor":34.0,"key":"Shovel"},{"floor":41.0,"key":"Paper Crane"},{"floor":43.0,"key":"Regal Pillow"},{"floor":48,"key":"Dodecahedron"}],"event_choices":[{"damage_healed":0.0,"max_hp_gain":0.0,"max_hp_loss":0.0,"gold_gain":0.0,"event_name":"Shining Light","player_choice":"Entered Light","floor":4.0,"gold_loss":0.0,"damage_taken":14.0,"cards_upgraded":["Defend_G","Cloak And Dagger"]},{"cards_removed":["Strike_G"],"damage_healed":0.0,"max_hp_gain":0.0,"max_hp_loss":0.0,"gold_gain":0.0,"event_name":"The Cleric","player_choice":"Card Removal","floor":8.0,"gold_loss":50.0,"damage_taken":0.0},{"damage_healed":0.0,"max_hp_gain":0.0,"max_hp_loss":0.0,"gold_gain":0.0,"event_name":"Dead Adventurer","player_choice":"Searched \u00271\u0027 times","floor":13.0,"gold_loss":0.0,"damage_taken":0.0},{"damage_healed":0.0,"max_hp_gain":0.0,"max_hp_loss":0.0,"gold_gain":0.0,"event_name":"Masked Bandits","player_choice":"Fought Bandits","floor":19.0,"gold_loss":0.0,"damage_taken":0.0},{"damage_healed":0.0,"max_hp_gain":0.0,"max_hp_loss":0.0,"gold_gain":0.0,"event_name":"FaceTrader","player_choice":"Trade","floor":20.0,"gold_loss":0.0,"damage_taken":0.0,"relics_obtained":["SsserpentHead"]},{"damage_healed":0.0,"max_hp_gain":0.0,"max_hp_loss":0.0,"gold_gain":0.0,"event_name":"SecretPortal","player_choice":"Ignored","floor":44.0,"gold_loss":0.0,"damage_taken":0.0}],"is_beta":false,"boss_relics":[{"not_picked":["Ring of the Serpent","Snecko Eye"],"picked":"Philosopher\u0027s Stone"},{"not_picked":["Eternal Feather","HoveringKite"],"picked":"Calling Bell"}],"items_purged_floors":[5,22,46],"is_endless":false,"potions_floor_spawned":[1,2,11,16,18,19,23,24,35,36,39,45,47,48],"ascension_level":4}