{"gold_per_floor":[115,133,143,143,68,68,102,121,121,121,91,121,121,139,139,242,242,226,244,344,344,363,363,393,393,417,417,2,2,14,14,14,119,119,134,134,53,73,87,120,120,120,191,219,237,237,197,217,217,217],"floor_reached":51,"playtime":5841,"items_purged":["Decay","Strike_B"],"score":1051,"play_id":"9bc605a4-392d-4980-832f-02186605ee00","local_time":"20190128140342","is_ascension_mode":true,"campfire_choices":[{"data":"Defragment","floor":6,"key":"SMITH"},{"data":"Zap","floor":10,"key":"SMITH"},{"data":"Zap","floor":13,"key":"SMITH"},{"data":"Tempest","floor":15,"key":"SMITH"},{"floor":23,"key":"DIG"},{"floor":25,"key":"DIG"},{"floor":27,"key":"DIG"},{"floor":29,"key":"DIG"},{"floor":32,"key":"DIG"},{"floor":41,"key":"DIG"},{"floor":46,"key":"DIG"},{"floor":49,"key":"DIG"}],"neow_cost":"CURSE","seed_source_timestamp":341912177558817,"circlet_count":0,"master_deck":["Strike_B","Defend_B","Defend_B","Defend_B","Defend_B","Zap+1","Dualcast","Reboot","Hologram","Defragment+1","Capacitor","Undo","Zap+1","Glacier","Capacitor+1","Tempest+1","Self Repair+1","All For One","White Noise","Buffer+1","Tempest+1","Storm+1","Ghostly+1","Ghostly+1","Ghostly+1","Ghostly+1","Ghostly+1","Buffer+1","Madness+1","Madness+1","Panache+1","Hologram+1","White Noise+1"],"relics":["Cracked Core","Frozen Egg 2","Pantograph","Mummified Hand","Fusion Hammer","Shovel","Toxic Egg 2","Nilry\u0027s Codex","Bottled Tornado","Anchor","Orichalcum","Pen Nib","Lantern","Membership Card","Meat on the Bone","FossilizedHelix","Gremlin Horn","Nuclear Battery","Art of War","Omamori","Pear","Bag of Preparation","Mercury Hourglass","Centennial Puzzle"],"potions_floor_usage":[20,33,50,50],"damage_taken":[{"damage":2,"enemies":"Cultist","floor":1,"turns":3},{"damage":4,"enemies":"2 Louse","floor":2,"turns":4},{"damage":0,"enemies":"Jaw Worm","floor":3,"turns":4},{"damage":18,"enemies":"Lagavulin","floor":7,"turns":5},{"damage":0,"enemies":"Large Slime","floor":8,"turns":4},{"damage":0,"enemies":"Looter","floor":11,"turns":4},{"damage":12,"enemies":"Gremlin Nob","floor":12,"turns":5},{"damage":18,"enemies":"Lots of Slimes","floor":14,"turns":4},{"damage":0,"enemies":"Slime Boss","floor":16,"turns":7},{"damage":11,"enemies":"2 Thieves","floor":18,"turns":5},{"damage":0,"enemies":"Spheric Guardian","floor":19,"turns":3},{"damage":0,"enemies":"Colosseum Slavers","floor":20,"turns":4},{"damage":0,"enemies":"Colosseum Nobs","floor":20,"turns":6},{"damage":1,"enemies":"Centurion and Healer","floor":22,"turns":5},{"damage":33,"enemies":"Slavers","floor":24,"turns":4},{"damage":0,"enemies":"Chosen and Byrds","floor":30,"turns":3},{"damage":0,"enemies":"Collector","floor":33,"turns":6},{"damage":0,"enemies":"3 Shapes","floor":35,"turns":3},{"damage":0,"enemies":"Orb Walker","floor":38,"turns":2},{"damage":0,"enemies":"Jaw Worm Horde","floor":39,"turns":3},{"damage":0,"enemies":"Giant Head","floor":40,"turns":9},{"damage":0,"enemies":"Nemesis","floor":44,"turns":7},{"damage":0,"enemies":"3 Darklings","floor":45,"turns":4},{"damage":0,"enemies":"4 Shapes","floor":48,"turns":1},{"damage":0,"enemies":"Donu and Deca","floor":50,"turns":4}],"seed_played":"7481405135109478528","potions_obtained":[{"floor":1,"key":"FocusPotion"},{"floor":2,"key":"SmokeBomb"},{"floor":16,"key":"SpeedPotion"},{"floor":19,"key":"LiquidBronze"},{"floor":24,"key":"Fruit Juice"},{"floor":30,"key":"PowerPotion"},{"floor":39,"key":"EssenceOfSteel"},{"floor":45,"key":"Regen Potion"}],"is_trial":false,"path_per_floor":["M","M","M","?","$","R","E","M","T","R","M","E","R","M","R","B",null,"M","M","?","?","M","R","E","R","T","R","$","R","M","?","R","B",null,"M","?","$","M","M","E","R","?","T","E","M","R","?","M","R","B",null],"character_chosen":"DEFECT","items_purchased":["Membership Card","Storm+1","Meat on the Bone","Panache+1"],"campfire_rested":0,"item_purchase_floors":[28,28,28,37],"current_hp_per_floor":[73,69,69,69,69,69,51,51,51,51,51,39,39,21,21,56,75,74,74,75,59,68,68,35,35,35,35,35,35,57,37,37,42,42,42,37,37,37,37,37,37,37,47,52,52,52,52,52,52,52],"gold":217,"neow_bonus":"TRANSFORM_TWO_CARDS","is_prod":false,"is_daily":false,"chose_seed":false,"campfire_upgraded":4,"win_rate":1,"timestamp":1548680622,"path_taken":["M","M","M","?","$","R","E","?","T","R","M","E","R","M","R","BOSS","M","M","?","?","M","R","E","R","T","R","?","R","M","?","R","BOSS","M","?","$","M","M","E","R","?","T","E","?","R","?","M","R","BOSS"],"build_version":"2019-01-23","purchased_purges":2,"victory":true,"max_hp_per_floor":[75,75,75,75,75,75,75,75,75,75,75,75,75,75,75,75,75,75,75,75,75,75,75,75,75,75,75,75,75,75,37,37,42,42,42,42,42,42,42,42,42,42,52,52,52,52,52,52,52,52],"card_choices":[{"not_picked":["Go for the Eyes","Coolheaded"],"picked":"Defragment","floor":1},{"not_picked":["Stack","Streamline"],"picked":"Capacitor","floor":2},{"not_picked":["Sweeping Beam","Hologram","Sunder"],"picked":"SKIP","floor":3},{"not_picked":["Hologram","Turbo"],"picked":"Glacier","floor":7},{"not_picked":["Leap","Static Discharge+1","Gash"],"picked":"SKIP","floor":8},{"not_picked":["Ball Lightning","Conserve Battery"],"picked":"Capacitor+1","floor":11},{"not_picked":["Beam Cell","Blizzard"],"picked":"Tempest","floor":12},{"not_picked":["Leap","Aggregate"],"picked":"Self Repair+1","floor":14},{"not_picked":["Rainbow","Thunder Strike"],"picked":"All For One","floor":16},{"not_picked":["Conserve Battery","Go for the Eyes+1"],"picked":"White Noise","floor":18},{"not_picked":["Barrage+1","Steam Power"],"picked":"Buffer+1","floor":19},{"not_picked":["Rebound","Coolheaded+1","Steam Power+1"],"picked":"SKIP","floor":22},{"not_picked":["Ball Lightning+1","Auto Shields+1"],"picked":"Tempest+1","floor":24},{"not_picked":["BootSequence+1","Stack+1","Sweeping Beam+1"],"picked":"SKIP","floor":30},{"not_picked":["Rainbow+1","Hyperbeam"],"picked":"Buffer+1","floor":33},{"not_picked":["Compile Driver+1","Beam Cell+1","Redo+1"],"picked":"SKIP","floor":35},{"not_picked":["Gash+1","Aggregate+1"],"picked":"Hologram+1","floor":38},{"not_picked":["Streamline+1","Barrage+1","Stack+1"],"picked":"SKIP","floor":39},{"not_picked":["Sweeping Beam","Cold Snap","Streamline"],"picked":"SKIP","floor":40},{"not_picked":["Redo+1","Turbo+1"],"picked":"White Noise+1","floor":44},{"not_picked":["Beam Cell+1","Steam+1","Coolheaded+1"],"picked":"SKIP","floor":45},{"not_picked":["Steam Power+1","Stack+1","Turbo+1"],"picked":"SKIP","floor":48}],"player_experience":41938,"relics_obtained":[{"floor":7,"key":"Frozen Egg 2"},{"floor":9,"key":"Pantograph"},{"floor":12,"key":"Mummified Hand"},{"floor":20,"key":"Shovel"},{"floor":20,"key":"Toxic Egg 2"},{"floor":21,"key":"Nilry\u0027s Codex"},{"floor":23,"key":"Bottled Tornado"},{"floor":24,"key":"Anchor"},{"floor":25,"key":"Orichalcum"},{"floor":26,"key":"Pen Nib"},{"floor":27,"key":"Lantern"},{"floor":29,"key":"FossilizedHelix"},{"floor":32,"key":"Gremlin Horn"},{"floor":40,"key":"Art of War"},{"floor":41,"key":"Omamori"},{"floor":43,"key":"Pear"},{"floor":44,"key":"Bag of Preparation"},{"floor":46,"key":"Mercury Hourglass"},{"floor":49,"key":"Centennial Puzzle"}],"event_choices":[{"damage_healed":0,"gold_gain":0,"player_choice":"2 cards matched","damage_taken":0,"max_hp_gain":0,"max_hp_loss":0,"event_name":"Match and Keep!","floor":4,"gold_loss":0,"cards_obtained":["Undo","Zap"]},{"damage_healed":0,"gold_gain":0,"player_choice":"Fight","damage_taken":0,"max_hp_gain":0,"max_hp_loss":0,"event_name":"Colosseum","floor":20,"gold_loss":0},{"damage_healed":0,"gold_gain":0,"player_choice":"Fought Nobs","damage_taken":0,"max_hp_gain":0,"max_hp_loss":0,"event_name":"Colosseum","floor":20,"gold_loss":0},{"damage_healed":0,"gold_gain":0,"player_choice":"Obtained Book","damage_taken":16,"max_hp_gain":0,"max_hp_loss":0,"event_name":"Cursed Tome","floor":21,"gold_loss":0},{"damage_healed":0,"gold_gain":0,"player_choice":"Became a Ghost","damage_taken":0,"max_hp_gain":0,"max_hp_loss":38,"event_name":"Ghosts","floor":31,"gold_loss":0,"cards_obtained":["Ghostly","Ghostly","Ghostly","Ghostly","Ghostly"]},{"damage_healed":0,"gold_gain":0,"player_choice":"Embrace Madness","damage_taken":5,"max_hp_gain":0,"max_hp_loss":0,"event_name":"Winding Halls","floor":36,"gold_loss":0,"cards_obtained":["Madness","Madness"]},{"damage_healed":0,"gold_gain":0,"player_choice":"Got Potions","damage_taken":0,"max_hp_gain":0,"max_hp_loss":0,"event_name":"Lab","floor":42,"gold_loss":0},{"damage_healed":0,"gold_gain":0,"player_choice":"Bought 3 Potions","damage_taken":0,"max_hp_gain":0,"max_hp_loss":0,"event_name":"The Woman in Blue","floor":47,"gold_loss":0}],"is_beta":false,"boss_relics":[{"not_picked":["Busted Crown","Runic Dome"],"picked":"Fusion Hammer"},{"not_picked":["Orrery","Black Star"],"picked":"Nuclear Battery"}],"items_purged_floors":[5,28],"is_endless":false,"potions_floor_spawned":[1,2,16,19,20,24,30,39,45],"ascension_level":2}