{"gold_per_floor":[110,122,122,133,4,4,38,38,38,54,54,54,54,72,72,173,173,173,173,173,173,173,173,173,173,173,73,73,73,73,73,73,73,73,73,73,73,73,73,73,73,73,73,73,50,50,50,50,50,50],"floor_reached":51,"playtime":6465,"items_purged":["Strike_G","Strike_G"],"score":868,"play_id":"18e47d08-fe69-4a39-9783-e8dc041773b2","local_time":"20190130232834","is_ascension_mode":true,"campfire_choices":[{"data":"Crippling Poison","floor":6.0,"key":"SMITH"},{"data":"Neutralize","floor":11.0,"key":"SMITH"},{"data":"Survivor","floor":13.0,"key":"SMITH"},{"data":"Crippling Poison","floor":15.0,"key":"SMITH"},{"data":"Well Laid Plans","floor":23.0,"key":"SMITH"},{"data":"Backflip","floor":25.0,"key":"SMITH"},{"data":"Well Laid Plans","floor":29.0,"key":"SMITH"},{"data":"After Image","floor":32.0,"key":"SMITH"},{"data":"Corpse Explosion","floor":40,"key":"SMITH"},{"data":"Acrobatics","floor":42,"key":"SMITH"},{"data":"Backflip","floor":47,"key":"SMITH"},{"floor":49,"key":"REST"}],"neow_cost":"TEN_PERCENT_HP_LOSS","seed_source_timestamp":0,"circlet_count":0,"master_deck":["Defend_G","Defend_G","Defend_G","Defend_G","Defend_G","Strike_G","Strike_G","Survivor+1","Neutralize+1","Deadly Poison","Acrobatics+1","Unload","Crippling Poison+1","PiercingWail","PiercingWail","Heel Hook","Crippling Poison+1","Corpse Explosion+1","Well Laid Plans+1","Cloak And Dagger","Well Laid Plans+1","Backflip+1","After Image+1","Prepared+1","Regret","Envenom","Backflip+1","Heel Hook+1"],"special_seed":0,"relics":["Ring of the Snake","FossilizedHelix","WingedGreaves","Paper Crane","Ectoplasm","Snake Skull","Mummified Hand","Cursed Key","Ice Cream","Art of War","Potion Belt","Anchor","Happy Flower"],"potions_floor_usage":[50,50,50,50],"damage_taken":[{"damage":0.0,"enemies":"2 Louse","floor":1.0,"turns":4.0},{"damage":0.0,"enemies":"Cultist","floor":2.0,"turns":5.0},{"damage":0.0,"enemies":"Small Slimes","floor":4.0,"turns":2.0},{"damage":16.0,"enemies":"Gremlin Nob","floor":7.0,"turns":5.0},{"damage":0.0,"enemies":"Exordium Thugs","floor":10.0,"turns":4.0},{"damage":0.0,"enemies":"Large Slime","floor":14.0,"turns":6.0},{"damage":20.0,"enemies":"Slime Boss","floor":16.0,"turns":8.0},{"damage":0.0,"enemies":"Shell Parasite","floor":18.0,"turns":5.0},{"damage":3.0,"enemies":"Chosen","floor":20.0,"turns":4.0},{"damage":0.0,"enemies":"Snake Plant","floor":21.0,"turns":5.0},{"damage":0.0,"enemies":"3 Cultists","floor":22.0,"turns":4.0},{"damage":2.0,"enemies":"Book of Stabbing","floor":24.0,"turns":7.0},{"damage":0.0,"enemies":"Centurion and Healer","floor":28.0,"turns":4.0},{"damage":0.0,"enemies":"Cultist and Chosen","floor":31.0,"turns":4.0},{"damage":28.0,"enemies":"Champ","floor":33.0,"turns":13.0},{"damage":0,"enemies":"Orb Walker","floor":35,"turns":4},{"damage":0,"enemies":"3 Darklings","floor":37,"turns":2},{"damage":0,"enemies":"2 Orb Walkers","floor":38,"turns":4},{"damage":11,"enemies":"Spire Growth","floor":39,"turns":5},{"damage":0,"enemies":"Reptomancer","floor":41,"turns":7},{"damage":0,"enemies":"Nemesis","floor":44,"turns":9},{"damage":5,"enemies":"Reptomancer","floor":46,"turns":7},{"damage":5,"enemies":"Sphere and 2 Shapes","floor":48,"turns":4},{"damage":25,"enemies":"Awakened One","floor":50,"turns":13}],"seed_played":"5902417441611254048","potions_obtained":[{"floor":2.0,"key":"GamblersBrew"},{"floor":7.0,"key":"Regen Potion"},{"floor":14.0,"key":"SkillPotion"},{"floor":16.0,"key":"AttackPotion"},{"floor":22.0,"key":"Poison Potion"},{"floor":41,"key":"LiquidBronze"},{"floor":44,"key":"Dexterity Potion"}],"is_trial":false,"path_per_floor":["M","M","?","M","$","R","E","?","T","M","R","?","R","M","R","B",null,"M","?","M","M","M","R","E","R","T","$","M","R","?","M","R","B",null,"M","?","M","?","M","R","E","R","T","E","$","E","R","M","R","B",null],"character_chosen":"THE_SILENT","items_purchased":["PiercingWail","Backflip"],"campfire_rested":1,"item_purchase_floors":[5,45],"current_hp_per_floor":[63,63,63,63,63,63,47,47,47,47,47,47,47,47,47,27,63,63,63,60,60,60,60,58,58,58,58,58,58,58,58,58,30,63,63,63,63,63,52,52,52,52,52,52,52,47,47,42,60,50],"gold":50,"neow_bonus":"ONE_RARE_RELIC","is_prod":false,"is_daily":false,"chose_seed":false,"campfire_upgraded":11,"win_rate":0,"timestamp":1548887314,"path_taken":["M","M","?","M","?","R","E","?","T","?","R","?","R","M","R","BOSS","M","?","?","M","?","R","E","R","T","$","M","R","?","M","R","BOSS","M","?","M","?","M","R","E","R","T","E","?","E","R","M","R","BOSS"],"build_version":"2019-01-23","purchased_purges":2,"victory":true,"max_hp_per_floor":[63,63,63,63,63,63,63,63,63,63,63,63,63,63,63,63,63,63,63,63,63,63,63,63,63,63,63,63,63,63,63,63,63,63,63,63,63,63,63,63,63,63,63,63,63,63,63,63,63,63],"card_choices":[{"not_picked":["PiercingWail","Slice"],"picked":"Deadly Poison","floor":1.0},{"not_picked":["Flechettes","Quick Slash"],"picked":"Acrobatics","floor":2.0},{"not_picked":["Calculated Gamble","Choke"],"picked":"PiercingWail","floor":4.0},{"not_picked":["Wraith Form v2","Heel Hook","Skewer"],"picked":"SKIP","floor":7.0},{"not_picked":["Flying Knee","Sucker Punch"],"picked":"Heel Hook","floor":10.0},{"not_picked":["PiercingWail","Sucker Punch"],"picked":"Crippling Poison","floor":14.0},{"not_picked":["Venomology","A Thousand Cuts"],"picked":"Corpse Explosion","floor":16.0},{"not_picked":["Predator","Eviscerate+1"],"picked":"Well Laid Plans","floor":18.0},{"not_picked":["Outmaneuver","Skewer","PiercingWail+1"],"picked":"SKIP","floor":20.0},{"not_picked":["Prepared","Flechettes"],"picked":"Cloak And Dagger","floor":21.0},{"not_picked":["Backstab","Quick Slash"],"picked":"Well Laid Plans","floor":22.0},{"not_picked":["Tactician","Flechettes+1"],"picked":"Backflip","floor":24.0},{"not_picked":["Predator","Masterful Stab","Sucker Punch"],"picked":"SKIP","floor":28.0},{"not_picked":["Dash","Blur","Prepared"],"picked":"SKIP","floor":31.0},{"not_picked":["Cloak And Dagger","Riddle With Holes+1","Infinite Blades"],"picked":"SKIP","floor":35},{"not_picked":["Underhanded Strike","Quick Slash+1","Flying Knee+1"],"picked":"SKIP","floor":37},{"not_picked":["Choke+1","Endless Agony"],"picked":"Prepared+1","floor":38},{"not_picked":["Well Laid Plans+1","Choke+1","Underhanded Strike+1"],"picked":"SKIP","floor":39},{"not_picked":["Distraction+1","Dagger Spray","Tools of the Trade"],"picked":"SKIP","floor":41},{"not_picked":["Distraction+1","Dagger Spray","Tools of the Trade"],"picked":"SKIP","floor":41},{"not_picked":["Flying Knee","Envenom","Endless Agony"],"picked":"SKIP","floor":44},{"not_picked":["Flying Knee","Endless Agony"],"picked":"Envenom","floor":44},{"not_picked":["Dodge and Roll+1","PiercingWail"],"picked":"Heel Hook+1","floor":46},{"not_picked":["Skewer+1","Masterful Stab+1","Backflip"],"picked":"SKIP","floor":48}],"player_experience":56120,"relics_obtained":[{"floor":7.0,"key":"WingedGreaves"},{"floor":9.0,"key":"Paper Crane"},{"floor":24.0,"key":"Snake Skull"},{"floor":26.0,"key":"Mummified Hand"},{"floor":38,"key":"Ice Cream"},{"floor":41,"key":"Art of War"},{"floor":43,"key":"Potion Belt"},{"floor":44,"key":"Anchor"},{"floor":46,"key":"Happy Flower"}],"event_choices":[{"damage_healed":0.0,"max_hp_gain":0.0,"max_hp_loss":0.0,"gold_gain":0.0,"event_name":"Match and Keep!","player_choice":"2 cards matched","floor":3.0,"gold_loss":0.0,"damage_taken":0.0,"cards_obtained":["Unload","Crippling Poison"]},{"cards_removed":["Strike_G"],"damage_healed":0.0,"max_hp_gain":0.0,"max_hp_loss":0.0,"gold_gain":0.0,"event_name":"Bonfire Elementals","player_choice":"Offered Basic","floor":8.0,"gold_loss":0.0,"damage_taken":0.0},{"damage_healed":0.0,"max_hp_gain":0.0,"max_hp_loss":0.0,"gold_gain":0.0,"event_name":"Liars Game","player_choice":"Ignored","floor":12.0,"gold_loss":0.0,"damage_taken":0.0},{"damage_healed":0.0,"max_hp_gain":0.0,"max_hp_loss":0.0,"gold_gain":100.0,"event_name":"Golden Shrine","player_choice":"Pray","floor":19.0,"gold_loss":0.0,"damage_taken":0.0},{"damage_healed":0.0,"max_hp_gain":0.0,"max_hp_loss":0.0,"gold_gain":0.0,"event_name":"The Library","player_choice":"Read","floor":30.0,"gold_loss":0.0,"damage_taken":0.0,"cards_obtained":["After Image"]},{"damage_healed":0,"gold_gain":0,"player_choice":"Memory 1","damage_taken":0,"max_hp_gain":0,"max_hp_loss":0,"event_name":"SensoryStone","floor":36,"gold_loss":0},{"damage_healed":0,"gold_gain":0,"player_choice":"Fight","damage_taken":0,"max_hp_gain":0,"max_hp_loss":0,"event_name":"Mysterious Sphere","floor":38,"gold_loss":0}],"is_beta":false,"boss_relics":[{"not_picked":["Runic Dome","Calling Bell"],"picked":"Ectoplasm"},{"not_picked":["Astrolabe","Philosopher\u0027s Stone"],"picked":"Cursed Key"}],"items_purged_floors":[5,27],"is_endless":false,"potions_floor_spawned":[2,7,14,16,22,28,31,37,41,44],"ascension_level":3}