{"gold_per_floor":[114,114,114,132,132,162,174,209,209,209,229,245,280,280,280,280],"floor_reached":16,"playtime":1072,"items_purged":[],"score":132,"play_id":"3fcf3c28-4194-40aa-8792-f983faba8131","local_time":"20180924103818","is_ascension_mode":true,"campfire_choices":[{"floor":10,"key":"REST"},{"data":"Body Slam","floor":15,"key":"SMITH"}],"neow_cost":"CURSE","seed_source_timestamp":918359928917790,"circlet_count":0,"master_deck":["Strike_R","Strike_R","Strike_R","Strike_R","Strike_R","Defend_R","Defend_R+1","Defend_R","Defend_R","Bash+1","Armaments","Warcry","Body Slam","Body Slam+1","Thunderclap"],"relics":["Burning Blood","Calipers","Centennial Puzzle","Torii","Anchor","Pear","Matryoshka","Nunchaku"],"potions_floor_usage":[6,8],"damage_taken":[{"damage":9,"enemies":"2 Louse","floor":1,"turns":2},{"damage":0,"enemies":"Small Slimes","floor":4,"turns":3},{"damage":35,"enemies":"3 Sentries","floor":6,"turns":10},{"damage":7,"enemies":"Jaw Worm","floor":7,"turns":5},{"damage":26,"enemies":"Lagavulin","floor":8,"turns":8},{"damage":13,"enemies":"Large Slime","floor":11,"turns":7},{"damage":2,"enemies":"3 Louse","floor":12,"turns":5},{"damage":14,"enemies":"3 Sentries","floor":13,"turns":14},{"damage":52,"enemies":"Slime Boss","floor":16,"turns":9}],"seed_played":"597397898340221399","potions_obtained":[{"floor":4,"key":"Strength Potion"},{"floor":6,"key":"Strength Potion"},{"floor":11,"key":"Swift Potion"}],"is_trial":false,"path_per_floor":["M","?","?","M","?","E","M","E","T","R","M","M","E","?","R"],"character_chosen":"IRONCLAD","items_purchased":[],"campfire_rested":1,"item_purchase_floors":[],"current_hp_per_floor":[77,74,58,64,64,35,34,14,24,51,44,48,40,40,40,0],"gold":280,"neow_bonus":"ONE_RARE_RELIC","is_prod":false,"is_daily":false,"chose_seed":false,"campfire_upgraded":1,"win_rate":0,"timestamp":1537778298,"path_taken":["M","?","?","M","?","E","?","E","T","R","M","?","E","?","R","BOSS"],"build_version":"2018-09-20","purchased_purges":0,"victory":false,"max_hp_per_floor":[80,80,80,80,80,80,80,80,90,90,90,90,90,90,90,90],"card_choices":[{"not_picked":["Headbutt","Sever Soul"],"picked":"Armaments","floor":1},{"not_picked":["Sever Soul","Clothesline"],"picked":"Warcry","floor":4},{"not_picked":["Blood for Blood","Infernal Blade","Fiend Fire"],"picked":"SKIP","floor":6},{"not_picked":["Perfected Strike","Havoc"],"picked":"Body Slam","floor":7},{"not_picked":["Rupture","Twin Strike","Disarm"],"picked":"SKIP","floor":8},{"not_picked":["Armaments","Shockwave","Evolve"],"picked":"SKIP","floor":11},{"not_picked":["Burning Pact","Thunderclap"],"picked":"Body Slam","floor":12},{"not_picked":["Reckless Charge","Carnage"],"picked":"Thunderclap","floor":13}],"player_experience":102172,"relics_obtained":[{"floor":6,"key":"Torii"},{"floor":8,"key":"Anchor"},{"floor":9,"key":"Pear"},{"floor":13,"key":"Matryoshka"}],"event_choices":[{"event_name":"Scrap Ooze","player_choice":"success","floor":2,"damage_taken":3},{"event_name":"Shining Light","player_choice":"Entered Light","floor":3,"damage_taken":0},{"event_name":"Fountain of Cleansing","player_choice":"Removed Curse","floor":5,"damage_taken":0},{"event_name":"WeMeetAgain","player_choice":"Potion","floor":14,"damage_taken":0}],"is_beta":true,"boss_relics":[],"items_purged_floors":[],"is_endless":false,"potions_floor_spawned":[4,6,11],"killed_by":"Slime Boss","ascension_level":2}