{"gold_per_floor":[117,117,132,148,148,165,142,155,155,167,167,179,129,129,129,228,228,238,238,238,261,70,70,105,117,117,129,141,166,178],"floor_reached":30,"playtime":1195,"items_purged":[],"score":265,"play_id":"ddd2e7f5-ed91-4248-b262-0be67bea414c","local_time":"20190129091637","is_ascension_mode":false,"campfire_choices":[{"floor":11,"key":"REST"},{"floor":15,"key":"REST"},{"floor":23,"key":"REST"},{"floor":27,"key":"REST"}],"neow_cost":"NONE","seed_source_timestamp":554459851271460,"circlet_count":0,"master_deck":["Defend_G","Defend_G","Defend_G","Defend_G","Strike_G","Strike_G","Strike_G","Strike_G","Strike_G","Survivor","Neutralize","Noxious Fumes","Distraction","Setup","Good Instincts","Poisoned Stab","Deadly Poison","Concentrate","Catalyst","Backstab","Envenom","After Image","Bouncing Flask","Riddle With Holes","Dagger Spray","Flechettes","Backstab","Night Terror","Deadly Poison","Neutralize","Jack Of All Trades","Outmaneuver+1","Bane+1","Bouncing Flask","Endless Agony+1","Quick Slash"],"relics":["Ring of the Snake","Blood Vial","Ninja Scroll","Dream Catcher","Orrery","Anchor","Toy Ornithopter","Letter Opener","MawBank"],"potions_floor_usage":[16,16,18,25,25],"damage_taken":[{"damage":0,"enemies":"Small Slimes","floor":1,"turns":4},{"damage":5,"enemies":"Cultist","floor":3,"turns":5},{"damage":5,"enemies":"2 Louse","floor":4,"turns":4},{"damage":0,"enemies":"Red Slaver","floor":6,"turns":5},{"damage":2,"enemies":"Looter","floor":8,"turns":3},{"damage":23,"enemies":"Large Slime","floor":10,"turns":6},{"damage":9,"enemies":"Blue Slaver","floor":12,"turns":4},{"damage":61,"enemies":"Slime Boss","floor":16,"turns":14},{"damage":21,"enemies":"Shell Parasite","floor":18,"turns":5},{"damage":64,"enemies":"Slavers","floor":24,"turns":5},{"damage":10,"enemies":"Spheric Guardian","floor":25,"turns":4},{"damage":1,"enemies":"Snake Plant","floor":29,"turns":3},{"damage":32,"enemies":"Centurion and Healer","floor":30,"turns":5}],"seed_played":"4466746049969010296","potions_obtained":[{"floor":4,"key":"GamblersBrew"},{"floor":10,"key":"Energy Potion"},{"floor":12,"key":"Energy Potion"},{"floor":18,"key":"GamblersBrew"},{"floor":24,"key":"Block Potion"}],"is_trial":false,"path_per_floor":["M","?","M","M","?","M","$","M","T","M","R","M","?","?","R","B",null,"M","?","$","T","$","R","E","M","T","R","$","M","M"],"character_chosen":"THE_SILENT","items_purchased":["Deadly Poison","Toy Ornithopter"],"campfire_rested":4,"item_purchase_floors":[7,22],"current_hp_per_floor":[70,70,65,62,62,64,64,64,64,43,64,57,57,39,60,1,70,49,49,49,49,49,70,6,8,8,29,29,30,0],"gold":178,"neow_bonus":"RANDOM_COMMON_RELIC","is_prod":false,"is_daily":false,"chose_seed":false,"campfire_upgraded":0,"win_rate":0.0,"timestamp":1548724597,"path_taken":["M","?","?","M","?","?","$","M","T","M","R","M","?","?","R","BOSS","M","?","?","?","$","R","E","?","T","R","$","M","M"],"build_version":"2019-01-23","purchased_purges":0,"victory":false,"max_hp_per_floor":[70,70,70,70,70,70,70,70,70,70,70,70,70,70,70,70,70,70,70,70,70,70,70,70,70,70,70,70,70,70],"card_choices":[{"not_picked":["Cloak And Dagger","Footwork"],"picked":"Noxious Fumes","floor":1},{"not_picked":["Bane","Acrobatics"],"picked":"Distraction","floor":3},{"not_picked":["Expertise","Dagger Throw"],"picked":"Setup","floor":4},{"not_picked":["Setup","Tactician"],"picked":"Poisoned Stab","floor":6},{"not_picked":["Prepared","Dagger Throw"],"picked":"Concentrate","floor":8},{"not_picked":["Backflip","Flying Knee"],"picked":"Catalyst","floor":10},{"not_picked":["Quick Slash","Bane"],"picked":"Backstab","floor":12},{"not_picked":["Acrobatics","Accuracy"],"picked":"Envenom","floor":15},{"not_picked":["Adrenaline","Envenom"],"picked":"After Image","floor":16},{"not_picked":["Dodge and Roll","Backflip"],"picked":"Bouncing Flask","floor":17},{"not_picked":["Dodge and Roll","Eviscerate"],"picked":"Riddle With Holes","floor":17},{"not_picked":["Underhanded Strike","Quick Slash"],"picked":"Dagger Spray","floor":17},{"not_picked":["Distraction","Blade Dance"],"picked":"Flechettes","floor":17},{"not_picked":["Setup","Blade Dance"],"picked":"Backstab","floor":17},{"not_picked":["PiercingWail","Terror"],"picked":"Night Terror","floor":18},{"not_picked":["Cloak And Dagger","Blade Dance"],"picked":"Outmaneuver+1","floor":23},{"not_picked":["Tactician","Flying Knee"],"picked":"Bane+1","floor":24},{"not_picked":["Deflect","Masterful Stab"],"picked":"Bouncing Flask","floor":25},{"not_picked":["Bane","Poisoned Stab+1"],"picked":"Endless Agony+1","floor":27},{"not_picked":["Underhanded Strike+1","Noxious Fumes"],"picked":"Quick Slash","floor":29}],"player_experience":165974,"relics_obtained":[{"floor":9,"key":"Ninja Scroll"},{"floor":21,"key":"Anchor"},{"floor":24,"key":"Letter Opener"},{"floor":26,"key":"MawBank"}],"event_choices":[{"damage_healed":0,"gold_gain":0,"cards_transformed":["Defend_G"],"player_choice":"Transformed","damage_taken":0,"max_hp_gain":0,"max_hp_loss":0,"event_name":"Transmorgrifier","floor":2,"gold_loss":0,"cards_obtained":["Eviscerate"]},{"damage_healed":0,"gold_gain":0,"player_choice":"1 cards matched","damage_taken":0,"max_hp_gain":0,"max_hp_loss":0,"event_name":"Match and Keep!","floor":5,"gold_loss":0,"cards_obtained":["Good Instincts"]},{"cards_removed":["Eviscerate"],"damage_healed":0,"gold_gain":0,"player_choice":"Card Removal","damage_taken":0,"max_hp_gain":0,"max_hp_loss":0,"event_name":"The Cleric","floor":13,"gold_loss":50},{"damage_healed":0,"gold_gain":0,"player_choice":"Success","damage_taken":18,"relics_obtained":["Dream Catcher"],"max_hp_gain":0,"max_hp_loss":0,"event_name":"Scrap Ooze","floor":14,"gold_loss":0},{"damage_healed":0,"gold_gain":0,"player_choice":"3 cards matched","damage_taken":0,"max_hp_gain":0,"max_hp_loss":0,"event_name":"Match and Keep!","floor":19,"gold_loss":0,"cards_obtained":["Deadly Poison","Neutralize","Jack Of All Trades"]},{"damage_healed":0,"gold_gain":0,"player_choice":"3 cards matched","damage_taken":0,"max_hp_gain":0,"max_hp_loss":0,"event_name":"Match and Keep!","floor":19,"gold_loss":0,"cards_obtained":["Deadly Poison","Neutralize","Jack Of All Trades"]}],"is_beta":false,"boss_relics":[{"not_picked":["Empty Cage","Fusion Hammer"],"picked":"Orrery"}],"items_purged_floors":[],"is_endless":false,"potions_floor_spawned":[4,10,12,18,24],"killed_by":"Centurion and Healer","ascension_level":0}