{"gold_per_floor":[368,382,74,84,84,119,131,131,131,131,165,165,177,77,77,148,148,166,166,166,41,56,56],"floor_reached":23,"playtime":1457,"items_purged":["Strike_R","Strike_R","Strike_R"],"score":328,"play_id":"26f330c2-76b8-4611-a0c1-ee59bc1ebcf3","local_time":"20181027164635","is_ascension_mode":true,"campfire_choices":[{"data":"Barricade","floor":8.0,"key":"SMITH"},{"data":"Whirlwind","floor":10.0,"key":"SMITH"},{"data":"Anger","floor":15.0,"key":"SMITH"}],"neow_cost":"TEN_PERCENT_HP_LOSS","seed_source_timestamp":1498949100382677,"circlet_count":0,"master_deck":["Strike_R","Strike_R","Defend_R+1","Defend_R","Defend_R+1","Defend_R","Bash","AscendersBane","Iron Wave","Anger+1","Whirlwind+1","Iron Wave","Barricade+1","Iron Wave","Shockwave","Offering","Body Slam"],"special_seed":0,"relics":["Burning Blood","Bag of Marbles","Ancient Tea Set","War Paint","Pantograph","Black Star","Enchiridion"],"potions_floor_usage":[16,22],"damage_taken":[{"damage":6.0,"enemies":"Cultist","floor":1.0,"turns":3.0},{"damage":14.0,"enemies":"2 Louse","floor":2.0,"turns":3.0},{"damage":7.0,"enemies":"Small Slimes","floor":4.0,"turns":2.0},{"damage":25.0,"enemies":"3 Sentries","floor":6.0,"turns":9.0},{"damage":17.0,"enemies":"Exordium Thugs","floor":7.0,"turns":5.0},{"damage":10.0,"enemies":"Gremlin Nob","floor":11.0,"turns":3.0},{"damage":4.0,"enemies":"Red Slaver","floor":13.0,"turns":5.0},{"damage":27,"enemies":"The Guardian","floor":16,"turns":8},{"damage":23,"enemies":"2 Thieves","floor":18,"turns":4},{"damage":12,"enemies":"Shell Parasite","floor":22,"turns":6},{"damage":45,"enemies":"Gremlin Leader","floor":23,"turns":4}],"seed_played":"4819760159388406583","potions_obtained":[{"floor":6.0,"key":"EntropicBrew"},{"floor":7.0,"key":"BloodPotion"},{"floor":13.0,"key":"Strength Potion"},{"floor":16,"key":"PowerPotion"},{"floor":18,"key":"Ancient Potion"}],"is_trial":false,"path_per_floor":["M","M","$","M","$","E","M","R","T","R","E","?","M","$","R","B",null,"M","?","?","$","M"],"character_chosen":"IRONCLAD","items_purchased":["Whirlwind","Bag of Marbles"],"campfire_rested":0,"item_purchase_floors":[3,3],"current_hp_per_floor":[72,64,64,63,63,44,33,33,33,33,29,34,36,36,36,40,68,51,51,35,35,36,0],"gold":56,"neow_bonus":"TWO_FIFTY_GOLD","is_prod":false,"is_daily":false,"chose_seed":false,"campfire_upgraded":3,"win_rate":0,"timestamp":1540651595,"path_taken":["M","M","$","M","$","E","M","R","T","R","E","?","?","?","R","BOSS","M","?","?","?","M","E"],"build_version":"2018-10-25v2","purchased_purges":3,"victory":false,"max_hp_per_floor":[72,72,72,72,72,72,72,72,72,72,72,77,77,77,77,77,77,77,77,77,77,77,77],"card_choices":[{"not_picked":["Perfected Strike","Shockwave"],"picked":"Iron Wave","floor":1.0},{"not_picked":["Twin Strike","Clothesline"],"picked":"Anger","floor":2.0},{"not_picked":["Cleave","Evolve"],"picked":"Iron Wave","floor":4.0},{"not_picked":["Pummel","Headbutt"],"picked":"Barricade","floor":6.0},{"not_picked":["Bloodletting","Clothesline","Warcry"],"picked":"SKIP","floor":7.0},{"not_picked":["Cleave","Pommel Strike"],"picked":"Iron Wave","floor":11.0},{"not_picked":["Heavy Blade","Clash"],"picked":"Shockwave","floor":13.0},{"not_picked":["Exhume","Fiend Fire"],"picked":"Offering","floor":16},{"not_picked":["Clothesline+1","Iron Wave","Bloodletting"],"picked":"SKIP","floor":18},{"not_picked":["Iron Wave","Twin Strike","Evolve+1"],"picked":"SKIP","floor":22}],"player_experience":410919,"relics_obtained":[{"floor":6.0,"key":"Ancient Tea Set"},{"floor":9.0,"key":"War Paint"},{"floor":11.0,"key":"Pantograph"},{"floor":20,"key":"Enchiridion"}],"event_choices":[{"damage_healed":0.0,"max_hp_gain":5.0,"max_hp_loss":0.0,"gold_gain":0.0,"event_name":"Big Fish","player_choice":"Donut","floor":12.0,"gold_loss":0.0,"damage_taken":0.0},{"damage_healed":0,"gold_gain":0,"player_choice":"Read","damage_taken":0,"max_hp_gain":0,"max_hp_loss":0,"event_name":"The Library","floor":19,"gold_loss":0,"cards_obtained":["Body Slam"]},{"damage_healed":0,"gold_gain":0,"player_choice":"Obtained Book","damage_taken":16,"max_hp_gain":0,"max_hp_loss":0,"event_name":"Cursed Tome","floor":20,"gold_loss":0}],"is_beta":true,"boss_relics":[{"not_picked":["Pandora\u0027s Box","Runic Pyramid"],"picked":"Black Star"}],"items_purged_floors":[3,14,21],"is_endless":false,"potions_floor_spawned":[6,7,13,16,18],"killed_by":"Gremlin Leader","ascension_level":13}