{"gold_per_floor":[116,134,149,249,174,208,208,12,12,12,59,87,104,132,132,229,229,240,140,160,174,273,273,299,112,135,135,168,368,368,379,379,379],"floor_reached":33,"playtime":2076,"items_purged":["Strike_R","Strike_R"],"score":386,"play_id":"7df75cd2-252f-4bcd-96f5-d2ab7bb0fd49","local_time":"20190128214431","is_ascension_mode":true,"campfire_choices":[{"data":"Whirlwind","floor":7,"key":"SMITH"},{"floor":10,"key":"REST"},{"data":"Shockwave","floor":15,"key":"SMITH"},{"floor":23,"key":"REST"},{"floor":27,"key":"REST"},{"data":"Shrug It Off","floor":30,"key":"SMITH"},{"data":"Metallicize","floor":32,"key":"SMITH"}],"neow_cost":"NONE","seed_source_timestamp":43814853417300,"circlet_count":0,"master_deck":["Strike_R","Strike_R","Strike_R","Defend_R","Defend_R","Defend_R","Defend_R","Bash","Whirlwind+1","Pummel","Reaper+1","Shrug It Off+1","Shockwave+1","Feed+1","Body Slam+1","Inflame+1","Metallicize+1"],"relics":["Burning Blood","Self Forming Clay","TheAbacus","Molten Egg 2","Pen Nib","Pantograph","Bag of Preparation","Black Star","MawBank","WingedGreaves","Sling","Potion Belt","Orichalcum","Thread and Needle"],"potions_floor_usage":[13,14,16,28,33,33,33,33],"damage_taken":[{"damage":1,"enemies":"Cultist","floor":1,"turns":3},{"damage":7,"enemies":"Small Slimes","floor":2,"turns":3},{"damage":6,"enemies":"Jaw Worm","floor":3,"turns":5},{"damage":54,"enemies":"Gremlin Nob","floor":6,"turns":5},{"damage":27,"enemies":"3 Sentries","floor":12,"turns":8},{"damage":6,"enemies":"Gremlin Gang","floor":13,"turns":2},{"damage":16,"enemies":"Gremlin Nob","floor":14,"turns":4},{"damage":62,"enemies":"Slime Boss","floor":16,"turns":11},{"damage":0,"enemies":"3 Byrds","floor":18,"turns":3},{"damage":14,"enemies":"Shell Parasite","floor":20,"turns":9},{"damage":52,"enemies":"Snake Plant","floor":21,"turns":8},{"damage":76,"enemies":"Gremlin Leader","floor":24,"turns":8},{"damage":28,"enemies":"Book of Stabbing","floor":28,"turns":6},{"damage":3,"enemies":"Snecko","floor":31,"turns":4},{"damage":125,"enemies":"Collector","floor":33,"turns":17}],"seed_played":"-7415112014133774073","potions_obtained":[{"floor":1,"key":"Energy Potion"},{"floor":3,"key":"GamblersBrew"},{"floor":12,"key":"Regen Potion"},{"floor":13,"key":"Regen Potion"},{"floor":20,"key":"Strength Potion"},{"floor":24,"key":"Regen Potion"},{"floor":28,"key":"SkillPotion"},{"floor":31,"key":"Fruit Juice"}],"is_trial":false,"path_per_floor":["M","M","M","?","$","E","R","$","T","R","T","E","M","E","R","B",null,"M","$","M","M","?","R","E","$","T","R","E","?","R","M","R","B"],"character_chosen":"IRONCLAD","items_purchased":["TheAbacus","Sling"],"campfire_rested":3,"item_purchase_floors":[8,25],"current_hp_per_floor":[88,87,87,87,87,39,39,39,39,65,65,44,64,71,71,42,88,92,92,84,43,43,70,15,15,15,42,50,50,50,65,65,0],"gold":379,"neow_bonus":"TEN_PERCENT_HP_BONUS","is_prod":false,"is_daily":false,"chose_seed":false,"campfire_upgraded":4,"win_rate":0,"timestamp":1548683071,"path_taken":["M","M","?","?","?","E","R","$","T","R","?","E","M","E","R","BOSS","M","$","?","M","?","R","E","$","T","R","E","?","R","?","R","BOSS"],"build_version":"2019-01-23","purchased_purges":2,"victory":false,"max_hp_per_floor":[88,88,88,88,88,88,88,88,88,88,88,88,88,88,88,88,88,92,92,92,92,92,92,92,92,92,92,92,92,92,92,92,97],"card_choices":[{"not_picked":["Combust","Battle Trance"],"picked":"Whirlwind","floor":1},{"not_picked":["Cleave","Anger","Second Wind"],"picked":"SKIP","floor":2},{"not_picked":["Headbutt","Bloodletting","Clash"],"picked":"SKIP","floor":3},{"not_picked":["Second Wind","Clash"],"picked":"Pummel","floor":6},{"not_picked":["Rupture","Rampage+1"],"picked":"Reaper+1","floor":12},{"not_picked":["Clash+1","Sword Boomerang+1"],"picked":"Shrug It Off","floor":13},{"not_picked":["Whirlwind+1","Twin Strike+1"],"picked":"Shockwave","floor":14},{"not_picked":["Bludgeon+1","Exhume"],"picked":"Feed+1","floor":16},{"not_picked":["Cleave+1","Headbutt+1","Anger+1"],"picked":"SKIP","floor":18},{"not_picked":["Anger+1","Rupture+1","Infernal Blade"],"picked":"SKIP","floor":20},{"not_picked":["Feed+1","Second Wind"],"picked":"Body Slam+1","floor":21},{"not_picked":["True Grit","Infernal Blade"],"picked":"Inflame+1","floor":24},{"not_picked":["Warcry","Pommel Strike+1"],"picked":"Metallicize","floor":28},{"not_picked":["Anger+1","Pommel Strike+1","Perfected Strike+1"],"picked":"SKIP","floor":31}],"player_experience":181763,"relics_obtained":[{"floor":6,"key":"Self Forming Clay"},{"floor":9,"key":"Molten Egg 2"},{"floor":11,"key":"Pen Nib"},{"floor":12,"key":"Pantograph"},{"floor":14,"key":"Bag of Preparation"},{"floor":24,"key":"MawBank"},{"floor":24,"key":"WingedGreaves"},{"floor":26,"key":"Potion Belt"},{"floor":28,"key":"Orichalcum"},{"floor":28,"key":"Thread and Needle"}],"event_choices":[{"damage_healed":0,"gold_gain":100,"player_choice":"Pray","damage_taken":0,"max_hp_gain":0,"max_hp_loss":0,"event_name":"Golden Shrine","floor":4,"gold_loss":0},{"damage_healed":0,"gold_gain":99,"player_choice":"Stole From Cult","damage_taken":0,"max_hp_gain":0,"max_hp_loss":0,"event_name":"Nest","floor":22,"gold_loss":0},{"damage_healed":0,"gold_gain":200,"player_choice":"Gold","damage_taken":0,"max_hp_gain":0,"max_hp_loss":0,"event_name":"Wheel of Change","floor":29,"gold_loss":0}],"is_beta":false,"boss_relics":[{"not_picked":["Ectoplasm","Mark of Pain"],"picked":"Black Star"}],"items_purged_floors":[5,19],"is_endless":false,"potions_floor_spawned":[1,3,12,13,20,24,28,31],"killed_by":"Collector","ascension_level":4}