{"gold_per_floor":[110,120,132,151,170,170,205,217,229,241],"floor_reached":10,"playtime":490,"items_purged":[],"score":81,"play_id":"ca212bc4-1357-4e1b-bbdc-a94d6dd2f046","local_time":"20190201012708","is_ascension_mode":true,"campfire_choices":[{"data":"Searing Blow","floor":6,"key":"SMITH"},{"floor":8,"key":"REST"}],"neow_cost":"CURSE","seed_source_timestamp":1451583847832100,"circlet_count":0,"master_deck":["Strike_R","Strike_R","Strike_R+1","Strike_R","Strike_R","Defend_R","Defend_R","Defend_R","Defend_R","Bash+1","Normality","Limit Break","Searing Blow+1","Dual Wield","Seeing Red","Rage","Clash","Ghostly Armor"],"relics":["Burning Blood","MawBank","Whetstone"],"potions_floor_usage":[4,7],"damage_taken":[{"damage":15,"enemies":"2 Louse","floor":1,"turns":4},{"damage":13,"enemies":"Jaw Worm","floor":2,"turns":4},{"damage":10,"enemies":"Cultist","floor":3,"turns":4},{"damage":23,"enemies":"Large Slime","floor":4,"turns":7},{"damage":13,"enemies":"2 Fungi Beasts","floor":5,"turns":5},{"damage":33,"enemies":"Gremlin Nob","floor":7,"turns":5},{"damage":48,"enemies":"Lagavulin","floor":10,"turns":5}],"seed_played":"-9043756283826317503","potions_obtained":[{"floor":2,"key":"SpeedPotion"},{"floor":3,"key":"SpeedPotion"},{"floor":5,"key":"FearPotion"},{"floor":7,"key":"Explosive Potion"}],"is_trial":false,"path_per_floor":["M","M","M","M","M","R","E","R","T","E"],"character_chosen":"IRONCLAD","items_purchased":[],"campfire_rested":1,"item_purchase_floors":[],"current_hp_per_floor":[71,64,60,43,36,36,9,33,33,0],"gold":241,"neow_bonus":"THREE_RARE_CARDS","is_prod":false,"is_daily":false,"chose_seed":false,"campfire_upgraded":1,"win_rate":0,"timestamp":1549002428,"path_taken":["M","M","M","M","M","R","E","R","T","E"],"build_version":"2019-01-23","purchased_purges":0,"victory":false,"max_hp_per_floor":[80,80,80,80,80,80,80,80,80,80],"card_choices":[{"not_picked":["Fiend Fire","Brutality"],"picked":"Limit Break","floor":0},{"not_picked":["Armaments","Intimidate"],"picked":"Searing Blow","floor":1},{"not_picked":["Iron Wave","Evolve"],"picked":"Dual Wield","floor":2},{"not_picked":["Thunderclap","Iron Wave"],"picked":"Seeing Red","floor":3},{"not_picked":["Carnage","Second Wind"],"picked":"Rage","floor":4},{"not_picked":["Evolve","Havoc"],"picked":"Clash","floor":5},{"not_picked":["Clothesline","Inflame"],"picked":"Ghostly Armor","floor":7}],"player_experience":172850,"relics_obtained":[{"floor":7,"key":"MawBank"},{"floor":9,"key":"Whetstone"}],"event_choices":[],"is_beta":false,"boss_relics":[],"items_purged_floors":[],"is_endless":false,"potions_floor_spawned":[2,3,5,7],"killed_by":"Lagavulin","ascension_level":3}