{"gold_per_floor":[117,117,192,192,209,242,262,262,308,308,43,43,77,91,91,191,191,203,218,218,228,243,243,272,304,316,14,14,14,48,62,62,160,160,177,177,187,199,215,215,242,242,242,242,262,282,83,99,99,99,99,99,23,58,58],"floor_reached":56,"playtime":4283,"items_purged":["Strike_G","Doubt"],"score":1382,"play_id":"de66b271-b6c4-47b0-bc10-71f8eeceb406","local_time":"20190205002944","is_ascension_mode":true,"campfire_choices":[{"data":"Caltrops","floor":8.0,"key":"SMITH"},{"data":"Terror","floor":10.0,"key":"SMITH"},{"data":"Caltrops","floor":15.0,"key":"SMITH"},{"data":"After Image","floor":23.0,"key":"SMITH"},{"data":"Caltrops","floor":29.0,"key":"SMITH"},{"floor":32.0,"key":"REST"},{"data":"Blur","floor":40.0,"key":"SMITH"},{"data":"Venomology","floor":42.0,"key":"SMITH"},{"floor":49.0,"key":"RECALL"},{"data":"Footwork","floor":52.0,"key":"SMITH"}],"neow_cost":"NONE","seed_source_timestamp":1789430412791800,"circlet_count":0,"master_deck":["Defend_G+1","Defend_G","Defend_G","Defend_G","Defend_G+1","Survivor","Neutralize+1","Dagger Throw","Setup","Terror+1","Caltrops+1","Blur+1","Caltrops+1","After Image+1","Caltrops+1","Leg Sweep+1","Dodge and Roll+1","Dash+1","Dagger Throw","Backflip","PiercingWail","Blur","Venomology+1","Crippling Poison+1","Envenom+1","Terror+1","Well Laid Plans","Noxious Fumes","Choke+1","Backstab+1","Expertise","Blade Dance+1","Footwork+1","Backflip","Dash+1"],"special_seed":0,"relics":["Ring of the Snake","NeowsBlessing","Orichalcum","Pen Nib","Oddly Smooth Stone","Gremlin Horn","Cursed Key","War Paint","MawBank","Calipers","Anchor","Astrolabe","PreservedInsect","Boot"],"potions_floor_usage":[55,55,55],"damage_taken":[{"damage":0.0,"enemies":"Small Slimes","floor":1.0,"turns":1.0},{"damage":0.0,"enemies":"Jaw Worm","floor":5.0,"turns":1.0},{"damage":0.0,"enemies":"Lagavulin","floor":6.0,"turns":1.0},{"damage":0.0,"enemies":"Cultist","floor":7.0,"turns":3.0},{"damage":0.0,"enemies":"Gremlin Nob","floor":13.0,"turns":5.0},{"damage":0.0,"enemies":"Exordium Thugs","floor":14.0,"turns":6.0},{"damage":18.0,"enemies":"The Guardian","floor":16.0,"turns":11.0},{"damage":0.0,"enemies":"3 Byrds","floor":18.0,"turns":4.0},{"damage":17.0,"enemies":"2 Thieves","floor":19.0,"turns":5.0},{"damage":0.0,"enemies":"Snake Plant","floor":21.0,"turns":3.0},{"damage":1.0,"enemies":"Shelled Parasite and Fungi","floor":22.0,"turns":5.0},{"damage":0.0,"enemies":"Slavers","floor":24.0,"turns":6.0},{"damage":0.0,"enemies":"Snecko","floor":25.0,"turns":4.0},{"damage":14.0,"enemies":"Gremlin Leader","floor":30.0,"turns":7.0},{"damage":0.0,"enemies":"Snake Plant","floor":31.0,"turns":4.0},{"damage":0.0,"enemies":"Champ","floor":33.0,"turns":26.0},{"damage":6.0,"enemies":"Orb Walker","floor":35.0,"turns":4.0},{"damage":0.0,"enemies":"3 Shapes","floor":37.0,"turns":7.0},{"damage":0.0,"enemies":"Maw","floor":38.0,"turns":8.0},{"damage":6.0,"enemies":"Transient","floor":39.0,"turns":5.0},{"damage":0.0,"enemies":"Nemesis","floor":41.0,"turns":11.0},{"damage":0.0,"enemies":"4 Shapes","floor":45.0,"turns":7.0},{"damage":0.0,"enemies":"Writhing Mass","floor":46.0,"turns":6.0},{"damage":0.0,"enemies":"Sphere and 2 Shapes","floor":48.0,"turns":6.0},{"damage":1.0,"enemies":"Awakened One","floor":50.0,"turns":17.0},{"damage":25.0,"enemies":"Shield and Spear","floor":54.0,"turns":8.0},{"damage":32,"enemies":"The Heart","floor":55,"turns":11}],"seed_played":"2058792670051415122","potions_obtained":[{"floor":5.0,"key":"FearPotion"},{"floor":7.0,"key":"Block Potion"},{"floor":16.0,"key":"Energy Potion"},{"floor":19.0,"key":"PowerPotion"},{"floor":21.0,"key":"AttackPotion"},{"floor":22.0,"key":"GhostInAJar"},{"floor":33.0,"key":"Dexterity Potion"},{"floor":35.0,"key":"Energy Potion"},{"floor":38.0,"key":"Block Potion"},{"floor":41.0,"key":"GhostInAJar"},{"floor":45.0,"key":"Energy Potion"},{"floor":48.0,"key":"Regen Potion"}],"is_trial":false,"path_per_floor":["M","?","?","?","M","E","M","R","T","R","$","?","E","M","R","B",null,"M","M","?","M","M","R","E","M","T","$","$","R","E","M","R","B",null,"M","?","M","M","M","R","E","R","T","?","M","M","$","M","R","B",null,"R","$","E","B",null],"character_chosen":"THE_SILENT","items_purchased":["Oddly Smooth Stone","Blur","Calipers","Footwork","Backflip","GhostInAJar"],"campfire_rested":1,"item_purchase_floors":[11,11,27,47,47,53],"current_hp_per_floor":[70,56,45,45,45,45,45,45,45,45,45,68,68,68,68,50,70,70,53,53,53,52,52,52,52,52,52,52,52,38,38,59,59,70,64,64,64,64,58,58,58,58,58,58,58,58,58,58,58,69,70,70,70,45,13],"gold":58,"neow_bonus":"THREE_ENEMY_KILL","is_prod":false,"is_daily":false,"chose_seed":false,"campfire_upgraded":8,"win_rate":0,"timestamp":1549344584,"path_taken":["M","?","?","?","M","E","?","R","T","R","$","?","E","M","R","BOSS","M","M","?","M","M","R","E","?","T","?","$","R","E","M","R","BOSS","M","?","M","M","M","R","E","R","T","?","M","M","$","M","R","BOSS","R","$","E","BOSS"],"build_version":"2019-01-23","purchased_purges":2,"victory":true,"max_hp_per_floor":[70,70,70,70,70,70,70,70,70,70,70,70,70,70,70,70,70,70,70,70,70,70,70,70,70,70,70,70,70,70,70,70,70,70,70,70,70,70,70,70,70,70,70,70,70,70,70,70,70,70,70,70,70,70,70],"card_choices":[{"not_picked":["Eviscerate","Poisoned Stab"],"picked":"Dagger Throw","floor":1.0},{"not_picked":["Masterful Stab","Cloak And Dagger"],"picked":"Terror","floor":5.0},{"not_picked":["Flying Knee","Prepared","Escape Plan"],"picked":"SKIP","floor":6.0},{"not_picked":["Prepared","Dagger Spray"],"picked":"Caltrops","floor":7.0},{"not_picked":["Endless Agony","Choke","Setup"],"picked":"SKIP","floor":13.0},{"not_picked":["Dagger Spray","Bane"],"picked":"Caltrops","floor":14.0},{"not_picked":["Envenom","Venomology"],"picked":"After Image","floor":16.0},{"not_picked":["Backflip","Deflect"],"picked":"Caltrops","floor":18.0},{"not_picked":["Infinite Blades","Dagger Throw+1"],"picked":"Leg Sweep","floor":19.0},{"not_picked":["Quick Slash","Cloak And Dagger+1"],"picked":"Dodge and Roll+1","floor":21.0},{"not_picked":["PiercingWail","Quick Slash"],"picked":"Dash+1","floor":22.0},{"not_picked":["Noxious Fumes","Flying Knee"],"picked":"Dagger Throw","floor":24.0},{"not_picked":["Backstab","Outmaneuver+1"],"picked":"Backflip","floor":25.0},{"not_picked":["Quick Slash","Deflect+1"],"picked":"PiercingWail","floor":30.0},{"not_picked":["Distraction","Cloak And Dagger"],"picked":"Blur","floor":31.0},{"not_picked":["Glass Knife","Night Terror"],"picked":"Venomology","floor":33.0},{"not_picked":["Riddle With Holes","Deadly Poison"],"picked":"Well Laid Plans","floor":35.0},{"not_picked":["Slice+1","Setup+1"],"picked":"Noxious Fumes","floor":37.0},{"not_picked":["PiercingWail","All Out Attack"],"picked":"Choke+1","floor":38.0},{"not_picked":["All Out Attack+1","Acrobatics"],"picked":"Backstab+1","floor":39.0},{"not_picked":["Blade Dance","Dagger Throw+1"],"picked":"Expertise","floor":41.0},{"not_picked":["Cloak And Dagger","Outmaneuver+1","Prepared"],"picked":"SKIP","floor":45.0},{"not_picked":["Dagger Spray","Underhanded Strike"],"picked":"Blade Dance+1","floor":46.0},{"not_picked":["Underhanded Strike+1","Outmaneuver+1"],"picked":"Dash+1","floor":48.0},{"not_picked":["Heel Hook+1","Dagger Throw","All Out Attack+1"],"picked":"SKIP","floor":54.0}],"player_experience":220315,"relics_obtained":[{"floor":6.0,"key":"Orichalcum"},{"floor":9.0,"key":"Pen Nib"},{"floor":13.0,"key":"Gremlin Horn"},{"floor":24.0,"key":"MawBank"},{"floor":30.0,"key":"Anchor"},{"floor":41.0,"key":"PreservedInsect"},{"floor":54.0,"key":"Boot"}],"event_choices":[{"damage_healed":0.0,"max_hp_gain":0.0,"max_hp_loss":0.0,"gold_gain":0.0,"event_name":"Shining Light","player_choice":"Entered Light","floor":2.0,"gold_loss":0.0,"damage_taken":14.0,"cards_upgraded":["Neutralize","Defend_G"]},{"damage_healed":0.0,"max_hp_gain":0.0,"max_hp_loss":0.0,"gold_gain":75.0,"event_name":"World of Goop","player_choice":"Gather Gold","floor":3.0,"gold_loss":0.0,"damage_taken":11.0},{"damage_healed":0.0,"max_hp_gain":0.0,"max_hp_loss":0.0,"gold_gain":0.0,"cards_transformed":["Strike_G"],"event_name":"Transmorgrifier","player_choice":"Transformed","floor":4.0,"gold_loss":0.0,"damage_taken":0.0,"cards_obtained":["Setup"]},{"damage_healed":23.0,"max_hp_gain":0.0,"max_hp_loss":0.0,"gold_gain":0.0,"event_name":"Big Fish","player_choice":"Banana","floor":12.0,"gold_loss":0.0,"damage_taken":0.0},{"damage_healed":0.0,"max_hp_gain":0.0,"max_hp_loss":0.0,"gold_gain":0.0,"event_name":"WeMeetAgain","player_choice":"Gave Potion","floor":20.0,"gold_loss":0.0,"damage_taken":0.0,"relics_obtained":["War Paint"]},{"damage_healed":0.0,"max_hp_gain":0.0,"max_hp_loss":0.0,"gold_gain":0.0,"event_name":"Tomb of Lord Red Mask","player_choice":"Ignored","floor":36.0,"gold_loss":0.0,"damage_taken":0.0},{"damage_healed":0.0,"max_hp_gain":0.0,"max_hp_loss":0.0,"gold_gain":0.0,"event_name":"Mysterious Sphere","player_choice":"Ignored","floor":44.0,"gold_loss":0.0,"damage_taken":0.0}],"is_beta":false,"boss_relics":[{"not_picked":["Ring of the Serpent","Runic Dome"],"picked":"Cursed Key"},{"not_picked":["WristBlade","Calling Bell"],"picked":"Astrolabe"}],"items_purged_floors":[11,47],"is_endless":false,"potions_floor_spawned":[5,7,16,19,21,22,33,35,38,41,45,48,54],"ascension_level":1}