{"gold_per_floor":[118,130,130,130,83,112,131,131,158,184,200,219,254,254,254,347,347,370,411,425,448,373,412,412,443,443,483,506,506],"floor_reached":29,"playtime":1730,"items_purged":["Bash"],"score":500,"play_id":"f539a185-454a-4f39-8897-8e180f902a17","local_time":"20181026164951","is_ascension_mode":true,"campfire_choices":[{"data":"Perfected Strike","floor":8.0,"key":"SMITH"},{"floor":15.0,"key":"REST"},{"data":"Armaments","floor":24,"key":"SMITH"}],"neow_cost":"NONE","seed_source_timestamp":0,"circlet_count":0,"master_deck":["Strike_R","Strike_R+1","Strike_R","Strike_R","Strike_R","Defend_R","Defend_R","Defend_R","Defend_R","AscendersBane","Thunderclap","Iron Wave+1","Perfected Strike+1","True Grit","Second Wind","Armaments+1","Battle Trance","Shrug It Off","Headbutt","Dropkick+1","Dropkick","Seeing Red","Impervious"],"special_seed":0,"relics":["Burning Blood","Bag of Preparation","Mercury Hourglass","Lantern","Whetstone","Torii","Golden Idol","Runic Pyramid","Red Mask","Self Forming Clay","Sundial","Vajra","Paper Frog"],"potions_floor_usage":[27,29],"damage_taken":[{"damage":6.0,"enemies":"Cultist","floor":1.0,"turns":4.0},{"damage":9.0,"enemies":"Jaw Worm","floor":2.0,"turns":5.0},{"damage":29.0,"enemies":"Gremlin Nob","floor":6.0,"turns":4.0},{"damage":0.0,"enemies":"2 Louse","floor":7.0,"turns":2.0},{"damage":15.0,"enemies":"3 Sentries","floor":10.0,"turns":6.0},{"damage":9.0,"enemies":"Exordium Thugs","floor":11.0,"turns":4.0},{"damage":2.0,"enemies":"Exordium Wildlife","floor":12.0,"turns":3.0},{"damage":22.0,"enemies":"Lagavulin","floor":13.0,"turns":5.0},{"damage":30.0,"enemies":"Hexaghost","floor":16.0,"turns":9.0},{"damage":1.0,"enemies":"Chosen","floor":18.0,"turns":3.0},{"damage":13.0,"enemies":"Masked Bandits","floor":19.0,"turns":4.0},{"damage":12.0,"enemies":"2 Thieves","floor":20.0,"turns":3.0},{"damage":20.0,"enemies":"3 Cultists","floor":21.0,"turns":5.0},{"damage":17.0,"enemies":"Gremlin Leader","floor":23.0,"turns":7.0},{"damage":9,"enemies":"Slavers","floor":25,"turns":7},{"damage":13,"enemies":"Book of Stabbing","floor":27,"turns":4},{"damage":10,"enemies":"Centurion and Healer","floor":28,"turns":5},{"damage":1,"enemies":"Colosseum Slavers","floor":29,"turns":4},{"damage":25,"enemies":"Colosseum Nobs","floor":29,"turns":2}],"seed_played":"6339574547298160460","potions_obtained":[{"floor":2.0,"key":"SneckoOil"},{"floor":6.0,"key":"SkillPotion"},{"floor":13.0,"key":"SkillPotion"},{"floor":20.0,"key":"LiquidBronze"},{"floor":21.0,"key":"Energy Potion"},{"floor":28,"key":"Poison Potion"}],"is_trial":false,"path_per_floor":["M","M","?","?","$","E","M","R","T","E","M","M","E","?","R","B",null,"M","?","M","M","$","E","R","E","T","E","M"],"character_chosen":"IRONCLAD","items_purchased":["True Grit"],"campfire_rested":1,"item_purchase_floors":[5],"current_hp_per_floor":[72,69,74,67,67,44,50,50,50,41,38,42,26,26,49,25,66,71,64,58,44,44,33,33,30,30,23,19,0],"gold":506,"neow_bonus":"THREE_CARDS","is_prod":false,"is_daily":false,"chose_seed":false,"campfire_upgraded":2,"win_rate":0,"timestamp":1540565391,"path_taken":["M","?","?","?","$","E","M","R","T","E","M","M","E","?","R","BOSS","M","?","?","M","$","E","R","E","T","E","M","?"],"build_version":"2018-10-25v2","purchased_purges":1,"victory":false,"max_hp_per_floor":[80,80,85,85,85,85,85,85,85,85,85,85,85,79,79,79,79,79,79,79,79,79,79,79,79,79,79,79,79],"card_choices":[{"not_picked":["Perfected Strike","True Grit"],"picked":"Thunderclap","floor":0.0},{"not_picked":["Warcry","Hemokinesis"],"picked":"Iron Wave","floor":1.0},{"not_picked":["Heavy Blade","Blood for Blood"],"picked":"Perfected Strike","floor":2.0},{"not_picked":["Inflame","Heavy Blade"],"picked":"Second Wind","floor":6.0},{"not_picked":["Reckless Charge","Pummel","Twin Strike"],"picked":"SKIP","floor":7.0},{"not_picked":["Limit Break","Flex"],"picked":"Armaments","floor":10.0},{"not_picked":["Bloodletting","Armaments"],"picked":"Battle Trance","floor":11.0},{"not_picked":["Power Through","Clothesline"],"picked":"Shrug It Off","floor":12.0},{"not_picked":["Clothesline","Hemokinesis"],"picked":"Headbutt","floor":13.0},{"not_picked":["Wild Strike","Hemokinesis+1","Headbutt"],"picked":"SKIP","floor":18.0},{"not_picked":["Entrench","Body Slam"],"picked":"Dropkick+1","floor":20.0},{"not_picked":["Anger","Havoc","True Grit"],"picked":"SKIP","floor":21.0},{"not_picked":["Body Slam","Inflame"],"picked":"Dropkick","floor":23.0},{"not_picked":["Clothesline","Clash"],"picked":"Seeing Red","floor":25},{"not_picked":["Twin Strike+1","Cleave"],"picked":"Impervious","floor":27},{"not_picked":["Power Through","Thunderclap","Heavy Blade+1"],"picked":"SKIP","floor":28}],"player_experience":405509,"relics_obtained":[{"floor":6.0,"key":"Mercury Hourglass"},{"floor":9.0,"key":"Lantern"},{"floor":10.0,"key":"Whetstone"},{"floor":13.0,"key":"Torii"},{"floor":19.0,"key":"Red Mask"},{"floor":23.0,"key":"Self Forming Clay"},{"floor":25,"key":"Sundial"},{"floor":26,"key":"Vajra"},{"floor":27,"key":"Paper Frog"}],"event_choices":[{"damage_healed":0.0,"max_hp_gain":5.0,"max_hp_loss":0.0,"gold_gain":0.0,"event_name":"Big Fish","player_choice":"Donut","floor":3.0,"gold_loss":0.0,"damage_taken":0.0},{"damage_healed":0.0,"max_hp_gain":0.0,"max_hp_loss":0.0,"gold_gain":0.0,"event_name":"Scrap Ooze","player_choice":"Success","floor":4.0,"gold_loss":0.0,"damage_taken":7.0,"relics_obtained":["Bag of Preparation"]},{"damage_healed":0.0,"max_hp_gain":0.0,"max_hp_loss":6.0,"gold_gain":0.0,"event_name":"Golden Idol","player_choice":"Lose Max HP","floor":14.0,"gold_loss":0.0,"damage_taken":0.0,"relics_obtained":["Golden Idol"]},{"damage_healed":0.0,"max_hp_gain":0.0,"max_hp_loss":0.0,"gold_gain":0.0,"event_name":"Masked Bandits","player_choice":"Fought Bandits","floor":19.0,"gold_loss":0.0,"damage_taken":0.0},{"damage_healed":0,"gold_gain":0,"player_choice":"Fight","damage_taken":0,"max_hp_gain":0,"max_hp_loss":0,"event_name":"Colosseum","floor":29,"gold_loss":0},{"damage_healed":0,"gold_gain":0,"player_choice":"Fought Nobs","damage_taken":0,"max_hp_gain":0,"max_hp_loss":0,"event_name":"Colosseum","floor":29,"gold_loss":0}],"is_beta":true,"boss_relics":[{"not_picked":["Astrolabe","Runic Cube"],"picked":"Runic Pyramid"}],"items_purged_floors":[22],"is_endless":false,"potions_floor_spawned":[2,6,7,13,20,21,28,29],"killed_by":"Colosseum Nobs","ascension_level":13}