{"gold_per_floor":[16,28,48,62,73,73,100,48,48,81,95,95,95,42,42,142,142,152,169,169,169,180,212,227,227,252,252,333,333,352,352,352,449,449,465,445,465,481,406,406,406,406,433,433,444,444,458,483,495,507],"floor_reached":50,"playtime":3887,"items_purged":["Normality"],"score":527,"play_id":"84cbf265-00a9-4749-947b-15fa011c0cee","local_time":"20190201052444","is_ascension_mode":true,"campfire_choices":[{"data":"Footwork","floor":6,"key":"SMITH"},{"data":"Accuracy","floor":13,"key":"SMITH"},{"floor":15,"key":"REST"},{"data":"Blade Dance","floor":25,"key":"SMITH"},{"data":"Blade Dance","floor":27,"key":"SMITH"},{"data":"Finisher","floor":32,"key":"SMITH"},{"floor":40,"key":"REST"},{"floor":42,"key":"REST"},{"data":"Envenom","floor":44,"key":"SMITH"},{"floor":46,"key":"REST"},{"floor":49,"key":"REST"}],"neow_cost":"NO_GOLD","seed_source_timestamp":1462440505658100,"circlet_count":0,"master_deck":["Defend_G","Defend_G","Defend_G","Defend_G","Strike_G","Strike_G","Strike_G","Survivor","Neutralize","Dagger Spray","Footwork+1","Accuracy+1","Deflect","Infinite Blades","Backstab","Backflip","Backflip","Dagger Throw","Blade Dance+1","Tools of the Trade","Decay","Blade Dance+1","Shame","Finisher+1","Envenom+1","Dagger Throw+1","Shame"],"relics":["Ring of the Snake","Pen Nib","Incense Burner","Tough Bandages","Cursed Key","Enchiridion","Pear","Bag of Marbles","Kunai","Black Star","Pantograph","MawBank"],"potions_floor_usage":[16,23,30,35,37,45,50,50],"damage_taken":[{"damage":0,"enemies":"Cultist","floor":1,"turns":5},{"damage":0,"enemies":"2 Louse","floor":2,"turns":3},{"damage":0,"enemies":"Jaw Worm","floor":3,"turns":4},{"damage":3,"enemies":"Large Slime","floor":4,"turns":10},{"damage":9,"enemies":"Blue Slaver","floor":5,"turns":7},{"damage":7,"enemies":"Lagavulin","floor":7,"turns":9},{"damage":3,"enemies":"3 Sentries","floor":10,"turns":6},{"damage":5,"enemies":"2 Fungi Beasts","floor":11,"turns":4},{"damage":15,"enemies":"Slime Boss","floor":16,"turns":6},{"damage":0,"enemies":"Spheric Guardian","floor":18,"turns":4},{"damage":0,"enemies":"3 Byrds","floor":19,"turns":5},{"damage":0,"enemies":"3 Cultists","floor":22,"turns":6},{"damage":3,"enemies":"Gremlin Leader","floor":23,"turns":5},{"damage":0,"enemies":"Chosen and Byrds","floor":24,"turns":6},{"damage":0,"enemies":"Cultist and Chosen","floor":30,"turns":3},{"damage":11,"enemies":"Champ","floor":33,"turns":10},{"damage":0,"enemies":"Orb Walker","floor":35,"turns":5},{"damage":66,"enemies":"3 Shapes","floor":37,"turns":4},{"damage":10,"enemies":"Writhing Mass","floor":38,"turns":8},{"damage":4,"enemies":"Sphere and 2 Shapes","floor":45,"turns":4},{"damage":6,"enemies":"Jaw Worm Horde","floor":47,"turns":3},{"damage":55,"enemies":"Nemesis","floor":48,"turns":7},{"damage":66,"enemies":"Time Eater","floor":50,"turns":13}],"seed_played":"1850368754933512491","potions_obtained":[{"floor":4,"key":"Ancient Potion"},{"floor":11,"key":"Block Potion"},{"floor":16,"key":"Fire Potion"},{"floor":22,"key":"GamblersBrew"},{"floor":30,"key":"Block Potion"},{"floor":33,"key":"Fire Potion"},{"floor":36,"key":"SpeedPotion"},{"floor":38,"key":"AttackPotion"}],"is_trial":false,"path_per_floor":["M","M","M","M","M","R","E","$","T","E","M","?","R","$","R","B",null,"M","M","?","?","M","E","M","R","T","R","T","?","M","?","R","B",null,"M","?","M","M","$","R","?","R","T","R","M","R","M","E","R","B"],"character_chosen":"THE_SILENT","items_purchased":["Backflip","Blade Dance"],"campfire_rested":5,"item_purchase_floors":[8,14],"current_hp_per_floor":[70,70,70,67,58,58,51,51,51,48,43,36,36,36,57,42,70,70,70,54,54,54,61,61,61,61,61,61,61,61,61,61,50,80,80,80,14,4,4,28,28,52,52,52,48,72,66,11,35,0],"gold":507,"neow_bonus":"REMOVE_TWO","is_prod":false,"is_daily":false,"chose_seed":false,"campfire_upgraded":6,"win_rate":0,"timestamp":1549016684,"path_taken":["M","M","M","M","M","R","E","?","T","E","M","?","R","?","R","BOSS","M","M","?","?","M","E","M","R","T","R","?","?","M","?","R","BOSS","M","?","M","?","$","R","?","R","T","R","M","R","M","E","R","BOSS"],"build_version":"2019-01-23","purchased_purges":1,"victory":false,"max_hp_per_floor":[70,70,70,70,70,70,70,70,70,70,70,70,70,70,70,70,70,70,70,70,70,70,80,80,80,80,80,80,80,80,80,80,80,80,80,80,80,80,80,80,80,80,80,80,80,80,80,80,80,80],"card_choices":[{"not_picked":["Deadly Poison","Sucker Punch"],"picked":"Dagger Spray","floor":1},{"not_picked":["Outmaneuver","Infinite Blades"],"picked":"Footwork","floor":2},{"not_picked":["Poisoned Stab","Masterful Stab"],"picked":"Accuracy","floor":3},{"not_picked":["Well Laid Plans","Endless Agony"],"picked":"Deflect","floor":4},{"not_picked":["Dagger Spray","Backflip"],"picked":"Infinite Blades","floor":5},{"not_picked":["Terror","Deadly Poison"],"picked":"Backstab","floor":7},{"not_picked":["Flying Knee","Bane"],"picked":"Backflip","floor":10},{"not_picked":["Underhanded Strike","Quick Slash"],"picked":"Dagger Throw","floor":11},{"not_picked":["Venomology","Grand Finale"],"picked":"Tools of the Trade","floor":16},{"not_picked":["Bane+1","Flying Knee+1","Flechettes"],"picked":"SKIP","floor":18},{"not_picked":["Dodge and Roll","Endless Agony","Bane"],"picked":"SKIP","floor":19},{"not_picked":["Sucker Punch","Terror","Slice"],"picked":"SKIP","floor":22},{"not_picked":["Noxious Fumes","Underhanded Strike","Flying Knee+1"],"picked":"SKIP","floor":23},{"not_picked":["Venomology","Predator+1"],"picked":"Blade Dance","floor":24},{"not_picked":["Deadly Poison+1","Deflect","Tactician"],"picked":"SKIP","floor":30},{"not_picked":["Glass Knife","Unload"],"picked":"Envenom","floor":33},{"not_picked":["Deadly Poison+1","Cloak And Dagger"],"picked":"Dagger Throw+1","floor":35},{"not_picked":["Dagger Throw","Bane+1","Slice+1"],"picked":"SKIP","floor":37},{"not_picked":["Dodge and Roll+1","Dagger Throw+1","Noxious Fumes"],"picked":"SKIP","floor":38},{"not_picked":["Dagger Spray","Concentrate","Deadly Poison+1"],"picked":"SKIP","floor":45},{"not_picked":["Blade Dance","Backflip","Accuracy"],"picked":"SKIP","floor":47},{"not_picked":["Catalyst+1","Acrobatics","Cloak And Dagger"],"picked":"SKIP","floor":48}],"player_experience":183320,"relics_obtained":[{"floor":7,"key":"Pen Nib"},{"floor":9,"key":"Incense Burner"},{"floor":10,"key":"Tough Bandages"},{"floor":20,"key":"Enchiridion"},{"floor":23,"key":"Pear"},{"floor":26,"key":"Bag of Marbles"},{"floor":28,"key":"Kunai"},{"floor":48,"key":"Pantograph"},{"floor":48,"key":"MawBank"}],"event_choices":[{"cards_removed":["Defend_G"],"damage_healed":0,"gold_gain":0,"player_choice":"Card Removal","damage_taken":7,"max_hp_gain":0,"max_hp_loss":0,"event_name":"Golden Wing","floor":12,"gold_loss":0},{"damage_healed":0,"gold_gain":0,"player_choice":"Obtained Book","damage_taken":16,"max_hp_gain":0,"max_hp_loss":0,"event_name":"Cursed Tome","floor":20,"gold_loss":0},{"damage_healed":0,"gold_gain":0,"player_choice":"Smashed Altar","damage_taken":0,"max_hp_gain":0,"max_hp_loss":0,"event_name":"Forgotten Altar","floor":21,"gold_loss":0,"cards_obtained":["Decay"]},{"damage_healed":0,"gold_gain":0,"player_choice":"Read","damage_taken":0,"max_hp_gain":0,"max_hp_loss":0,"event_name":"The Library","floor":29,"gold_loss":0,"cards_obtained":["Finisher"]},{"damage_healed":0,"gold_gain":0,"player_choice":"Ignored","damage_taken":0,"max_hp_gain":0,"max_hp_loss":0,"event_name":"Ghosts","floor":31,"gold_loss":0},{"damage_healed":0,"gold_gain":0,"player_choice":"Bought 1 Potion","damage_taken":0,"max_hp_gain":0,"max_hp_loss":0,"event_name":"The Woman in Blue","floor":36,"gold_loss":0},{"damage_healed":0,"gold_gain":0,"player_choice":"Ignored","damage_taken":0,"max_hp_gain":0,"max_hp_loss":0,"event_name":"Mysterious Sphere","floor":41,"gold_loss":0}],"is_beta":false,"boss_relics":[{"not_picked":["Velvet Choker","Coffee Dripper"],"picked":"Cursed Key"},{"not_picked":["Orrery","Lizard Tail"],"picked":"Black Star"}],"items_purged_floors":[39],"is_endless":false,"potions_floor_spawned":[4,11,16,22,30,33,38],"killed_by":"Time Eater","ascension_level":1}