{"gold_per_floor":[111,122,197,214,214,246,246,279,279,279,279,308,323,19,19,118,118,138,151,163,173,189,207,207,39,89,123,139,169,169,169,169,266,266,284,53,53,153,166,198,213,213,213,213,229,247,263,288,288,308],"floor_reached":51,"playtime":4380,"items_purged":["Strike_R"],"score":963,"play_id":"d630f310-265b-4418-a47c-5ac55d3b84c4","local_time":"20190128165219","is_ascension_mode":true,"campfire_choices":[{"floor":7,"key":"REST"},{"data":"Bash","floor":11,"key":"SMITH"},{"data":"Apotheosis","floor":15,"key":"SMITH"},{"data":"Metallicize","floor":30,"key":"SMITH"},{"data":"Jack Of All Trades","floor":32,"key":"SMITH"},{"floor":42,"key":"REST"},{"floor":49,"key":"REST"}],"neow_cost":"NONE","seed_source_timestamp":8745582884698,"circlet_count":0,"master_deck":["Strike_R","Strike_R","Strike_R+1","Defend_R","Defend_R","Defend_R","Defend_R","Bash+1","Trip+1","Shrug It Off+1","Clothesline+1","Battle Trance","Deep Breath","Apotheosis+1","Cleave+1","Carnage+1","Pommel Strike","Thunderclap+1","Jack Of All Trades+1","Iron Wave+1","Metallicize+1","Juggernaut","Dark Shackles","Entrench+1","Flame Barrier+1"],"relics":["Burning Blood","Anchor","Turnip","Self Forming Clay","Ginger","Sozu","MutagenicStrength","Whetstone","Art of War","Pen Nib","Fusion Hammer","Strawberry","Ice Cream","Oddly Smooth Stone","Toxic Egg 2","Paper Frog"],"potions_floor_usage":[6,13,50],"damage_taken":[{"damage":1,"enemies":"Cultist","floor":1,"turns":3},{"damage":4,"enemies":"Small Slimes","floor":2,"turns":3},{"damage":1,"enemies":"Jaw Worm","floor":4,"turns":2},{"damage":22,"enemies":"3 Sentries","floor":6,"turns":9},{"damage":37,"enemies":"Lagavulin","floor":8,"turns":6},{"damage":17,"enemies":"3 Sentries","floor":12,"turns":10},{"damage":0,"enemies":"Lots of Slimes","floor":13,"turns":3},{"damage":8,"enemies":"The Guardian","floor":16,"turns":13},{"damage":4,"enemies":"Shell Parasite","floor":18,"turns":5},{"damage":0,"enemies":"Chosen","floor":19,"turns":3},{"damage":10,"enemies":"Snecko","floor":20,"turns":4},{"damage":8,"enemies":"Shelled Parasite and Fungi","floor":21,"turns":6},{"damage":4,"enemies":"Chosen and Byrds","floor":22,"turns":4},{"damage":3,"enemies":"Centurion and Healer","floor":23,"turns":5},{"damage":11,"enemies":"Slavers","floor":27,"turns":3},{"damage":0,"enemies":"3 Cultists","floor":28,"turns":3},{"damage":11,"enemies":"Book of Stabbing","floor":29,"turns":5},{"damage":42,"enemies":"Automaton","floor":33,"turns":9},{"damage":1,"enemies":"3 Darklings","floor":35,"turns":3},{"damage":13,"enemies":"Mind Bloom Boss Battle","floor":38,"turns":7},{"damage":7,"enemies":"Orb Walker","floor":39,"turns":3},{"damage":29,"enemies":"Reptomancer","floor":40,"turns":6},{"damage":2,"enemies":"Transient","floor":41,"turns":5},{"damage":0,"enemies":"Spire Growth","floor":45,"turns":3},{"damage":0,"enemies":"3 Darklings","floor":46,"turns":3},{"damage":7,"enemies":"Sphere and 2 Shapes","floor":47,"turns":4},{"damage":17,"enemies":"Giant Head","floor":48,"turns":8},{"damage":27,"enemies":"Awakened One","floor":50,"turns":15}],"seed_played":"-6726929136650785090","potions_obtained":[{"floor":2,"key":"FearPotion"},{"floor":4,"key":"Fire Potion"},{"floor":12,"key":"Poison Potion"},{"floor":13,"key":"Dexterity Potion"}],"is_trial":false,"path_per_floor":["M","M","?","M","?","E","R","E","T","?","R","E","M","$","R","B",null,"M","M","M","M","M","M","?","$","T","E","M","E","R","?","R","B",null,"M","$","$","?","M","E","M","R","T","?","M","M","M","E","R","B",null],"character_chosen":"IRONCLAD","items_purchased":["Deep Breath","Apotheosis","Fire Potion","Jack Of All Trades","Dark Shackles","Strawberry"],"campfire_rested":3,"item_purchase_floors":[14,14,14,25,36,36],"current_hp_per_floor":[80,80,69,74,58,42,66,35,35,61,61,50,56,56,56,54,80,80,80,76,74,76,79,79,79,79,74,80,75,75,75,75,39,80,80,87,87,80,79,56,60,86,86,86,87,87,86,75,87,66],"gold":308,"neow_bonus":"RANDOM_COLORLESS","is_prod":false,"is_daily":false,"chose_seed":false,"campfire_upgraded":4,"win_rate":0,"timestamp":1548690739,"path_taken":["M","?","?","M","?","E","R","E","T","?","R","E","M","$","R","BOSS","M","M","M","M","M","M","?","$","T","E","M","E","R","?","R","BOSS","M","?","$","?","M","E","M","R","T","?","?","M","M","E","R","BOSS"],"build_version":"2019-01-23","purchased_purges":1,"victory":true,"max_hp_per_floor":[80,80,80,80,80,80,80,80,80,80,80,80,80,80,80,80,80,80,80,80,80,80,80,80,80,80,80,80,80,80,80,80,80,80,80,87,87,87,87,87,87,87,87,87,87,87,87,87,87,87],"card_choices":[{"not_picked":["Dual Wield","Sword Boomerang"],"picked":"Shrug It Off","floor":1},{"not_picked":["Warcry","Flame Barrier"],"picked":"Clothesline","floor":2},{"not_picked":["Offering","Flex","Havoc"],"picked":"SKIP","floor":4},{"not_picked":["Bloodletting","Searing Blow"],"picked":"Battle Trance","floor":6},{"not_picked":["Limit Break","Sentinel","Power Through"],"picked":"SKIP","floor":8},{"not_picked":["Body Slam","Uppercut","Thunderclap"],"picked":"SKIP","floor":12},{"not_picked":["True Grit","Feel No Pain","Warcry"],"picked":"SKIP","floor":13},{"not_picked":["Twin Strike","Combust"],"picked":"Cleave+1","floor":18},{"not_picked":["Perfected Strike","Pummel"],"picked":"Carnage","floor":19},{"not_picked":["Clothesline","Twin Strike","Exhume"],"picked":"SKIP","floor":20},{"not_picked":["Clothesline","Sever Soul"],"picked":"Pommel Strike","floor":21},{"not_picked":["Wild Strike","Body Slam+1"],"picked":"Thunderclap+1","floor":22},{"not_picked":["Perfected Strike","Pommel Strike","Wild Strike"],"picked":"SKIP","floor":23},{"not_picked":["Thunderclap","Headbutt"],"picked":"Iron Wave+1","floor":27},{"not_picked":["Clothesline","Cleave+1","Combust"],"picked":"SKIP","floor":28},{"not_picked":["Brutality","Infernal Blade+1"],"picked":"Metallicize","floor":29},{"not_picked":["Barricade","Feed"],"picked":"Juggernaut","floor":33},{"not_picked":["Anger","Spot Weakness","Second Wind+1"],"picked":"SKIP","floor":35},{"not_picked":["Warcry","Havoc","True Grit"],"picked":"SKIP","floor":39},{"not_picked":["Flame Barrier+1","Rampage","Limit Break"],"picked":"SKIP","floor":40},{"not_picked":["Feel No Pain","Twin Strike+1"],"picked":"Entrench+1","floor":41},{"not_picked":["Flex+1","Anger","Second Wind+1"],"picked":"SKIP","floor":45},{"not_picked":["Cleave+1","Flex+1","Sword Boomerang"],"picked":"SKIP","floor":46},{"not_picked":["Inflame","Body Slam+1"],"picked":"Flame Barrier+1","floor":47},{"not_picked":["Thunderclap","Bloodletting+1","Iron Wave+1"],"picked":"SKIP","floor":48}],"player_experience":334264,"relics_obtained":[{"floor":6,"key":"Anchor"},{"floor":8,"key":"Turnip"},{"floor":9,"key":"Self Forming Clay"},{"floor":12,"key":"Ginger"},{"floor":26,"key":"Whetstone"},{"floor":27,"key":"Art of War"},{"floor":29,"key":"Pen Nib"},{"floor":38,"key":"Ice Cream"},{"floor":40,"key":"Oddly Smooth Stone"},{"floor":43,"key":"Toxic Egg 2"},{"floor":48,"key":"Paper Frog"}],"event_choices":[{"damage_healed":0,"gold_gain":75,"player_choice":"Gather Gold","damage_taken":11,"max_hp_gain":0,"max_hp_loss":0,"event_name":"World of Goop","floor":3,"gold_loss":0},{"damage_healed":0,"gold_gain":0,"player_choice":"Entered Light","damage_taken":16,"max_hp_gain":0,"max_hp_loss":0,"event_name":"Shining Light","floor":5,"gold_loss":0,"cards_upgraded":["Trip","Clothesline"]},{"damage_healed":26,"gold_gain":0,"player_choice":"Banana","damage_taken":0,"max_hp_gain":0,"max_hp_loss":0,"event_name":"Big Fish","floor":10,"gold_loss":0},{"damage_healed":0,"gold_gain":0,"player_choice":"Inject Mutagens","damage_taken":0,"relics_obtained":["MutagenicStrength"],"max_hp_gain":0,"max_hp_loss":0,"event_name":"Drug Dealer","floor":24,"gold_loss":0},{"damage_healed":0,"gold_gain":0,"player_choice":"Forge","damage_taken":0,"max_hp_gain":0,"max_hp_loss":0,"event_name":"Accursed Blacksmith","floor":31,"gold_loss":0,"cards_upgraded":["Shrug It Off"]},{"damage_healed":0,"gold_gain":0,"player_choice":"Fight","damage_taken":0,"max_hp_gain":0,"max_hp_loss":0,"event_name":"MindBloom","floor":38,"gold_loss":0},{"cards_removed":["Strike_R"],"damage_healed":0,"gold_gain":0,"player_choice":"Purged","damage_taken":0,"max_hp_gain":0,"max_hp_loss":0,"event_name":"Purifier","floor":44,"gold_loss":0}],"is_beta":false,"boss_relics":[{"not_picked":["Black Blood","Cursed Key"],"picked":"Sozu"},{"not_picked":["Pandora\u0027s Box","Snecko Eye"],"picked":"Fusion Hammer"}],"items_purged_floors":[25],"is_endless":false,"potions_floor_spawned":[2,4,12,13,20,21,27,29,33,40,41,48],"ascension_level":4}