{"gold_per_floor":[116,116,134,153,57,82,82,97,97,117,148,163,163,179,179,275,275,293,32,42,42,62,62,73,102,155,155,1,14,14,14,14,109,109,122,142,157,157],"floor_reached":38,"playtime":2265,"items_purged":[],"score":472,"play_id":"5fe47f50-b9ec-4e3b-b25d-e184f1ae6cbc","local_time":"20190203165443","is_ascension_mode":true,"campfire_choices":[{"data":"Steam","floor":7,"key":"SMITH"},{"data":"Go for the Eyes","floor":13,"key":"SMITH"},{"data":"Streamline","floor":15,"key":"SMITH"},{"data":"Scrape","floor":23,"key":"SMITH"},{"data":"Conserve Battery","floor":27,"key":"SMITH"},{"floor":32,"key":"REST"}],"neow_cost":"NONE","seed_source_timestamp":1678262906352300,"circlet_count":0,"master_deck":["Defend_B","Defend_B","Defend_B","Defend_B","Zap","Dualcast","Dramatic Entrance","Gash","FTL","Steam+1","Conserve Battery+1","Streamline+1","Chill","Scrape+1","Go for the Eyes+1","Steam","Turbo","Rebound","White Noise+1","Beam Cell+1","Turbo+1","Self Repair+1","Leap+1","Rainbow","Hello World+1","Turbo+1","Core Surge+1","Rebound+1","Melter+1"],"relics":["Cracked Core","Darkstone Periapt","Thread and Needle","Mango","Kunai","Bottled Lightning","Vajra","Astrolabe"],"potions_floor_usage":[4,11,16,22,22,33,33,37],"damage_taken":[{"damage":0,"enemies":"2 Louse","floor":1,"turns":2},{"damage":0,"enemies":"Cultist","floor":3,"turns":3},{"damage":0,"enemies":"Jaw Worm","floor":4,"turns":1},{"damage":10,"enemies":"Gremlin Nob","floor":6,"turns":4},{"damage":11,"enemies":"Blue Slaver","floor":8,"turns":3},{"damage":6,"enemies":"2 Fungi Beasts","floor":10,"turns":2},{"damage":5,"enemies":"Lagavulin","floor":11,"turns":6},{"damage":2,"enemies":"3 Louse","floor":12,"turns":2},{"damage":0,"enemies":"Lots of Slimes","floor":14,"turns":3},{"damage":37,"enemies":"The Guardian","floor":16,"turns":12},{"damage":3,"enemies":"Shell Parasite","floor":18,"turns":6},{"damage":8,"enemies":"Chosen","floor":20,"turns":4},{"damage":1,"enemies":"Snecko","floor":22,"turns":4},{"damage":12,"enemies":"Shelled Parasite and Fungi","floor":24,"turns":6},{"damage":15,"enemies":"Book of Stabbing","floor":25,"turns":7},{"damage":0,"enemies":"Centurion and Healer","floor":29,"turns":8},{"damage":41,"enemies":"Champ","floor":33,"turns":14},{"damage":11,"enemies":"3 Darklings","floor":35,"turns":5},{"damage":0,"enemies":"3 Shapes","floor":36,"turns":8},{"damage":43,"enemies":"Jaw Worm Horde","floor":37,"turns":5},{"damage":48,"enemies":"Writhing Mass","floor":38,"turns":3}],"seed_played":"5540742540961349531","potions_obtained":[{"floor":3,"key":"Poison Potion"},{"floor":8,"key":"Poison Potion"},{"floor":10,"key":"Swift Potion"},{"floor":16,"key":"Poison Potion"},{"floor":18,"key":"Fire Potion"},{"floor":22,"key":"Swift Potion"},{"floor":25,"key":"Swift Potion"},{"floor":33,"key":"Ancient Potion"},{"floor":36,"key":"Swift Potion"}],"is_trial":false,"path_per_floor":["M","?","M","M","$","E","R","M","T","M","E","M","R","M","R","B",null,"M","$","M","?","M","R","M","E","T","R","$","M","?","?","R","B",null,"M","M","M","M"],"character_chosen":"DEFECT","items_purchased":["Streamline","Chill","Kunai","Vajra"],"campfire_rested":1,"item_purchase_floors":[5,5,19,28],"current_hp_per_floor":[75,75,75,75,75,65,65,54,54,48,57,55,55,55,55,18,89,86,86,78,78,77,77,65,50,50,50,50,60,60,60,86,55,89,78,88,45,0],"gold":157,"neow_bonus":"RANDOM_COLORLESS","is_prod":false,"is_daily":false,"chose_seed":false,"campfire_upgraded":5,"win_rate":0,"timestamp":1549230883,"path_taken":["M","?","M","M","?","E","R","M","T","M","E","M","R","M","R","BOSS","M","$","M","?","M","R","M","E","T","R","$","M","?","?","R","BOSS","M","M","M","M"],"build_version":"2019-01-23","purchased_purges":0,"victory":false,"max_hp_per_floor":[75,75,75,75,75,75,75,75,75,75,89,89,89,89,89,89,89,89,89,89,89,89,89,89,89,89,89,89,89,89,89,89,89,89,89,89,89,89],"card_choices":[{"not_picked":["Darkness","Sweeping Beam"],"picked":"Gash","floor":1},{"not_picked":["Rip and Tear","Streamline"],"picked":"Steam","floor":3},{"not_picked":["Cold Snap","Rebound"],"picked":"Conserve Battery","floor":4},{"not_picked":["Glacier","Sweeping Beam"],"picked":"Scrape","floor":6},{"not_picked":["Heatsinks","Barrage"],"picked":"Go for the Eyes","floor":8},{"not_picked":["Core Surge","Compile Driver"],"picked":"Steam","floor":10},{"not_picked":["Coolheaded","Thunder Strike","Recycle"],"picked":"SKIP","floor":11},{"not_picked":["Force Field","Go for the Eyes"],"picked":"Turbo","floor":12},{"not_picked":["Rip and Tear","Tempest"],"picked":"Rebound","floor":14},{"not_picked":["Compile Driver+1","Blizzard"],"picked":"White Noise+1","floor":18},{"not_picked":["Gash","Leap"],"picked":"Beam Cell+1","floor":20},{"not_picked":["Go for the Eyes+1","Consume"],"picked":"Turbo+1","floor":22},{"not_picked":["Turbo","Rebound","Electrodynamics"],"picked":"SKIP","floor":24},{"not_picked":["Consume","Core Surge"],"picked":"Self Repair+1","floor":25},{"not_picked":["Streamline+1","Stack+1"],"picked":"Leap+1","floor":29},{"not_picked":["Thunder Strike","Biased Cognition"],"picked":"Rainbow","floor":33},{"not_picked":["Chaos","Beam Cell+1"],"picked":"Rebound+1","floor":35},{"not_picked":["Ball Lightning+1","Recycle","Static Discharge+1"],"picked":"SKIP","floor":36},{"not_picked":["Streamline+1","Rebound+1"],"picked":"Melter+1","floor":37}],"player_experience":202595,"relics_obtained":[{"floor":6,"key":"Darkstone Periapt"},{"floor":9,"key":"Thread and Needle"},{"floor":11,"key":"Mango"},{"floor":25,"key":"Bottled Lightning"}],"event_choices":[{"damage_healed":0,"gold_gain":0,"cards_transformed":["Strike_B"],"player_choice":"Transformed","damage_taken":0,"max_hp_gain":0,"max_hp_loss":0,"event_name":"Transmorgrifier","floor":2,"gold_loss":0,"cards_obtained":["FTL"]},{"damage_healed":0,"gold_gain":0,"player_choice":"Ignored","damage_taken":0,"max_hp_gain":0,"max_hp_loss":0,"event_name":"Ghosts","floor":21,"gold_loss":0},{"damage_healed":0,"gold_gain":0,"player_choice":"Ignored","damage_taken":0,"max_hp_gain":0,"max_hp_loss":0,"event_name":"Beggar","floor":30,"gold_loss":0},{"damage_healed":0,"gold_gain":0,"player_choice":"Ignored","damage_taken":0,"max_hp_gain":0,"max_hp_loss":0,"event_name":"Vampires","floor":31,"gold_loss":0}],"is_beta":false,"boss_relics":[{"not_picked":["Ectoplasm","Coffee Dripper","Velvet Choker"]},{"not_picked":["Eternal Feather","Runic Pyramid"],"picked":"Astrolabe"}],"items_purged_floors":[],"is_endless":false,"potions_floor_spawned":[3,8,10,16,18,22,25,33,36],"killed_by":"Writhing Mass","ascension_level":3}