{"gold_per_floor":[110,110,122,142,156,156,188,41,41,75,91,116,132,143,143,239,239,249,249,249,265,265],"floor_reached":22,"playtime":1180,"items_purged":[],"score":239,"play_id":"b184f859-f9c6-4d74-9315-cf81624e8a42","local_time":"20190201225715","is_ascension_mode":true,"campfire_choices":[{"data":"Dualcast","floor":6,"key":"SMITH"},{"floor":15,"key":"REST"}],"neow_cost":"NONE","seed_source_timestamp":1528300450374700,"circlet_count":0,"master_deck":["Strike_B+1","Strike_B","Strike_B","Strike_B+1","Defend_B","Defend_B","Defend_B","Defend_B","Zap","Dualcast+1","Cold Snap","Sweeping Beam","Chaos","Turbo","BootSequence","Beam Cell","Streamline","Genetic Algorithm","Gash","Fission","Rebound","Consume+1"],"relics":["Cracked Core","Whetstone","Anchor","Vajra","Shuriken","Peace Pipe","Inserter"],"potions_floor_usage":[7,7,12,18,22],"damage_taken":[{"damage":7,"enemies":"Jaw Worm","floor":1,"turns":3},{"damage":0,"enemies":"Small Slimes","floor":3,"turns":3},{"damage":0,"enemies":"2 Louse","floor":4,"turns":2},{"damage":7,"enemies":"Red Slaver","floor":5,"turns":3},{"damage":23,"enemies":"Gremlin Nob","floor":7,"turns":4},{"damage":21,"enemies":"3 Sentries","floor":10,"turns":5},{"damage":0,"enemies":"Looter","floor":11,"turns":2},{"damage":11,"enemies":"Gremlin Nob","floor":12,"turns":3},{"damage":12,"enemies":"Exordium Thugs","floor":13,"turns":3},{"damage":0,"enemies":"Red Slaver","floor":14,"turns":2},{"damage":17,"enemies":"Hexaghost","floor":16,"turns":9},{"damage":31,"enemies":"3 Byrds","floor":18,"turns":6},{"damage":7,"enemies":"Colosseum Slavers","floor":19,"turns":5},{"damage":3,"enemies":"Chosen","floor":21,"turns":4},{"damage":38,"enemies":"Shelled Parasite and Fungi","floor":22,"turns":4}],"seed_played":"4821144346224970856","potions_obtained":[{"floor":3,"key":"Strength Potion"},{"floor":4,"key":"Dexterity Potion"},{"floor":5,"key":"SteroidPotion"},{"floor":13,"key":"Energy Potion"},{"floor":18,"key":"Energy Potion"}],"is_trial":false,"path_per_floor":["M","?","M","M","M","R","E","$","T","E","M","E","M","M","R","B",null,"M","?","?","M","M"],"character_chosen":"DEFECT","items_purchased":["Anchor"],"campfire_rested":1,"item_purchase_floors":[8],"current_hp_per_floor":[75,80,80,80,73,73,50,50,50,29,29,18,6,6,32,15,87,56,49,41,38,0],"gold":265,"neow_bonus":"TEN_PERCENT_HP_BONUS","is_prod":false,"is_daily":false,"chose_seed":false,"campfire_upgraded":1,"win_rate":0,"timestamp":1549079835,"path_taken":["M","?","M","M","M","R","E","$","T","E","M","E","M","M","R","BOSS","M","?","?","?","M"],"build_version":"2019-01-23","purchased_purges":0,"victory":false,"max_hp_per_floor":[82,87,87,87,87,87,87,87,87,87,87,87,87,87,87,87,87,87,87,87,87,87],"card_choices":[{"not_picked":["Rip and Tear","Barrage"],"picked":"Cold Snap","floor":1},{"not_picked":["Scrape","Lockon"],"picked":"Sweeping Beam","floor":3},{"not_picked":["Redo","Sweeping Beam"],"picked":"Chaos","floor":4},{"not_picked":["Fusion","Force Field"],"picked":"Turbo","floor":5},{"not_picked":["Cold Snap","Leap"],"picked":"BootSequence","floor":7},{"not_picked":["Stack","Electrodynamics","Tempest"],"picked":"SKIP","floor":10},{"not_picked":["Barrage","Sweeping Beam"],"picked":"Beam Cell","floor":11},{"not_picked":["Sweeping Beam","Beam Cell"],"picked":"Streamline","floor":12},{"not_picked":["Static Discharge","Barrage"],"picked":"Genetic Algorithm","floor":13},{"not_picked":["Turbo","Steam Power"],"picked":"Gash","floor":14},{"not_picked":["Seek","Hyperbeam"],"picked":"Fission","floor":16},{"not_picked":["Redo","BootSequence+1"],"picked":"Rebound","floor":18},{"not_picked":["Barrage","Turbo"],"picked":"Consume+1","floor":21}],"player_experience":197198,"relics_obtained":[{"floor":7,"key":"Whetstone"},{"floor":9,"key":"Vajra"},{"floor":10,"key":"Shuriken"},{"floor":12,"key":"Peace Pipe"}],"event_choices":[{"damage_healed":0,"gold_gain":0,"player_choice":"Donut","damage_taken":0,"max_hp_gain":5,"max_hp_loss":0,"event_name":"Big Fish","floor":2,"gold_loss":0},{"damage_healed":0,"gold_gain":0,"player_choice":"Fight","damage_taken":0,"max_hp_gain":0,"max_hp_loss":0,"event_name":"Colosseum","floor":19,"gold_loss":0},{"damage_healed":0,"gold_gain":0,"player_choice":"Fled From Nobs","damage_taken":0,"max_hp_gain":0,"max_hp_loss":0,"event_name":"Colosseum","floor":19,"gold_loss":0},{"damage_healed":0,"gold_gain":0,"player_choice":"","damage_taken":8,"max_hp_gain":0,"max_hp_loss":0,"event_name":"Knowing Skull","floor":20,"potions_obtained":[],"gold_loss":0,"cards_obtained":[]}],"is_beta":false,"boss_relics":[{"not_picked":["Tiny House","White Beast Statue"],"picked":"Inserter"}],"items_purged_floors":[],"is_endless":false,"potions_floor_spawned":[3,4,5,13,18],"killed_by":"Shelled Parasite and Fungi","ascension_level":3}