{"gold_per_floor":[115,133,36,286,286,316,316,347,371,388,401,401,401,427,427,522,522,534,546,209,226,243,243,257,257,311,39,39,39,59,92,92,92],"floor_reached":33,"playtime":2451,"items_purged":["Writhe"],"score":299,"play_id":"fc93d10f-f14a-49dd-a546-6915a32b96ed","local_time":"20180704011059","is_ascension_mode":true,"campfire_choices":[{"floor":7,"key":"REST"},{"floor":12,"key":"REST"},{"data":"Noxious Fumes","floor":15,"key":"SMITH"},{"data":"Backflip","floor":23,"key":"SMITH"},{"data":"Corpse Explosion","floor":25,"key":"SMITH"},{"data":"Secret Weapon","floor":29,"key":"SMITH"},{"floor":32,"key":"REST"}],"neow_cost":"NONE","seed_source_timestamp":488709743569,"circlet_count":0,"master_deck":["Defend_G","Defend_G","Defend_G+1","Defend_G","Defend_G+1","Strike_G","Strike_G","Strike_G","Strike_G","Strike_G","Survivor","Neutralize","Dodge and Roll","Noxious Fumes+1","Mind Blast","Backflip+1","Deadly Poison","Deadly Poison","Corpse Explosion+1","Bane+1","Bouncing Flask","Blur","Secret Weapon+1"],"relics":["Ring of the Snake","Singing Bowl","Bag of Marbles","War Paint","Ancient Tea Set","Art of War","Cursed Key","Bottled Lightning","Orichalcum","Blood Vial"],"potions_floor_usage":[8,11,14,22,22,33],"damage_taken":[{"damage":1,"enemies":"Jaw Worm","floor":1,"turns":8},{"damage":0,"enemies":"Cultist","floor":2,"turns":4},{"damage":48,"enemies":"Gremlin Nob","floor":6,"turns":6},{"damage":15,"enemies":"Lagavulin","floor":8,"turns":9},{"damage":0,"enemies":"Small Slimes","floor":10,"turns":3},{"damage":8,"enemies":"Exordium Thugs","floor":11,"turns":7},{"damage":19,"enemies":"Gremlin Nob","floor":14,"turns":5},{"damage":26,"enemies":"Hexaghost","floor":16,"turns":8},{"damage":7,"enemies":"Spheric Guardian","floor":18,"turns":4},{"damage":1,"enemies":"3 Byrds","floor":19,"turns":6},{"damage":20,"enemies":"Sentry and Sphere","floor":21,"turns":5},{"damage":0,"enemies":"Snecko","floor":22,"turns":3},{"damage":4,"enemies":"Centurion and Healer","floor":24,"turns":4},{"damage":15,"enemies":"Slaver and Parasite","floor":30,"turns":5},{"damage":16,"enemies":"Slavers","floor":31,"turns":6},{"damage":49,"enemies":"Automaton","floor":33,"turns":6}],"seed_played":"-4940113360478847637","potions_obtained":[{"floor":6,"key":"PowerPotion"},{"floor":8,"key":"SkillPotion"},{"floor":10,"key":"Strength Potion"},{"floor":11,"key":"Fire Potion"},{"floor":18,"key":"Explosive Potion"},{"floor":21,"key":"Fire Potion"},{"floor":22,"key":"GamblersBrew"},{"floor":31,"key":"LiquidBronze"}],"is_trial":false,"path_per_floor":["M","M","$","?","?","E","R","E","T","M","M","R","?","E","R","B",null,"M","M","$","M","M","R","M","R","T","$","?","R","M","E","R"],"character_chosen":"THE_SILENT","items_purchased":["Mind Blast","Bouncing Flask","Bottled Lightning","Secret Weapon"],"campfire_rested":3,"item_purchase_floors":[3,20,20,27],"current_hp_per_floor":[69,69,69,69,62,14,35,22,22,22,16,38,74,55,55,29,74,69,68,68,50,52,52,48,48,48,48,48,48,35,21,46,0],"gold":92,"neow_bonus":"RANDOM_COMMON_RELIC","is_prod":false,"is_daily":false,"chose_seed":false,"campfire_upgraded":4,"win_rate":0,"timestamp":1530659459,"path_taken":["M","M","$","?","?","E","R","E","T","M","M","R","?","E","R","BOSS","M","M","$","M","M","R","M","R","T","$","?","R","M","E","R","BOSS"],"build_version":"2018-06-28","purchased_purges":1,"victory":false,"max_hp_per_floor":[70,70,70,70,70,70,70,72,72,72,74,74,74,74,74,74,74,76,76,76,78,80,80,80,80,80,80,80,80,82,84,84,84],"card_choices":[{"not_picked":["Deflect","Flechettes"],"picked":"Dodge and Roll","floor":1},{"not_picked":["Riddle With Holes","Setup"],"picked":"Noxious Fumes","floor":2},{"not_picked":["Malaise","Acrobatics"],"picked":"Backflip","floor":6},{"not_picked":["Quick Slash","Accuracy","Sucker Punch"],"picked":"Singing Bowl","floor":8},{"not_picked":["Infinite Blades","Poisoned Stab"],"picked":"Deadly Poison","floor":10},{"not_picked":["Distraction","PiercingWail","Setup"],"picked":"Singing Bowl","floor":11},{"not_picked":["Tools of the Trade","Dagger Throw"],"picked":"Deadly Poison","floor":14},{"not_picked":["Venomology","A Thousand Cuts"],"picked":"Corpse Explosion","floor":16},{"not_picked":["Underhanded Strike","Acrobatics","Terror"],"picked":"Singing Bowl","floor":18},{"not_picked":["Masterful Stab","Malaise"],"picked":"Bane+1","floor":19},{"not_picked":["PiercingWail","Terror","Finisher"],"picked":"Singing Bowl","floor":21},{"not_picked":["Outmaneuver","Blade Dance","Well Laid Plans"],"picked":"Singing Bowl","floor":22},{"not_picked":["Poisoned Stab","Deflect"],"picked":"Blur","floor":24},{"not_picked":["Dagger Spray","Cloak And Dagger+1","Underhanded Strike"],"picked":"Singing Bowl","floor":30},{"not_picked":["Reflex","Quick Slash+1","Dagger Throw+1"],"picked":"Singing Bowl","floor":31}],"player_experience":252574,"relics_obtained":[{"floor":6,"key":"Bag of Marbles"},{"floor":8,"key":"War Paint"},{"floor":9,"key":"Ancient Tea Set"},{"floor":14,"key":"Art of War"},{"floor":26,"key":"Orichalcum"},{"floor":31,"key":"Blood Vial"}],"event_choices":[{"event_name":"Golden Shrine","player_choice":"Desecrate","floor":4,"damage_taken":0},{"event_name":"Golden Wing","player_choice":"Card Removal","floor":5,"damage_taken":0},{"event_name":"Wheel of Change","player_choice":"Full Heal","floor":13,"damage_taken":0},{"event_name":"Ghosts","player_choice":"Ignored","floor":28,"damage_taken":0}],"boss_relics":[{"not_picked":["Runic Pyramid","Snecko Eye"],"picked":"Cursed Key"}],"items_purged_floors":[27],"is_endless":false,"potions_floor_spawned":[6,8,10,11,18,21,22,31],"killed_by":"Automaton","ascension_level":1}