{"gold_per_floor":[115,135,151,3,3,23,23,54,54,54,67,142,142,153,153,252,252,263,362,277,288,288],"floor_reached":22,"playtime":785,"items_purged":["Regret"],"score":223,"play_id":"8f8511dc-2378-4e63-9c84-726d8d1329dc","local_time":"20190205062626","is_ascension_mode":true,"campfire_choices":[{"data":"Fission","floor":7,"key":"SMITH"},{"data":"Capacitor","floor":10,"key":"SMITH"},{"floor":13,"key":"REST"},{"floor":15,"key":"REST"}],"neow_cost":"CURSE","seed_source_timestamp":1814846621244300,"circlet_count":0,"master_deck":["Strike_B","Strike_B","Strike_B","Strike_B","Defend_B","Defend_B","Defend_B","Defend_B","Zap","Dualcast","Fission+1","Beam Cell","Gash","Coolheaded","Capacitor+1","Undo","Ball Lightning","Gash","Doom and Gloom","Tempest","Leap","Electrodynamics","Leap","Reinforced Body"],"relics":["Cracked Core","Dream Catcher","The Courier","Sozu","Ginger"],"potions_floor_usage":[18],"damage_taken":[{"damage":2,"enemies":"Small Slimes","floor":1,"turns":3},{"damage":16,"enemies":"Jaw Worm","floor":2,"turns":4},{"damage":7,"enemies":"2 Louse","floor":3,"turns":4},{"damage":0,"enemies":"Large Slime","floor":6,"turns":5},{"damage":19,"enemies":"Gremlin Nob","floor":8,"turns":4},{"damage":14,"enemies":"Blue Slaver","floor":11,"turns":4},{"damage":7,"enemies":"Red Slaver","floor":14,"turns":3},{"damage":17,"enemies":"Hexaghost","floor":16,"turns":9},{"damage":29,"enemies":"Shell Parasite","floor":18,"turns":5},{"damage":27,"enemies":"3 Byrds","floor":21,"turns":3},{"damage":32,"enemies":"Shelled Parasite and Fungi","floor":22,"turns":3}],"seed_played":"-602909296198384888","potions_obtained":[{"floor":1,"key":"GamblersBrew"},{"floor":6,"key":"Ancient Potion"}],"is_trial":false,"path_per_floor":["M","M","M","$","?","M","R","E","T","R","M","?","R","M","R","B",null,"M","?","?","M","M"],"character_chosen":"DEFECT","items_purchased":["Capacitor"],"campfire_rested":2,"item_purchase_floors":[4],"current_hp_per_floor":[73,57,50,50,50,50,50,31,31,31,17,6,28,21,43,26,75,46,46,46,19,0],"gold":288,"neow_bonus":"THREE_RARE_CARDS","is_prod":false,"is_daily":false,"chose_seed":false,"campfire_upgraded":2,"win_rate":0,"timestamp":1549365986,"path_taken":["M","M","M","$","?","M","R","E","T","R","M","?","R","M","R","BOSS","M","?","?","M","M"],"build_version":"2019-01-23","purchased_purges":1,"victory":false,"max_hp_per_floor":[75,75,75,75,75,75,75,75,75,75,75,75,75,75,75,75,75,75,75,75,75,75],"card_choices":[{"not_picked":["Creative AI","Machine Learning"],"picked":"Fission","floor":0},{"not_picked":["Scrape","FTL"],"picked":"Beam Cell","floor":1},{"not_picked":["Go for the Eyes","Scrape"],"picked":"Gash","floor":2},{"not_picked":["Sweeping Beam","Hologram"],"picked":"Coolheaded","floor":3},{"not_picked":["Hologram","Steam Power"],"picked":"Undo","floor":6},{"not_picked":["Core Surge","White Noise"],"picked":"Ball Lightning","floor":8},{"not_picked":["Beam Cell","Go for the Eyes"],"picked":"Gash","floor":11},{"not_picked":["Stack","Cold Snap"],"picked":"Doom and Gloom","floor":13},{"not_picked":["Conserve Battery","Capacitor"],"picked":"Tempest","floor":14},{"not_picked":["Ball Lightning","Capacitor"],"picked":"Leap","floor":15},{"not_picked":["Creative AI","Buffer"],"picked":"Electrodynamics","floor":16},{"not_picked":["Genetic Algorithm","Barrage"],"picked":"Leap","floor":18},{"not_picked":["Ball Lightning","Genetic Algorithm"],"picked":"Reinforced Body","floor":21}],"player_experience":244815,"relics_obtained":[{"floor":8,"key":"Dream Catcher"},{"floor":9,"key":"The Courier"}],"event_choices":[{"damage_healed":0,"gold_gain":0,"player_choice":"Ignored","damage_taken":0,"max_hp_gain":0,"max_hp_loss":0,"event_name":"Liars Game","floor":5,"gold_loss":0},{"damage_healed":0,"gold_gain":75,"player_choice":"Gather Gold","damage_taken":11,"max_hp_gain":0,"max_hp_loss":0,"event_name":"World of Goop","floor":12,"gold_loss":0},{"damage_healed":0,"gold_gain":99,"player_choice":"Stole From Cult","damage_taken":0,"max_hp_gain":0,"max_hp_loss":0,"event_name":"Nest","floor":19,"gold_loss":0},{"damage_healed":0,"gold_gain":0,"player_choice":"Obtained Relic","damage_taken":0,"relics_obtained":["Ginger"],"max_hp_gain":0,"max_hp_loss":0,"event_name":"Addict","floor":20,"gold_loss":85}],"is_beta":false,"boss_relics":[{"not_picked":["Black Star","Eternal Feather"],"picked":"Sozu"}],"items_purged_floors":[4],"is_endless":false,"potions_floor_spawned":[1,6],"killed_by":"Shelled Parasite and Fungi","ascension_level":4}