{"gold_per_floor":[116,116,41,60,60,60,74,74,123,157,157,173,173,173,173,278,278,293,321,321,321,336,336],"floor_reached":23,"playtime":1084,"items_purged":["Strike_B"],"score":237,"play_id":"d085a232-2e86-4e8b-9952-2eedf9cffa97","local_time":"20180626225915","is_ascension_mode":false,"campfire_choices":[{"data":"Zap","floor":6,"key":"SMITH"},{"data":"Fusion","floor":8,"key":"SMITH"},{"data":"Zap","floor":11,"key":"SMITH"},{"floor":13,"key":"REST"},{"data":"Loop","floor":15,"key":"SMITH"}],"neow_cost":"NONE","seed_source_timestamp":10699502899807,"circlet_count":0,"master_deck":["Strike_B","Strike_B","Strike_B","Defend_B","Defend_B","Defend_B","Defend_B+1","Zap+1","Dualcast","Biased Cognition","Loop+1","Creative AI","Good Instincts+1","Zap+1","Fusion+1","Redo","Amplify","Hologram","Rebound","Good Instincts+1","Storm"],"relics":["Cracked Core","Potion Belt","Thread and Needle","War Paint","White Beast Statue","Red Mask","Matryoshka"],"potions_floor_usage":[16,18,19,23,23],"damage_taken":[{"damage":7,"enemies":"2 Louse","floor":1,"turns":3},{"damage":5,"enemies":"Cultist","floor":4,"turns":4},{"damage":6,"enemies":"Jaw Worm","floor":7,"turns":4},{"damage":33,"enemies":"Gremlin Nob","floor":10,"turns":5},{"damage":7,"enemies":"Blue Slaver","floor":12,"turns":4},{"damage":0,"enemies":"Slime Boss","floor":16,"turns":4},{"damage":0,"enemies":"Chosen","floor":18,"turns":4},{"damage":53,"floor":19,"turns":5},{"damage":5,"enemies":"Spheric Guardian","floor":22,"turns":4},{"damage":17,"enemies":"Slavers","floor":23,"turns":2}],"seed_played":"7858609302207851627","potions_obtained":[{"floor":10,"key":"PowerPotion"},{"floor":16,"key":"AttackPotion"},{"floor":18,"key":"SkillPotion"},{"floor":19,"key":"Poison Potion"},{"floor":22,"key":"LiquidBronze"}],"is_trial":false,"path_per_floor":["M","?","$","M","$","R","M","R","T","E","R","M","R","?","R","B",null,"M","?","?","?","M"],"character_chosen":"DEFECT","items_purchased":[],"campfire_rested":1,"item_purchase_floors":[],"current_hp_per_floor":[68,68,68,63,63,63,57,57,57,24,24,17,39,27,27,27,75,75,22,22,22,17,0],"gold":336,"neow_bonus":"ONE_RANDOM_RARE_CARD","is_prod":false,"is_daily":false,"chose_seed":false,"campfire_upgraded":4,"win_rate":0,"timestamp":1530046755,"path_taken":["M","?","$","?","$","R","M","R","T","E","R","M","R","?","R","BOSS","M","?","?","?","M","E"],"build_version":"2018-06-21v2","purchased_purges":1,"victory":false,"max_hp_per_floor":[75,75,75,75,75,75,75,75,75,75,75,75,75,75,75,75,75,75,75,75,75,75,75],"card_choices":[{"not_picked":["Hologram","Reprogram"],"picked":"Loop","floor":1},{"not_picked":["Steam Power","Sweeping Beam","Turbo"],"picked":"SKIP","floor":4},{"not_picked":["Rip and Tear","Genetic Algorithm"],"picked":"Fusion","floor":7},{"not_picked":["Streamline","Go for the Eyes","Leap"],"picked":"SKIP","floor":10},{"not_picked":["Beam Cell","Aggregate"],"picked":"Redo","floor":12},{"not_picked":["Biased Cognition","All For One"],"picked":"Amplify","floor":16},{"not_picked":["Auto Shields","Rip and Tear"],"picked":"Hologram","floor":18},{"not_picked":["Leap","Conserve Battery+1"],"picked":"Rebound","floor":19},{"not_picked":["Scrape+1","Go for the Eyes"],"picked":"Storm","floor":22}],"player_experience":188361,"relics_obtained":[{"floor":9,"key":"Potion Belt"},{"floor":10,"key":"Thread and Needle"},{"floor":19,"key":"Red Mask"}],"event_choices":[{"event_name":"Match and Keep!","player_choice":"3 cards matched","floor":2,"damage_taken":0},{"event_name":"Scrap Ooze","player_choice":"success","floor":14,"damage_taken":12},{"event_name":"Masked Bandits","player_choice":"Fought over 293 gold","floor":19,"damage_taken":0},{"event_name":"The Mausoleum","player_choice":"Yes","floor":20,"damage_taken":0},{"event_name":"Duplicator","player_choice":"One dupe","floor":21,"damage_taken":0}],"boss_relics":[{"not_picked":["Ectoplasm","Runic Dome"],"picked":"White Beast Statue"}],"items_purged_floors":[3],"is_endless":false,"potions_floor_spawned":[10,16,18,19,22],"killed_by":"Slavers","ascension_level":0}