{"gold_per_floor":[118,118,43,63,75,75,105,117,194,207,207,207,207,49,49,49],"floor_reached":16,"playtime":363,"items_purged":["Strike_G"],"score":200,"play_id":"15970d7e-5a82-46f0-a029-4fdfbb13b7c0","local_time":"20190205175257","is_ascension_mode":true,"campfire_choices":[{"data":"Bane","floor":6,"key":"SMITH"},{"floor":13,"key":"REST"},{"data":"Footwork","floor":15,"key":"SMITH"}],"neow_cost":"NONE","seed_source_timestamp":3709218750100,"circlet_count":0,"master_deck":["AscendersBane","Defend_G","Defend_G","Defend_G","Defend_G","Defend_G","Strike_G","Strike_G","Strike_G","Strike_G","Survivor","Neutralize","Deadly Poison","Bane+1","Deadly Poison","PiercingWail","Footwork+1","Parasite"],"relics":["Ring of the Snake","NeowsBlessing","Girya","Ninja Scroll","Frozen Egg 2","Lantern"],"potions_floor_usage":[7,10,16,16],"damage_taken":[{"damage":0,"enemies":"Small Slimes","floor":1,"turns":1},{"damage":0,"enemies":"Cultist","floor":4,"turns":1},{"damage":0,"enemies":"Jaw Worm","floor":5,"turns":1},{"damage":20,"enemies":"Lagavulin","floor":7,"turns":5},{"damage":15,"enemies":"Exordium Wildlife","floor":8,"turns":5},{"damage":19,"enemies":"Blue Slaver","floor":10,"turns":7},{"damage":50,"enemies":"Slime Boss","floor":16,"turns":9}],"seed_played":"-8997871123674423716","potions_obtained":[{"floor":5,"key":"Strength Potion"},{"floor":7,"key":"SneckoOil"},{"floor":8,"key":"GhostInAJar"},{"floor":10,"key":"SkillPotion"}],"is_trial":false,"path_per_floor":["M","?","$","M","M","R","E","M","T","M","?","T","R","$","R","B"],"character_chosen":"THE_SILENT","items_purchased":["Lantern"],"campfire_rested":1,"item_purchase_floors":[14],"current_hp_per_floor":[59,59,59,59,59,59,39,24,24,5,21,21,40,40,40,0],"gold":49,"neow_bonus":"THREE_ENEMY_KILL","is_prod":false,"is_daily":false,"chose_seed":false,"campfire_upgraded":2,"win_rate":0,"timestamp":1549381977,"path_taken":["M","?","$","M","?","R","E","?","T","M","?","?","R","$","R","BOSS"],"build_version":"2019-01-23","purchased_purges":1,"victory":false,"max_hp_per_floor":[66,66,66,66,66,66,66,66,66,66,66,66,66,66,66,66],"card_choices":[{"not_picked":["Slice","Infinite Blades"],"picked":"Deadly Poison","floor":1},{"not_picked":["Flying Knee","Infinite Blades"],"picked":"Bane","floor":4},{"not_picked":["Slice","Escape Plan"],"picked":"Deadly Poison","floor":5},{"not_picked":["Deflect","Blade Dance"],"picked":"PiercingWail","floor":7},{"not_picked":["Dagger Throw","Caltrops","Expertise"],"picked":"SKIP","floor":8},{"not_picked":["Malaise","Choke"],"picked":"Footwork","floor":10}],"player_experience":622703,"relics_obtained":[{"floor":7,"key":"Girya"},{"floor":9,"key":"Ninja Scroll"},{"floor":12,"key":"Frozen Egg 2"}],"event_choices":[{"damage_healed":0,"gold_gain":0,"player_choice":"Ignored","damage_taken":0,"max_hp_gain":0,"max_hp_loss":0,"event_name":"WeMeetAgain","floor":2,"gold_loss":0},{"damage_healed":16,"gold_gain":0,"player_choice":"Healed and dodged fight","damage_taken":0,"max_hp_gain":0,"max_hp_loss":0,"event_name":"Mushrooms","floor":11,"gold_loss":0,"cards_obtained":["Parasite"]}],"is_beta":false,"boss_relics":[],"items_purged_floors":[3],"is_endless":false,"potions_floor_spawned":[5,7,8,10],"killed_by":"Slime Boss","ascension_level":20}