{"gold_per_floor":[118,118,138,156,175,175,46,46,46,46,77,77,104,115,115,186,186,197,247,262,274,274,274,284,316,316,316,335,335,260,260,260,337,337,357,369,669,687,707,732,732,72,72,90,121,121,171,191,191,191],"floor_reached":51,"playtime":2625,"items_purged":["Pain"],"score":1339,"play_id":"fd3f476b-6d36-4e87-a75d-3049f1cffe32","local_time":"20190202024153","is_ascension_mode":true,"campfire_choices":[{"floor":6.0,"key":"REST"},{"data":"Flex","floor":8.0,"key":"SMITH"},{"data":"Panacea","floor":12.0,"key":"SMITH"},{"data":"Flex","floor":15.0,"key":"SMITH"},{"data":"Limit Break","floor":23.0,"key":"SMITH"},{"data":"Whirlwind","floor":27.0,"key":"SMITH"},{"floor":32.0,"key":"REST"},{"floor":41.0,"key":"REST"},{"floor":49,"key":"REST"}],"neow_cost":"NONE","seed_source_timestamp":1175055442436077,"circlet_count":0,"master_deck":["AscendersBane","Strike_R+1","Strike_R+1","Defend_R+1","Defend_R+1","Defend_R+1","Defend_R+1","Bash","Panacea+1","Flex+1","Metallicize","Flex+1","Battle Trance","Heavy Blade","Ghostly Armor","Limit Break+1","Intimidate","Heavy Blade","Iron Wave","Sword Boomerang","Limit Break","Iron Wave+1","Reaper","Impervious"],"special_seed":0,"relics":["Burning Blood","WarpedTongs","Meat on the Bone","Turnip","Potion Belt","Cursed Key","Regal Pillow","Mummified Hand","Empty Cage","Happy Flower","Bag of Preparation","Pen Nib","Oddly Smooth Stone","Pocketwatch"],"potions_floor_usage":[50,50],"damage_taken":[{"damage":4.0,"enemies":"Jaw Worm","floor":1.0,"turns":4.0},{"damage":6.0,"enemies":"Cultist","floor":3.0,"turns":4.0},{"damage":8.0,"enemies":"Small Slimes","floor":4.0,"turns":4.0},{"damage":41.0,"enemies":"Gremlin Gang","floor":5.0,"turns":5.0},{"damage":12.0,"enemies":"Gremlin Nob","floor":11.0,"turns":3.0},{"damage":3.0,"enemies":"Looter","floor":14.0,"turns":3.0},{"damage":8.0,"enemies":"The Guardian","floor":16.0,"turns":7.0},{"damage":11.0,"enemies":"Chosen","floor":18.0,"turns":6.0},{"damage":3.0,"enemies":"Spheric Guardian","floor":20.0,"turns":4.0},{"damage":6.0,"enemies":"3 Cultists","floor":21.0,"turns":5.0},{"damage":19.0,"enemies":"Sentry and Sphere","floor":24.0,"turns":5.0},{"damage":44.0,"enemies":"Slavers","floor":25.0,"turns":6.0},{"damage":23.0,"enemies":"Centurion and Healer","floor":28.0,"turns":5.0},{"damage":8.0,"enemies":"Collector","floor":33.0,"turns":5.0},{"damage":13.0,"enemies":"Orb Walker","floor":35.0,"turns":4.0},{"damage":0.0,"enemies":"3 Shapes","floor":36.0,"turns":3.0},{"damage":37.0,"enemies":"Writhing Mass","floor":38.0,"turns":4.0},{"damage":0.0,"enemies":"Transient","floor":39.0,"turns":5.0},{"damage":45.0,"enemies":"Reptomancer","floor":40.0,"turns":8.0},{"damage":6,"enemies":"3 Darklings","floor":44,"turns":3},{"damage":12,"enemies":"Nemesis","floor":45,"turns":3},{"damage":74,"enemies":"2 Orb Walkers","floor":47,"turns":6},{"damage":0,"enemies":"Spire Growth","floor":48,"turns":5},{"damage":48,"enemies":"Time Eater","floor":50,"turns":8}],"seed_played":"-8821863648438371529","potions_obtained":[{"floor":5.0,"key":"Weak Potion"},{"floor":14.0,"key":"Regen Potion"},{"floor":16.0,"key":"SpeedPotion"},{"floor":18.0,"key":"GamblersBrew"},{"floor":21.0,"key":"Energy Potion"},{"floor":28.0,"key":"Fire Potion"},{"floor":36.0,"key":"Dexterity Potion"},{"floor":39.0,"key":"FearPotion"},{"floor":45,"key":"Poison Potion"},{"floor":47,"key":"Explosive Potion"},{"floor":48,"key":"Fire Potion"}],"is_trial":false,"path_per_floor":["M","?","M","M","M","R","$","R","T","?","E","R","T","M","R","B",null,"M","?","M","M","?","R","M","E","T","R","M","?","?","?","R","B",null,"M","M","?","M","M","E","R","$","T","M","E","?","?","M","R","B",null],"character_chosen":"IRONCLAD","items_purchased":["Heavy Blade","Bag of Preparation","Reaper","Impervious","Pen Nib"],"campfire_rested":4,"item_purchase_floors":[7,42,42,42,42],"current_hp_per_floor":[70,70,70,68,33,55,55,55,55,48,54,54,54,57,57,55,70,65,65,68,68,68,68,55,43,43,43,38,38,38,38,75,73,75,68,74,74,55,61,34,71,71,71,75,69,69,33,51,75,71],"gold":191,"neow_bonus":"RANDOM_COLORLESS","is_prod":false,"is_daily":false,"chose_seed":false,"campfire_upgraded":5,"win_rate":0,"timestamp":1549071713,"path_taken":["M","?","?","M","M","R","$","R","T","?","E","R","?","?","R","BOSS","M","?","M","?","?","R","M","E","T","R","M","?","?","?","R","BOSS","M","?","?","M","?","E","R","$","T","M","E","?","?","M","R","BOSS"],"build_version":"2019-01-23","purchased_purges":1,"victory":true,"max_hp_per_floor":[75,75,75,75,75,75,75,75,75,75,75,75,75,75,75,75,75,75,75,75,75,75,75,75,75,75,75,75,75,75,75,75,75,75,75,75,75,75,75,75,75,75,75,75,75,75,75,75,75,75],"card_choices":[{"not_picked":["Havoc","Armaments"],"picked":"Flex","floor":1.0},{"not_picked":["Bloodletting","Seeing Red"],"picked":"Metallicize","floor":3.0},{"not_picked":["Searing Blow","Warcry"],"picked":"Flex","floor":4.0},{"not_picked":["Twin Strike","Flex"],"picked":"Battle Trance","floor":5.0},{"not_picked":["True Grit","Flame Barrier","Warcry"],"picked":"SKIP","floor":11.0},{"not_picked":["Wild Strike","Spot Weakness"],"picked":"Ghostly Armor","floor":14.0},{"not_picked":["Double Tap","Demon Form"],"picked":"Limit Break","floor":16.0},{"not_picked":["Feel No Pain","Armaments+1"],"picked":"Intimidate","floor":18.0},{"not_picked":["Disarm","Perfected Strike"],"picked":"Heavy Blade","floor":20.0},{"not_picked":["Corruption","Intimidate","Warcry"],"picked":"SKIP","floor":21.0},{"not_picked":["Disarm","Headbutt"],"picked":"Iron Wave","floor":24.0},{"not_picked":["Clothesline","Thunderclap"],"picked":"Whirlwind","floor":25.0},{"not_picked":["Body Slam","Anger"],"picked":"Sword Boomerang","floor":28.0},{"not_picked":["Immolate","Double Tap"],"picked":"Limit Break","floor":33.0},{"not_picked":["Clash","Power Through"],"picked":"Iron Wave+1","floor":35.0},{"not_picked":["Warcry","Infernal Blade","Rampage"],"picked":"SKIP","floor":36.0},{"not_picked":["Fiend Fire","Pummel","Sword Boomerang"],"picked":"SKIP","floor":38.0},{"not_picked":["Pommel Strike","Rampage","Bloodletting"],"picked":"SKIP","floor":39.0},{"not_picked":["Warcry","Flex+1","Pommel Strike"],"picked":"SKIP","floor":40.0},{"not_picked":["Uppercut","Heavy Blade","Shockwave"],"picked":"SKIP","floor":44},{"not_picked":["Headbutt","Exhume","Intimidate"],"picked":"SKIP","floor":45},{"not_picked":["Sever Soul","Havoc+1","Clothesline"],"picked":"SKIP","floor":48}],"player_experience":682117,"relics_obtained":[{"floor":9.0,"key":"Meat on the Bone"},{"floor":11.0,"key":"Turnip"},{"floor":13.0,"key":"Potion Belt"},{"floor":25.0,"key":"Regal Pillow"},{"floor":26.0,"key":"Mummified Hand"},{"floor":40.0,"key":"Happy Flower"},{"floor":45,"key":"Oddly Smooth Stone"},{"floor":47,"key":"Pocketwatch"}],"event_choices":[{"damage_healed":0.0,"max_hp_gain":0.0,"max_hp_loss":0.0,"gold_gain":0.0,"event_name":"Accursed Blacksmith","player_choice":"Rummage","floor":2.0,"gold_loss":0.0,"damage_taken":0.0,"relics_obtained":["WarpedTongs"],"cards_obtained":["Pain"]},{"cards_removed":["Strike_R"],"damage_healed":0.0,"max_hp_gain":0.0,"max_hp_loss":0.0,"gold_gain":0.0,"event_name":"Golden Wing","player_choice":"Card Removal","floor":10.0,"gold_loss":0.0,"damage_taken":7.0},{"damage_healed":0.0,"max_hp_gain":0.0,"max_hp_loss":0.0,"gold_gain":50.0,"event_name":"Golden Shrine","player_choice":"Pray","floor":19.0,"gold_loss":0.0,"damage_taken":0.0},{"damage_healed":0.0,"max_hp_gain":0.0,"max_hp_loss":0.0,"gold_gain":0.0,"event_name":"Vampires","player_choice":"Ignored","floor":22.0,"gold_loss":0.0,"damage_taken":0.0},{"damage_healed":0.0,"max_hp_gain":0.0,"max_hp_loss":0.0,"gold_gain":0.0,"event_name":"Back to Basics","player_choice":"Simplicity","floor":29.0,"gold_loss":0.0,"damage_taken":0.0,"cards_upgraded":["Strike_R","Strike_R","Strike_R","Strike_R","Defend_R","Defend_R","Defend_R","Defend_R"]},{"cards_removed":["Decay"],"damage_healed":0.0,"max_hp_gain":0.0,"max_hp_loss":0.0,"gold_gain":0.0,"event_name":"Beggar","player_choice":"Gave Gold","floor":30.0,"gold_loss":75.0,"damage_taken":0.0},{"damage_healed":0.0,"max_hp_gain":0.0,"max_hp_loss":0.0,"gold_gain":0.0,"event_name":"Match and Keep!","player_choice":"0 cards matched","floor":31.0,"gold_loss":0.0,"damage_taken":0.0,"cards_obtained":[]},{"damage_healed":0.0,"max_hp_gain":0.0,"max_hp_loss":0.0,"gold_gain":300.0,"event_name":"Wheel of Change","player_choice":"Gold","floor":37.0,"gold_loss":0.0,"damage_taken":0.0},{"cards_removed":["Whirlwind"],"damage_healed":0,"gold_gain":0,"player_choice":"Removed Attack","damage_taken":0,"max_hp_gain":0,"max_hp_loss":0,"event_name":"Falling","floor":46,"gold_loss":0},{"damage_healed":0,"gold_gain":0,"player_choice":"Fight","damage_taken":0,"max_hp_gain":0,"max_hp_loss":0,"event_name":"Mysterious Sphere","floor":47,"gold_loss":0}],"is_beta":true,"boss_relics":[{"not_picked":["Busted Crown","Eternal Feather"],"picked":"Cursed Key"},{"not_picked":["Black Blood","Mark of Pain"],"picked":"Empty Cage"}],"items_purged_floors":[7],"is_endless":false,"potions_floor_spawned":[5,14,16,18,21,28,36,39,45,47,48],"ascension_level":16}