{"gold_per_floor":[114,114,114,128,128,128,163,7,7,7,20,39,69,85,85,85],"floor_reached":16,"playtime":606,"items_purged":["Strike_G"],"score":120,"play_id":"ab858f42-5a9d-43fd-b22c-40aac5fbe51e","local_time":"20190125145717","is_ascension_mode":true,"campfire_choices":[{"data":"Dagger Spray","floor":6,"key":"SMITH"},{"floor":15,"key":"REST"}],"neow_cost":"NONE","seed_source_timestamp":6305796236857,"circlet_count":0,"master_deck":["Defend_G","Defend_G","Defend_G","Defend_G","Defend_G","Strike_G","Strike_G","Strike_G","Strike_G","Survivor","Neutralize","Dagger Spray+1","Acrobatics","Malaise","Leg Sweep","Flechettes"],"relics":["Ring of the Snake","Golden Idol","Pantograph","Frozen Egg 2","Sundial"],"potions_floor_usage":[7,16,16],"damage_taken":[{"damage":2,"enemies":"Small Slimes","floor":1,"turns":5},{"damage":7,"enemies":"2 Louse","floor":4,"turns":3},{"damage":37,"enemies":"Lagavulin","floor":7,"turns":8},{"damage":0,"enemies":"Jaw Worm","floor":11,"turns":6},{"damage":0,"enemies":"Looter","floor":12,"turns":5},{"damage":13,"enemies":"Gremlin Gang","floor":14,"turns":6},{"damage":54,"enemies":"Hexaghost","floor":16,"turns":21}],"seed_played":"8270090404245008961","potions_obtained":[{"floor":1,"key":"Fire Potion"},{"floor":11,"key":"Regen Potion"},{"floor":14,"key":"SkillPotion"}],"is_trial":false,"path_per_floor":["M","?","?","M","?","R","E","$","T","?","M","M","?","M","R","B"],"character_chosen":"THE_SILENT","items_purchased":["Leg Sweep"],"campfire_rested":1,"item_purchase_floors":[8],"current_hp_per_floor":[75,71,59,52,57,57,20,20,20,20,20,20,20,7,29,12],"gold":85,"neow_bonus":"TEN_PERCENT_HP_BONUS","is_prod":false,"is_daily":false,"chose_seed":false,"campfire_upgraded":1,"win_rate":0,"timestamp":1548446237,"path_taken":["M","?","?","M","?","R","E","$","T","?","M","M","?","M","R","BOSS"],"build_version":"2019-01-23","purchased_purges":1,"victory":false,"max_hp_per_floor":[77,71,71,71,76,76,76,76,76,76,76,76,76,76,76,76],"card_choices":[{"not_picked":["Deadly Poison","Blade Dance"],"picked":"Dagger Spray","floor":1},{"not_picked":["Deadly Poison","Reflex"],"picked":"Acrobatics","floor":4},{"not_picked":["Terror","Blur"],"picked":"Malaise","floor":7},{"not_picked":["Blade Dance","Slice","Prepared"],"picked":"SKIP","floor":11},{"not_picked":["Poisoned Stab","Dagger Throw","Distraction"],"picked":"SKIP","floor":12},{"not_picked":["Tactician","Slice"],"picked":"Flechettes","floor":14}],"player_experience":138217,"relics_obtained":[{"floor":7,"key":"Frozen Egg 2"},{"floor":9,"key":"Sundial"}],"event_choices":[{"damage_healed":0,"gold_gain":0,"player_choice":"Lose Max HP","damage_taken":0,"relics_obtained":["Golden Idol"],"max_hp_gain":0,"max_hp_loss":6,"event_name":"Golden Idol","floor":2,"gold_loss":0},{"damage_healed":0,"gold_gain":0,"player_choice":"Success","damage_taken":12,"relics_obtained":["Pantograph"],"max_hp_gain":0,"max_hp_loss":0,"event_name":"Scrap Ooze","floor":3,"gold_loss":0},{"damage_healed":0,"gold_gain":0,"player_choice":"Donut","damage_taken":0,"max_hp_gain":5,"max_hp_loss":0,"event_name":"Big Fish","floor":5,"gold_loss":0},{"damage_healed":0,"gold_gain":0,"player_choice":"Leave","damage_taken":0,"max_hp_gain":0,"max_hp_loss":0,"event_name":"The Cleric","floor":10,"gold_loss":0},{"damage_healed":0,"gold_gain":30,"player_choice":"Searched \u00271\u0027 times","damage_taken":0,"max_hp_gain":0,"max_hp_loss":0,"event_name":"Dead Adventurer","floor":13,"gold_loss":0}],"is_beta":false,"boss_relics":[],"items_purged_floors":[8],"is_endless":false,"potions_floor_spawned":[1,11,14],"killed_by":"Hexaghost","ascension_level":4}