{"gold_per_floor":[118,129,93,112,112,112,142,142,165,183,183,211,140,153,153,254,254,272,272,292,292,309,309,328,328,328,355,366,384,384,409,409,513,513,528,546,558,558,571,571,583,583,583,602,562,576,21,38,38,38],"floor_reached":51,"playtime":4169,"items_purged":["Strike_B"],"score":808,"play_id":"1b96ea6f-f324-49bf-af75-89a60284254c","local_time":"20190127165630","is_ascension_mode":true,"campfire_choices":[{"data":"Rebound","floor":6,"key":"SMITH"},{"data":"Defragment","floor":8,"key":"SMITH"},{"data":"Consume","floor":15,"key":"SMITH"},{"data":"Dualcast","floor":23,"key":"SMITH"},{"data":"Zap","floor":25,"key":"SMITH"},{"floor":30,"key":"REST"},{"floor":32,"key":"REST"},{"floor":40,"key":"REST"},{"floor":42,"key":"REST"},{"data":"Machine Learning","floor":49,"key":"SMITH"}],"neow_cost":"NONE","seed_source_timestamp":15255389626630,"circlet_count":0,"master_deck":["Strike_B","Defend_B","Defend_B","Zap+1","Dualcast+1","Self Repair","Glacier","Conserve Battery","Defragment+1","Rebound+1","Gash","Electrodynamics","Streamline+1","Consume+1","All For One","Leap+1","Hello World+1","Undo+1","FTL","Gash","Melter+1","Reboot","Reprogram","Gash","Leap+1","Aggregate","Machine Learning+1","Stack","Rebound","Auto Shields+1","Chill+1","Lockon","Go for the Eyes+1"],"relics":["Cracked Core","Ancient Tea Set","Vajra","Potion Belt","FossilizedHelix","Astrolabe","Gremlin Horn","Incense Burner","Sundial","Inserter","Dream Catcher","Cables","Toolbox"],"potions_floor_usage":[12,12,14,16,16,24,27,27,39,39,39,41,44,50,50,50],"damage_taken":[{"damage":0,"enemies":"Cultist","floor":1,"turns":2},{"damage":0,"enemies":"2 Louse","floor":2,"turns":2},{"damage":4,"enemies":"Jaw Worm","floor":4,"turns":4},{"damage":20,"enemies":"3 Sentries","floor":7,"turns":11},{"damage":3,"enemies":"Blue Slaver","floor":10,"turns":2},{"damage":16,"enemies":"Gremlin Nob","floor":12,"turns":3},{"damage":0,"enemies":"Lots of Slimes","floor":14,"turns":1},{"damage":20,"enemies":"The Guardian","floor":16,"turns":7},{"damage":19,"enemies":"Spheric Guardian","floor":18,"turns":6},{"damage":0,"enemies":"Chosen","floor":20,"turns":4},{"damage":6,"enemies":"3 Cultists","floor":22,"turns":3},{"damage":8,"enemies":"Snake Plant","floor":24,"turns":3},{"damage":21,"enemies":"Book of Stabbing","floor":27,"turns":4},{"damage":9,"enemies":"Shelled Parasite and Fungi","floor":28,"turns":5},{"damage":12,"enemies":"Snecko","floor":29,"turns":7},{"damage":28,"enemies":"Gremlin Leader","floor":31,"turns":5},{"damage":0,"enemies":"Collector","floor":33,"turns":9},{"damage":9,"enemies":"3 Shapes","floor":35,"turns":5},{"damage":17,"enemies":"3 Darklings","floor":36,"turns":6},{"damage":29,"enemies":"4 Shapes","floor":37,"turns":6},{"damage":14,"enemies":"Spire Growth","floor":39,"turns":6},{"damage":34,"enemies":"Writhing Mass","floor":41,"turns":7},{"damage":1,"enemies":"Jaw Worm Horde","floor":44,"turns":4},{"damage":0,"enemies":"4 Shapes","floor":46,"turns":9},{"damage":0,"enemies":"Maw","floor":48,"turns":6},{"damage":12,"enemies":"Time Eater","floor":50,"turns":12}],"seed_played":"-4737726886188082188","potions_obtained":[{"floor":1,"key":"GamblersBrew"},{"floor":4,"key":"Poison Potion"},{"floor":10,"key":"SkillPotion"},{"floor":12,"key":"Explosive Potion"},{"floor":14,"key":"FocusPotion"},{"floor":18,"key":"LiquidBronze"},{"floor":22,"key":"Block Potion"},{"floor":24,"key":"SpeedPotion"},{"floor":36,"key":"Explosive Potion"},{"floor":37,"key":"EntropicBrew"},{"floor":41,"key":"Energy Potion"},{"floor":46,"key":"AttackPotion"}],"is_trial":false,"path_per_floor":["M","M","$","M","?","R","E","R","T","M","?","E","$","M","R","B",null,"M","?","M","?","M","R","M","R","T","E","M","M","R","E","R","B",null,"M","M","M","?","M","R","M","R","T","M","?","M","$","M","R","B",null],"character_chosen":"DEFECT","items_purchased":["Defragment","Consume","Cables","Toolbox","Lockon"],"campfire_rested":4,"item_purchase_floors":[3,13,47,47,47],"current_hp_per_floor":[75,75,75,75,80,80,67,67,67,64,57,48,48,48,48,35,80,68,53,60,60,54,54,46,46,46,32,30,18,43,22,47,54,85,83,66,44,44,37,62,35,60,60,66,66,73,73,80,80,75],"gold":38,"neow_bonus":"THREE_CARDS","is_prod":false,"is_daily":false,"chose_seed":false,"campfire_upgraded":6,"win_rate":0,"timestamp":1548604590,"path_taken":["M","M","?","M","?","R","E","R","T","M","?","E","$","?","R","BOSS","M","?","M","?","?","R","M","R","T","E","M","M","R","E","R","BOSS","M","M","?","?","M","R","?","R","T","M","?","M","?","M","R","BOSS"],"build_version":"2019-01-23","purchased_purges":1,"victory":true,"max_hp_per_floor":[75,75,75,75,80,80,80,80,80,80,80,80,80,80,80,80,80,80,85,85,85,85,85,85,85,85,85,85,85,85,85,85,85,85,85,85,85,85,85,85,85,85,85,85,85,85,85,85,85,85],"card_choices":[{"not_picked":["Coolheaded","Tempest"],"picked":"Self Repair","floor":0},{"not_picked":["Go for the Eyes","Steam"],"picked":"Glacier","floor":1},{"not_picked":["Fusion","Compile Driver"],"picked":"Conserve Battery","floor":2},{"not_picked":["Stack","Chill"],"picked":"Rebound","floor":4},{"not_picked":["Steam Power","Barrage"],"picked":"Gash","floor":7},{"not_picked":["Beam Cell","Cold Snap"],"picked":"Electrodynamics","floor":10},{"not_picked":["Reprogram","Reinforced Body"],"picked":"Streamline","floor":12},{"not_picked":["Barrage","Storm","Compile Driver"],"picked":"SKIP","floor":14},{"not_picked":["Creative AI","Core Surge"],"picked":"All For One","floor":16},{"not_picked":["Rebound+1","Loop"],"picked":"FTL","floor":18},{"not_picked":["Barrage","Beam Cell"],"picked":"Gash","floor":20},{"not_picked":["Steam","Consume"],"picked":"Reboot","floor":22},{"not_picked":["Go for the Eyes","Hologram+1"],"picked":"Reprogram","floor":24},{"not_picked":["Conserve Battery+1","Melter"],"picked":"Gash","floor":27},{"not_picked":["Steam","Redo","Doom and Gloom"],"picked":"SKIP","floor":28},{"not_picked":["Go for the Eyes","Cold Snap+1"],"picked":"Leap","floor":29},{"not_picked":["Consume","Thunder Strike"],"picked":"Aggregate","floor":31},{"not_picked":["Core Surge","Thunder Strike"],"picked":"Machine Learning","floor":33},{"not_picked":["Blizzard+1","Compile Driver","Beam Cell+1"],"picked":"SKIP","floor":35},{"not_picked":["Beam Cell+1","Genetic Algorithm+1"],"picked":"Stack","floor":36},{"not_picked":["Gash+1","Redo+1"],"picked":"Rebound","floor":37},{"not_picked":["Beam Cell+1","Sweeping Beam"],"picked":"Auto Shields+1","floor":39},{"not_picked":["FTL+1","Go for the Eyes+1","Redo+1"],"picked":"SKIP","floor":41},{"not_picked":["Beam Cell","Turbo+1"],"picked":"Chill+1","floor":44},{"not_picked":["Conserve Battery","Sweeping Beam","Reinforced Body+1"],"picked":"SKIP","floor":46},{"not_picked":["Rainbow","FTL"],"picked":"Go for the Eyes+1","floor":48}],"player_experience":327517,"relics_obtained":[{"floor":7,"key":"Ancient Tea Set"},{"floor":9,"key":"Vajra"},{"floor":12,"key":"FossilizedHelix"},{"floor":26,"key":"Gremlin Horn"},{"floor":27,"key":"Incense Burner"},{"floor":31,"key":"Sundial"},{"floor":43,"key":"Dream Catcher"}],"event_choices":[{"damage_healed":0,"gold_gain":0,"player_choice":"Donut","damage_taken":0,"max_hp_gain":5,"max_hp_loss":0,"event_name":"Big Fish","floor":5,"gold_loss":0},{"damage_healed":0,"gold_gain":0,"player_choice":"Success","damage_taken":7,"relics_obtained":["Potion Belt"],"max_hp_gain":0,"max_hp_loss":0,"event_name":"Scrap Ooze","floor":11,"gold_loss":0},{"damage_healed":0,"gold_gain":0,"player_choice":"Shed Blood","damage_taken":20,"max_hp_gain":5,"max_hp_loss":0,"event_name":"Forgotten Altar","floor":19,"gold_loss":0},{"damage_healed":0,"gold_gain":0,"cards_transformed":["Strike_B"],"player_choice":"Transformed","damage_taken":0,"max_hp_gain":0,"max_hp_loss":0,"event_name":"Transmorgrifier","floor":21,"gold_loss":0,"cards_obtained":["Melter"]},{"damage_healed":0,"gold_gain":0,"player_choice":"Forge","damage_taken":0,"max_hp_gain":0,"max_hp_loss":0,"event_name":"Accursed Blacksmith","floor":38,"gold_loss":0,"cards_upgraded":["Leap"]},{"damage_healed":0,"gold_gain":0,"player_choice":"Upgraded Two","damage_taken":0,"max_hp_gain":0,"max_hp_loss":0,"event_name":"Designer","floor":45,"gold_loss":40,"cards_upgraded":["Streamline","Melter"]}],"is_beta":false,"boss_relics":[{"not_picked":["White Beast Statue","Lizard Tail"],"picked":"Astrolabe"},{"not_picked":["Coffee Dripper","Nuclear Battery"],"picked":"Inserter"}],"items_purged_floors":[47],"is_endless":false,"potions_floor_spawned":[1,4,10,12,14,18,22,24,36,37,41,46],"ascension_level":3}