{"gold_per_floor":[115,65,65,240,9,35,35,66,66,66,91,104,115,125,125,221,221,236,311,330,245,256,256,256],"floor_reached":24,"playtime":1646,"items_purged":["Doubt"],"score":396,"play_id":"8ddfc691-ad9f-453e-b45d-b04b84c7dce4","local_time":"20190204161503","is_ascension_mode":true,"campfire_choices":[{"data":"Bash","floor":7,"key":"SMITH"},{"data":"Shrug It Off","floor":10,"key":"SMITH"},{"data":"Inflame","floor":15,"key":"SMITH"},{"data":"True Grit","floor":23,"key":"SMITH"}],"neow_cost":"NONE","seed_source_timestamp":446209864906300,"circlet_count":0,"master_deck":["AscendersBane","Strike_R","Strike_R","Strike_R","Strike_R","Defend_R","Defend_R","Defend_R","Defend_R","Bash+1","Iron Wave","Feel No Pain","Shrug It Off+1","Battle Trance","Inflame+1","Shockwave","Feel No Pain","Immolate+1","Hemokinesis+1","Sentinel","True Grit+1","Feel No Pain","Inflame"],"relics":["Burning Blood","NeowsBlessing","Pantograph","PreservedInsect","Centennial Puzzle","Thread and Needle","Molten Egg 2","Bag of Preparation","White Beast Statue"],"potions_floor_usage":[16,16,16,22,22,22,24],"damage_taken":[{"damage":0,"enemies":"Jaw Worm","floor":1,"turns":1},{"damage":0,"enemies":"Gremlin Nob","floor":6,"turns":1},{"damage":0,"enemies":"Lagavulin","floor":8,"turns":1},{"damage":9,"enemies":"Gremlin Nob","floor":11,"turns":4},{"damage":0,"enemies":"Small Slimes","floor":12,"turns":3},{"damage":6,"enemies":"Cultist","floor":13,"turns":4},{"damage":6,"enemies":"3 Louse","floor":14,"turns":4},{"damage":28,"enemies":"Slime Boss","floor":16,"turns":16},{"damage":26,"enemies":"3 Byrds","floor":18,"turns":5},{"damage":12,"enemies":"Spheric Guardian","floor":20,"turns":4},{"damage":9,"enemies":"Centurion and Healer","floor":22,"turns":6},{"damage":42,"enemies":"Slavers","floor":24,"turns":4}],"seed_played":"-1304042847107026903","potions_obtained":[{"floor":6,"key":"SkillPotion"},{"floor":11,"key":"AttackPotion"},{"floor":14,"key":"Poison Potion"},{"floor":16,"key":"FearPotion"},{"floor":18,"key":"Explosive Potion"},{"floor":20,"key":"Fire Potion"},{"floor":22,"key":"Dexterity Potion"}],"is_trial":false,"path_per_floor":["M","?","?","?","$","E","R","E","T","R","E","M","M","M","R","B",null,"M","?","M","$","M","R","E"],"character_chosen":"IRONCLAD","items_purchased":["PreservedInsect","True Grit","Feel No Pain"],"campfire_rested":0,"item_purchase_floors":[5,21,21],"current_hp_per_floor":[78,78,71,71,71,77,77,80,80,80,77,80,80,80,80,58,75,55,47,41,41,38,38,0],"gold":256,"neow_bonus":"THREE_ENEMY_KILL","is_prod":false,"is_daily":false,"chose_seed":false,"campfire_upgraded":4,"win_rate":0,"timestamp":1549268103,"path_taken":["M","?","?","?","?","E","R","E","T","R","E","M","M","M","R","BOSS","M","?","M","$","?","R","E"],"build_version":"2019-01-23","purchased_purges":1,"victory":false,"max_hp_per_floor":[80,80,80,80,80,80,80,80,80,80,80,80,80,80,80,80,80,80,80,80,80,80,80,80],"card_choices":[{"not_picked":["Hemokinesis","Armaments"],"picked":"Iron Wave","floor":1},{"not_picked":["Wild Strike","Perfected Strike"],"picked":"Feel No Pain","floor":6},{"not_picked":["Wild Strike","Iron Wave"],"picked":"Shrug It Off","floor":8},{"not_picked":["Second Wind","Searing Blow+1"],"picked":"Battle Trance","floor":11},{"not_picked":["Spot Weakness","Blood for Blood+1"],"picked":"Inflame","floor":12},{"not_picked":["Corruption","Heavy Blade+1"],"picked":"Shockwave","floor":13},{"not_picked":["Searing Blow+1","Rage"],"picked":"Feel No Pain","floor":14},{"not_picked":["Bludgeon+1","Reaper+1"],"picked":"Immolate+1","floor":16},{"not_picked":["Flex","Headbutt+1"],"picked":"Hemokinesis+1","floor":18},{"not_picked":["Iron Wave+1","Headbutt+1"],"picked":"Sentinel","floor":20},{"not_picked":["Heavy Blade+1","Sentinel"],"picked":"Inflame","floor":22}],"player_experience":298465,"relics_obtained":[{"floor":6,"key":"Centennial Puzzle"},{"floor":8,"key":"Thread and Needle"},{"floor":9,"key":"Molten Egg 2"},{"floor":11,"key":"Bag of Preparation"}],"event_choices":[{"cards_removed":["Strike_R"],"damage_healed":0,"gold_gain":0,"player_choice":"Card Removal","damage_taken":0,"max_hp_gain":0,"max_hp_loss":0,"event_name":"The Cleric","floor":2,"gold_loss":50},{"damage_healed":0,"gold_gain":0,"player_choice":"Success","damage_taken":7,"relics_obtained":["Pantograph"],"max_hp_gain":0,"max_hp_loss":0,"event_name":"Scrap Ooze","floor":3,"gold_loss":0},{"damage_healed":0,"gold_gain":175,"player_choice":"AGREE","damage_taken":0,"max_hp_gain":0,"max_hp_loss":0,"event_name":"Liars Game","floor":4,"gold_loss":0,"cards_obtained":["Doubt"]},{"damage_healed":0,"gold_gain":75,"player_choice":"Touch","damage_taken":8,"max_hp_gain":0,"max_hp_loss":0,"event_name":"FaceTrader","floor":19,"gold_loss":0}],"is_beta":false,"boss_relics":[{"not_picked":["Pandora\u0027s Box","Cursed Key"],"picked":"White Beast Statue"}],"items_purged_floors":[5],"is_endless":false,"potions_floor_spawned":[6,11,14,16,18,20,22],"killed_by":"Slavers","ascension_level":10}