{"path_per_floor":["M","?","M","M","?","E","R","M","T","E","M","$","M","E","R","B",null,"M","?","M","M","$","R","E","R","T","M","?","E","?","E","R","B",null,"M","M","?","?","?","R"],"character_chosen":"IRONCLAD","items_purchased":["Shrug It Off","Magnetism"],"gold_per_floor":[17,17,29,39,39,72,72,91,159,185,203,128,144,171,171,276,276,295,395,365,384,40,40,69,69,92,106,31,60,60,93,93,192,192,205,217,217,0,50,50,80],"floor_reached":41,"campfire_rested":1,"playtime":2786,"item_purchase_floors":[],"current_hp_per_floor":[80,77,75,78,78,40,40,46,46,50,46,46,52,50,50,12,80,80,80,80,66,66,66,65,65,65,59,59,51,77,62,62,33,80,74,80,70,70,28,52,17],"items_purged":["Strike_R","Strike_R"],"gold":80,"score":524,"play_id":"ef6d0837-9983-4c80-8253-e190e0f846ea","local_time":"20180526162225","is_prod":false,"is_daily":false,"chose_seed":false,"is_ascension_mode":true,"campfire_upgraded":4,"win_rate":0,"timestamp":1527344545,"campfire_choices":[{"data":"Sword Boomerang","floor":7.0,"key":"SMITH"},{"data":"Armaments","floor":15.0,"key":"SMITH"},{"floor":23.0,"key":"DIG"},{"data":"Sword Boomerang","floor":25.0,"key":"SMITH"},{"data":"Magnetism","floor":32.0,"key":"SMITH"},{"floor":40,"key":"REST"}],"path_taken":["M","?","M","M","?","E","R","M","T","E","M","$","M","E","R","BOSS","M","?","M","M","$","R","E","R","T","M","?","E","?","E","R","BOSS","M","M","?","?","?","R","E"],"build_version":"2018-05-25","seed_source_timestamp":0,"purchased_purges":2,"victory":false,"master_deck":["Defend_R","Defend_R","Defend_R","Bash","Sword Boomerang+1","Twin Strike+1","Dual Wield","Sword Boomerang+1","Flex","Thunderclap","Sword Boomerang+1","Spot Weakness","Armaments+1","Reaper+1","Rage","True Grit+1","Shrug It Off","Magnetism+1","Intimidate+1","Iron Wave+1","Offering","Power Through+1","Evolve+1","Madness","Madness","Fiend Fire+1"],"max_hp_per_floor":[80,80,80,80,80,80,80,80,80,80,80,80,80,80,80,80,80,80,80,80,80,80,80,80,80,80,80,80,80,80,80,80,80,80,80,80,80,80,80,80,80],"relics":["Burning Blood","Shovel","Vajra","Gremlin Horn","Whetstone","Molten Egg 2","White Beast Statue","Ginger","Letter Opener","Juzu Bracelet","Toolbox","Blood Vial","Velvet Choker","Red Mask","Champion Belt","Question Card"],"card_choices":[{"not_picked":["Perfected Strike","Pommel Strike"],"picked":"Dual Wield","floor":1.0},{"not_picked":["Warcry","Clash"],"picked":"Sword Boomerang","floor":3.0},{"not_picked":["Anger","Shockwave"],"picked":"Flex","floor":4.0},{"not_picked":["Clothesline","Infernal Blade"],"picked":"Thunderclap","floor":6.0},{"not_picked":["Headbutt","Clash"],"picked":"Sword Boomerang","floor":8.0},{"not_picked":["Havoc","Shrug It Off"],"picked":"Spot Weakness","floor":10.0},{"not_picked":["Immolate","Clash","Thunderclap"],"picked":"SKIP","floor":11.0},{"not_picked":["Heavy Blade","Infernal Blade","Twin Strike"],"picked":"SKIP","floor":13.0},{"not_picked":["Intimidate","Infernal Blade"],"picked":"Armaments","floor":14.0},{"not_picked":["Demon Form","Bludgeon+1"],"picked":"Reaper+1","floor":16.0},{"not_picked":["Clothesline+1","Anger+1"],"picked":"Rage","floor":18.0},{"not_picked":["Power Through","Thunderclap+1"],"picked":"True Grit+1","floor":21.0},{"not_picked":["Pommel Strike+1","Thunderclap+1"],"picked":"Intimidate+1","floor":24.0},{"not_picked":["Shrug It Off+1","Clash+1"],"picked":"Iron Wave+1","floor":27.0},{"not_picked":["Clash+1","Combust","Clothesline+1"],"picked":"SKIP","floor":29.0},{"not_picked":["Rupture","Armaments","Reckless Charge+1"],"picked":"SKIP","floor":31.0},{"not_picked":["Bludgeon+1","Barricade"],"picked":"Offering","floor":33.0},{"not_picked":["Twin Strike+1","True Grit"],"picked":"Power Through+1","floor":35},{"not_picked":["Clash+1","Fire Breathing"],"picked":"Evolve+1","floor":36},{"not_picked":["Clothesline+1","Sever Soul+1"],"picked":"Fiend Fire+1","floor":39}],"player_experience":71206,"potions_floor_usage":[],"damage_taken":[{"damage":1.0,"enemies":"Cultist","floor":1.0,"turns":3.0},{"damage":8.0,"enemies":"Jaw Worm","floor":3.0,"turns":3.0},{"damage":3.0,"enemies":"Small Slimes","floor":4.0,"turns":3.0},{"damage":44.0,"enemies":"3 Sentries","floor":6.0,"turns":9.0},{"damage":0.0,"enemies":"Blue Slaver","floor":8.0,"turns":1.0},{"damage":2.0,"enemies":"Gremlin Nob","floor":10.0,"turns":3.0},{"damage":10.0,"enemies":"Looter","floor":11.0,"turns":2.0},{"damage":0.0,"enemies":"Lots of Slimes","floor":13.0,"turns":1.0},{"damage":8.0,"enemies":"Lagavulin","floor":14.0,"turns":4.0},{"damage":44.0,"enemies":"Hexaghost","floor":16.0,"turns":6.0},{"damage":0.0,"enemies":"Chosen","floor":18.0,"turns":3.0},{"damage":2.0,"enemies":"2 Thieves","floor":20.0,"turns":2.0},{"damage":24.0,"enemies":"Cultist and Chosen","floor":21.0,"turns":6.0},{"damage":21.0,"enemies":"Gremlin Leader","floor":24.0,"turns":6.0},{"damage":22.0,"enemies":"Snake Plant","floor":27.0,"turns":5.0},{"damage":26.0,"enemies":"Slavers","floor":29.0,"turns":4.0},{"damage":21.0,"enemies":"Book of Stabbing","floor":31.0,"turns":4.0},{"damage":37.0,"enemies":"Automaton","floor":33.0,"turns":12.0},{"damage":12,"enemies":"3 Shapes","floor":35,"turns":3},{"damage":8,"enemies":"Orb Walker","floor":36,"turns":5},{"damage":50,"enemies":"Mysterious Sphere","floor":39,"turns":5},{"damage":43,"enemies":"Giant Head","floor":41,"turns":10}],"relics_obtained":[{"floor":6.0,"key":"Vajra"},{"floor":9.0,"key":"Gremlin Horn"},{"floor":10.0,"key":"Whetstone"},{"floor":14.0,"key":"Molten Egg 2"},{"floor":23.0,"key":"Ginger"},{"floor":24.0,"key":"Letter Opener"},{"floor":26.0,"key":"Juzu Bracelet"},{"floor":29.0,"key":"Toolbox"},{"floor":31.0,"key":"Blood Vial"},{"floor":39,"key":"Champion Belt"},{"floor":41,"key":"Question Card"}],"event_choices":[{"event_name":"Scrap Ooze","player_choice":"success","floor":2.0,"damage_taken":3.0},{"event_name":"Living Wall","player_choice":"Forget","floor":5.0,"damage_taken":0.0},{"event_name":"Golden Shrine","player_choice":"Pray","floor":19.0,"damage_taken":0.0},{"event_name":"Beggar","player_choice":"Gave Gold","floor":28.0,"damage_taken":0.0},{"event_name":"The Library","player_choice":"Heal","floor":30.0,"damage_taken":0.0},{"event_name":"Winding Halls","player_choice":"Embrace Madness","floor":37,"damage_taken":0},{"event_name":"Tomb of Lord Red Mask","player_choice":"Paid","floor":38,"damage_taken":0},{"event_name":"Mysterious Sphere","player_choice":"Fight","floor":39,"damage_taken":0}],"boss_relics":[{"not_picked":["Snecko Eye","Sozu"],"picked":"Velvet Choker"}],"items_purged_floors":[],"potions_floor_spawned":[1,8,11,14,18,20,21,24,27,29,31,33,35,36,39,41],"seed_played":"-4479588965488038027","killed_by":"Giant Head","ascension_level":1,"potions_obtained":[{"floor":1.0,"key":"Energy Potion"},{"floor":8.0,"key":"Block Potion"},{"floor":11.0,"key":"Weak Potion"},{"floor":14.0,"key":"SmokeBomb"},{"floor":18.0,"key":"Regen Potion"},{"floor":21.0,"key":"SteroidPotion"},{"floor":24.0,"key":"Swift Potion"},{"floor":29.0,"key":"Fire Potion"},{"floor":31.0,"key":"Poison Potion"},{"floor":33.0,"key":"Energy Potion"},{"floor":35,"key":"EssenceOfSteel"}],"is_trial":false}