{"gold_per_floor":[109,109,109,122,47,78,95,95,118,130,160,190,202,247,259,375,387,412,424,336,356,356,356,381,381,381,395,395,424,434,448,448,552,552,570,586,461,472,56,88,88,106,106,106,125,135,166,183,183,183],"floor_reached":51,"playtime":5313,"items_purged":["Strike_B","Strike_B","Defend_B","Defend_B"],"score":784,"play_id":"fe878c42-a4d1-4a64-8b25-4bcd4fd2297e","local_time":"20181110102456","is_ascension_mode":false,"campfire_choices":[{"data":"Self Repair","floor":10.0,"key":"SMITH"},{"data":"Zap","floor":13.0,"key":"SMITH"},{"data":"Seek","floor":15.0,"key":"SMITH"},{"data":"RitualDagger","floor":23.0,"key":"SMITH"},{"data":"Amplify","floor":25.0,"key":"SMITH"},{"data":"Seek","floor":28.0,"key":"SMITH"},{"data":"Buffer","floor":32.0,"key":"SMITH"},{"data":"Buffer","floor":41,"key":"SMITH"},{"data":"Cold Snap","floor":44,"key":"PURGE"},{"data":"Darkness","floor":49,"key":"SMITH"}],"neow_cost":"NONE","seed_source_timestamp":0,"circlet_count":0,"master_deck":["Strike_B+1","Zap+1","Dualcast","White Noise+1","Self Repair+1","Cold Snap","Seek+1","Seek+1","Amplify+1","Leap","RitualDagger+1","Cold Snap+1","White Noise","Hologram+1","Darkness+1","Buffer+1","Chill","Buffer+1","Darkness+1","Creative AI","Magnetism","White Noise","Storm+1","Rainbow","White Noise+1"],"special_seed":0,"relics":["Cracked Core","NeowsBlessing","Happy Flower","StoneCalendar","MawBank","Potion Belt","Sozu","Centennial Puzzle","Darkstone Periapt","Bag of Marbles","Empty Cage","Incense Burner","Peace Pipe","Pen Nib"],"potions_floor_usage":[],"damage_taken":[{"damage":0.0,"enemies":"2 Louse","floor":1.0,"turns":1.0},{"damage":0.0,"enemies":"Cultist","floor":4.0,"turns":1.0},{"damage":0.0,"enemies":"Gremlin Nob","floor":6.0,"turns":1.0},{"damage":0.0,"enemies":"Small Slimes","floor":7.0,"turns":2.0},{"damage":0.0,"enemies":"3 Louse","floor":11.0,"turns":3.0},{"damage":0.0,"enemies":"Red Slaver","floor":12.0,"turns":3.0},{"damage":18.0,"enemies":"Lagavulin","floor":14.0,"turns":7.0},{"damage":24.0,"enemies":"Slime Boss","floor":16.0,"turns":7.0},{"damage":10.0,"enemies":"Spheric Guardian","floor":18.0,"turns":4.0},{"damage":0.0,"enemies":"Shell Parasite","floor":21.0,"turns":6.0},{"damage":31.0,"enemies":"Slavers","floor":24.0,"turns":4.0},{"damage":7.0,"enemies":"Snake Plant","floor":27.0,"turns":3.0},{"damage":27.0,"enemies":"Gremlin Leader","floor":29.0,"turns":8.0},{"damage":8.0,"enemies":"Centurion and Healer","floor":30.0,"turns":4.0},{"damage":0.0,"enemies":"Snecko","floor":31.0,"turns":5.0},{"damage":18.0,"enemies":"Collector","floor":33.0,"turns":10.0},{"damage":0.0,"enemies":"3 Darklings","floor":35.0,"turns":7.0},{"damage":5.0,"enemies":"Orb Walker","floor":36.0,"turns":3.0},{"damage":16,"enemies":"Spire Growth","floor":38,"turns":6},{"damage":0,"enemies":"Giant Head","floor":40,"turns":7},{"damage":0,"enemies":"Maw","floor":42,"turns":8},{"damage":0,"enemies":"Sphere and 2 Shapes","floor":45,"turns":2},{"damage":0,"enemies":"Writhing Mass","floor":46,"turns":6},{"damage":18,"enemies":"Reptomancer","floor":47,"turns":6},{"damage":0,"enemies":"Spire Growth","floor":48,"turns":2},{"damage":45,"enemies":"Time Eater","floor":50,"turns":9}],"seed_played":"7360780610329213893","potions_obtained":[{"floor":4.0,"key":"Fire Potion"},{"floor":6.0,"key":"Block Potion"},{"floor":8.0,"key":"LiquidBronze"}],"is_trial":false,"path_per_floor":["M","?","?","M","$","E","M","?","T","R","M","M","R","E","R","B",null,"M","?","$","M","?","R","E","R","T","M","R","E","M","M","R","B",null,"M","M","$","M","$","E","R","M","T","R","M","M","E","M","R","B",null],"character_chosen":"DEFECT","items_purchased":["Magnetism","White Noise"],"campfire_rested":0,"item_purchase_floors":[39,39],"current_hp_per_floor":[75,72,57,57,57,57,57,57,57,57,67,75,75,67,67,53,75,75,69,69,75,75,75,54,54,54,57,57,40,42,42,42,44,75,75,75,75,75,75,75,75,75,75,75,75,75,57,57,57,22],"gold":183,"neow_bonus":"THREE_ENEMY_KILL","is_prod":false,"is_daily":false,"chose_seed":false,"campfire_upgraded":9,"win_rate":0.0,"timestamp":1541841896,"path_taken":["M","?","?","M","$","E","M","?","T","R","?","M","R","E","R","BOSS","M","?","$","M","?","R","E","R","T","M","R","E","?","?","R","BOSS","M","M","$","M","$","E","R","M","T","R","M","M","E","M","R","BOSS"],"build_version":"2018-11-08","purchased_purges":4,"victory":true,"max_hp_per_floor":[75,75,75,75,75,75,75,75,75,75,75,75,75,75,75,75,75,75,75,75,75,75,75,75,75,75,75,75,75,75,75,75,75,75,75,75,75,75,75,75,75,75,75,75,75,75,75,75,75,75],"card_choices":[{"not_picked":["Go for the Eyes","Redo"],"picked":"White Noise","floor":1.0},{"not_picked":["BootSequence","Sweeping Beam"],"picked":"Self Repair","floor":4.0},{"not_picked":["Fusion","Compile Driver"],"picked":"Cold Snap","floor":6.0},{"not_picked":["Beam Cell","Steam Power"],"picked":"Cold Snap","floor":7.0},{"not_picked":["Genetic Algorithm","Cold Snap"],"picked":"Seek","floor":11.0},{"not_picked":["Steam","Go for the Eyes","Streamline"],"picked":"SKIP","floor":12.0},{"not_picked":["Double Energy","Lockon"],"picked":"Seek","floor":14.0},{"not_picked":["Seek","Multi-Cast"],"picked":"Amplify","floor":16.0},{"not_picked":["Reprogram","Gash"],"picked":"Leap","floor":18.0},{"not_picked":["Sweeping Beam","Doom and Gloom"],"picked":"Cold Snap+1","floor":21.0},{"not_picked":["Ball Lightning+1","Barrage"],"picked":"White Noise","floor":24.0},{"not_picked":["Skim+1","Steam+1"],"picked":"Hologram+1","floor":27.0},{"not_picked":["Gash+1","Sweeping Beam+1"],"picked":"Darkness+1","floor":29.0},{"not_picked":["Compile Driver+1","Force Field"],"picked":"Buffer","floor":30.0},{"not_picked":["BootSequence","Ball Lightning+1"],"picked":"Chill","floor":31.0},{"not_picked":["Machine Learning","Fission"],"picked":"Buffer","floor":33.0},{"not_picked":["Streamline+1","Auto Shields"],"picked":"Darkness","floor":35.0},{"not_picked":["Ball Lightning+1","Cold Snap+1","Steam+1"],"picked":"SKIP","floor":36.0},{"not_picked":["Steam+1","Beam Cell+1"],"picked":"Creative AI","floor":38},{"not_picked":["BootSequence","Redo+1","Skim+1"],"picked":"SKIP","floor":40},{"not_picked":["Leap+1","Melter"],"picked":"Storm+1","floor":42},{"not_picked":["Chill","Leap","Compile Driver+1"],"picked":"SKIP","floor":45},{"not_picked":["Gash+1","Redo+1"],"picked":"Rainbow","floor":46},{"not_picked":["Aggregate+1","Skim+1"],"picked":"White Noise+1","floor":47},{"not_picked":["Double Energy+1","Ball Lightning+1","Loop"],"picked":"SKIP","floor":48}],"player_experience":9964,"relics_obtained":[{"floor":6.0,"key":"StoneCalendar"},{"floor":9.0,"key":"MawBank"},{"floor":14.0,"key":"Potion Belt"},{"floor":24.0,"key":"Centennial Puzzle"},{"floor":26.0,"key":"Darkstone Periapt"},{"floor":29.0,"key":"Bag of Marbles"},{"floor":40,"key":"Incense Burner"},{"floor":43,"key":"Peace Pipe"},{"floor":47,"key":"Pen Nib"}],"event_choices":[{"damage_healed":0.0,"max_hp_gain":0.0,"max_hp_loss":0.0,"gold_gain":0.0,"event_name":"Scrap Ooze","player_choice":"Success","floor":2.0,"gold_loss":0.0,"damage_taken":3.0,"relics_obtained":["Happy Flower"]},{"damage_healed":0.0,"max_hp_gain":0.0,"max_hp_loss":0.0,"gold_gain":0.0,"event_name":"Shining Light","player_choice":"Entered Light","floor":3.0,"gold_loss":0.0,"damage_taken":15.0,"cards_upgraded":["White Noise","Strike_B"]},{"damage_healed":0.0,"max_hp_gain":0.0,"max_hp_loss":0.0,"gold_gain":0.0,"event_name":"Lab","player_choice":"Got Potions","floor":8.0,"gold_loss":0.0,"damage_taken":0.0},{"damage_healed":0.0,"max_hp_gain":0.0,"max_hp_loss":0.0,"gold_gain":0.0,"event_name":"Nest","player_choice":"Joined the Cult","floor":19.0,"gold_loss":0.0,"damage_taken":6.0,"cards_obtained":["RitualDagger"]},{"cards_removed":["Defend_B"],"damage_healed":0.0,"max_hp_gain":0.0,"max_hp_loss":0.0,"gold_gain":0.0,"event_name":"Purifier","player_choice":"Purged","floor":22.0,"gold_loss":0.0,"damage_taken":0.0}],"is_beta":true,"boss_relics":[{"not_picked":["Busted Crown","Black Star"],"picked":"Sozu"},{"not_picked":["Astrolabe","Calling Bell"],"picked":"Empty Cage"}],"items_purged_floors":[5,20,37,39],"is_endless":false,"potions_floor_spawned":[4,6,18,24,31,33,36,42,45],"ascension_level":0}