{"gold_per_floor":[111,123,137,148,20,20,20,20,20,20,30,30,48,48,48,143,143,154,154,154,173,184,184,199,199,222,238,238,238,255,40,40,138,138,158,169,169,14,40,40,40,40,63,80,80,80,100,100,100,100],"floor_reached":50,"playtime":1740,"items_purged":[],"score":482,"play_id":"fcb8d464-6aa1-432d-bd26-457e29e94f6c","local_time":"20190203194105","is_ascension_mode":false,"campfire_choices":[{"data":"Zap","floor":7,"key":"SMITH"},{"data":"Zap","floor":10,"key":"SMITH"},{"data":"Hologram","floor":12,"key":"SMITH"},{"data":"Machine Learning","floor":15,"key":"SMITH"},{"data":"Hello World","floor":23,"key":"SMITH"},{"data":"Hologram","floor":25,"key":"SMITH"},{"floor":29,"key":"REST"},{"data":"Fission","floor":32,"key":"SMITH"},{"data":"Creative AI","floor":40,"key":"SMITH"},{"data":"Defragment","floor":45,"key":"SMITH"},{"data":"Tempest","floor":49,"key":"SMITH"}],"neow_cost":"TEN_PERCENT_HP_LOSS","seed_source_timestamp":17997245109460,"circlet_count":0,"master_deck":["Strike_B","Defend_B","Defend_B","Zap+1","Dualcast","Seek","Aggregate","White Noise","Hologram+1","Hologram+1","Cold Snap","Steam","Hello World+1","Melter","Machine Learning+1","Zap+1","Swift Strike","Chill","Conserve Battery","Meteor Strike","Beam Cell+1","Tempest","Coolheaded+1","Reboot","Chill","Blizzard","Skim","Double Energy","Capacitor","Fission+1","Creative AI+1","Ball Lightning","Hologram+1","Capacitor","Tempest+1","Rebound","Writhe","Injury","Defragment+1","Skim+1"],"special_seed":0,"relics":["Cracked Core","Blue Candle","Cursed Key","FaceOfCleric","Regal Pillow","Coffee Dripper","Juzu Bracelet","Blood Vial"],"potions_floor_usage":[22,27,33,33,50,50,50],"damage_taken":[{"damage":0.0,"enemies":"Small Slimes","floor":1.0,"turns":4.0},{"damage":3.0,"enemies":"Cultist","floor":2.0,"turns":5.0},{"damage":0.0,"enemies":"2 Louse","floor":3.0,"turns":4.0},{"damage":8.0,"enemies":"Large Slime","floor":4.0,"turns":8.0},{"damage":3,"enemies":"Gremlin Gang","floor":11,"turns":4},{"damage":0,"enemies":"3 Louse","floor":13,"turns":3},{"damage":23,"enemies":"Slime Boss","floor":16,"turns":8},{"damage":8,"enemies":"3 Byrds","floor":18,"turns":5},{"damage":5,"enemies":"Shell Parasite","floor":21,"turns":4},{"damage":26,"enemies":"Chosen and Byrds","floor":22,"turns":5},{"damage":16,"enemies":"Snake Plant","floor":24,"turns":5},{"damage":1,"enemies":"Shelled Parasite and Fungi","floor":27,"turns":5},{"damage":1,"enemies":"Sentry and Sphere","floor":30,"turns":3},{"damage":18,"enemies":"Automaton","floor":33,"turns":8},{"damage":23,"enemies":"Orb Walker","floor":35,"turns":3},{"damage":5,"enemies":"3 Darklings","floor":36,"turns":3},{"damage":29,"enemies":"Maw","floor":44,"turns":6},{"damage":20,"enemies":"Transient","floor":47,"turns":5},{"damage":20,"enemies":"Awakened One","floor":50,"turns":2}],"seed_played":"-6403608262984846834","potions_obtained":[{"floor":1.0,"key":"Block Potion"},{"floor":11,"key":"Dexterity Potion"},{"floor":16,"key":"Poison Potion"},{"floor":21,"key":"FearPotion"},{"floor":24,"key":"Block Potion"},{"floor":27,"key":"Poison Potion"},{"floor":35,"key":"Ancient Potion"},{"floor":36,"key":"Weak Potion"},{"floor":37,"key":"SpeedPotion"},{"floor":37,"key":"FairyPotion"},{"floor":37,"key":"SpeedPotion"}],"is_trial":false,"path_per_floor":["M","M","M","M","$","?","R","$","T","R","M","R","M","?","R","B",null,"M","?","?","M","M","R","M","R","T","M","?","R","M","$","R","B",null,"M","M","?","$","T","R","$","?","T","M","R","?","M","$","R","B"],"character_chosen":"DEFECT","items_purchased":["Steam","Hello World","Capacitor","Fission","Capacitor","Tempest","Rebound"],"campfire_rested":1,"item_purchase_floors":[5,5,31,31,38,38,38],"current_hp_per_floor":[68,65,65,57,57,57,57,57,57,57,54,54,54,47,47,24,68,60,60,60,56,31,31,16,16,16,16,16,52,52,52,52,35,74,52,48,48,48,48,48,48,48,48,22,22,22,5,5,5,0],"gold":100,"neow_bonus":"TRANSFORM_TWO_CARDS","is_prod":false,"is_daily":false,"chose_seed":false,"campfire_upgraded":10,"win_rate":0,"timestamp":1549244465,"path_taken":["M","M","M","M","$","?","R","?","T","R","M","R","M","?","R","BOSS","M","?","?","?","M","R","?","R","T","M","?","R","M","$","R","BOSS","M","M","?","$","?","R","?","?","T","M","R","?","M","$","R","BOSS"],"build_version":"2019-01-23","purchased_purges":0,"victory":false,"max_hp_per_floor":[68,68,68,68,68,68,68,68,68,68,68,68,68,68,68,68,68,68,68,68,69,70,70,71,71,71,72,72,72,73,73,73,74,74,75,76,76,76,76,76,76,76,76,77,77,77,78,78,78,78],"card_choices":[{"not_picked":["Barrage","Gash"],"picked":"White Noise","floor":1.0},{"not_picked":["Sweeping Beam","Rebound"],"picked":"Hologram","floor":2.0},{"not_picked":["Redo","Lockon"],"picked":"Hologram","floor":3.0},{"not_picked":["Rebound","Leap"],"picked":"Cold Snap","floor":4.0},{"not_picked":["Sweeping Beam","Steam"],"picked":"Chill","floor":11},{"not_picked":["Gash","Steam"],"picked":"Conserve Battery","floor":13},{"not_picked":["Seek","Hyperbeam"],"picked":"Meteor Strike","floor":16},{"not_picked":["Hologram+1","Redo+1"],"picked":"Beam Cell+1","floor":18},{"not_picked":["Blizzard","Stack"],"picked":"Tempest","floor":21},{"not_picked":["Cold Snap","Leap"],"picked":"Coolheaded+1","floor":22},{"not_picked":["Compile Driver","Redo+1"],"picked":"Reboot","floor":24},{"not_picked":["FTL","Genetic Algorithm+1"],"picked":"Chill","floor":27},{"not_picked":["Heatsinks","Sweeping Beam+1"],"picked":"Double Energy","floor":30},{"not_picked":["Seek","Multi-Cast"],"picked":"Creative AI","floor":33},{"not_picked":["Darkness+1","Reprogram"],"picked":"Ball Lightning","floor":35},{"not_picked":["Undo+1","Redo+1"],"picked":"Hologram+1","floor":36},{"not_picked":["Chill+1","Scrape+1"],"picked":"Defragment","floor":44},{"not_picked":["Lockon+1","Gash+1"],"picked":"Skim+1","floor":47}],"player_experience":727010,"relics_obtained":[{"floor":9,"key":"Blue Candle"},{"floor":26,"key":"Regal Pillow"},{"floor":39,"key":"Juzu Bracelet"},{"floor":43,"key":"Blood Vial"}],"event_choices":[{"damage_healed":0,"gold_gain":0,"player_choice":"4 cards matched","damage_taken":0,"max_hp_gain":0,"max_hp_loss":0,"event_name":"Match and Keep!","floor":6,"gold_loss":0,"cards_obtained":["Melter","Machine Learning","Zap","Swift Strike"]},{"cards_removed":["Defend_B"],"damage_healed":0,"gold_gain":0,"player_choice":"Card Removal","damage_taken":7,"max_hp_gain":0,"max_hp_loss":0,"event_name":"Golden Wing","floor":14,"gold_loss":0},{"damage_healed":0,"gold_gain":0,"player_choice":"Ignored","damage_taken":0,"max_hp_gain":0,"max_hp_loss":0,"event_name":"Vampires","floor":19,"gold_loss":0},{"damage_healed":0,"gold_gain":0,"player_choice":"Trade","damage_taken":0,"relics_obtained":["FaceOfCleric"],"max_hp_gain":0,"max_hp_loss":0,"event_name":"FaceTrader","floor":20,"gold_loss":0},{"damage_healed":0,"gold_gain":0,"cards_transformed":["Strike_B","Defend_B"],"player_choice":"Became Test Subject","damage_taken":0,"max_hp_gain":0,"max_hp_loss":0,"event_name":"Drug Dealer","floor":28,"gold_loss":0,"cards_obtained":["Blizzard","Skim"]},{"damage_healed":0,"gold_gain":0,"player_choice":"Got Potions","damage_taken":0,"max_hp_gain":0,"max_hp_loss":0,"event_name":"Lab","floor":37,"gold_loss":0},{"damage_healed":0,"gold_gain":0,"player_choice":"Ignored","damage_taken":0,"max_hp_gain":0,"max_hp_loss":0,"event_name":"Mysterious Sphere","floor":42,"gold_loss":0},{"cards_removed":["Shame"],"damage_healed":0,"gold_gain":0,"player_choice":"Purged","damage_taken":0,"max_hp_gain":0,"max_hp_loss":0,"event_name":"Purifier","floor":46,"gold_loss":0}],"is_beta":false,"boss_relics":[{"not_picked":["Nuclear Battery","Empty Cage"],"picked":"Cursed Key"},{"not_picked":["White Beast Statue","Eternal Feather"],"picked":"Coffee Dripper"}],"items_purged_floors":[],"is_endless":false,"potions_floor_spawned":[1,11,16,21,24,27,30,35,36,44],"killed_by":"Awakened One","ascension_level":0}