{"gold_per_floor":[119,119,40,59,32,67,67,18,18,30,57,57,96,46,46,167,167,191,191,191,205,4,4],"floor_reached":23,"playtime":660,"items_purged":["Strike_G"],"score":215,"play_id":"ead6ee09-6a0a-40d4-b41a-d1c4bdc92f81","local_time":"20190205215013","is_ascension_mode":true,"campfire_choices":[{"data":"Footwork","floor":7,"key":"SMITH"},{"data":"Poisoned Stab","floor":15,"key":"SMITH"}],"neow_cost":"NONE","seed_source_timestamp":17646306661900,"circlet_count":0,"master_deck":["Defend_G","Defend_G","Defend_G","Defend_G","Defend_G","Strike_G","Strike_G","Survivor","Neutralize+1","All Out Attack","Flechettes","Footwork+1","Poisoned Stab+1","Bane","Catalyst","After Image","Blade Dance+1","Catalyst"],"relics":["Ring of the Snake","Sundial","Blue Candle","Pantograph","Bloody Idol","Singing Bowl","Cursed Key"],"potions_floor_usage":[6,11,13,18,21,23],"damage_taken":[{"damage":0,"enemies":"2 Louse","floor":1,"turns":2},{"damage":0,"enemies":"Cultist","floor":4,"turns":4},{"damage":1,"enemies":"3 Sentries","floor":6,"turns":8},{"damage":0,"enemies":"Small Slimes","floor":10,"turns":4},{"damage":14,"enemies":"Lagavulin","floor":11,"turns":8},{"damage":20,"enemies":"Gremlin Nob","floor":13,"turns":4},{"damage":32,"enemies":"Hexaghost","floor":16,"turns":12},{"damage":9,"enemies":"Shell Parasite","floor":18,"turns":4},{"damage":2,"enemies":"3 Byrds","floor":21,"turns":4},{"damage":63,"enemies":"Gremlin Leader","floor":23,"turns":9}],"seed_played":"-6032283311247378889","potions_obtained":[{"floor":1,"key":"Dexterity Potion"},{"floor":6,"key":"GamblersBrew"},{"floor":13,"key":"Explosive Potion"},{"floor":16,"key":"Poison Potion"}],"is_trial":false,"path_per_floor":["M","?","$","M","$","E","R","$","T","M","E","?","E","?","R","B",null,"M","?","?","M","$","E"],"character_chosen":"THE_SILENT","items_purchased":["Footwork","Bane","Block Potion","Catalyst","Fire Potion"],"campfire_rested":0,"item_purchase_floors":[3,5,8,22,22],"current_hp_per_floor":[70,70,70,70,70,69,69,69,69,69,55,55,37,37,37,30,67,58,58,58,63,63,0],"gold":4,"neow_bonus":"UPGRADE_CARD","is_prod":false,"is_daily":false,"chose_seed":false,"campfire_upgraded":2,"win_rate":0,"timestamp":1549396213,"path_taken":["M","?","$","M","$","E","R","$","T","?","E","?","E","?","R","BOSS","M","?","?","M","$","E"],"build_version":"2019-01-23","purchased_purges":1,"victory":false,"max_hp_per_floor":[70,70,70,70,70,70,70,70,70,70,70,65,67,67,67,67,67,67,67,67,69,69,69],"card_choices":[{"not_picked":["Quick Slash","Backflip"],"picked":"All Out Attack","floor":1},{"not_picked":["Acrobatics","Heel Hook"],"picked":"Poisoned Stab","floor":4},{"not_picked":["Distraction","Tools of the Trade","Underhanded Strike"],"picked":"SKIP","floor":6},{"not_picked":["Cloak And Dagger","Outmaneuver","Dagger Throw"],"picked":"SKIP","floor":10},{"not_picked":["Tactician","Skewer"],"picked":"Catalyst","floor":11},{"not_picked":["Flying Knee","Expertise","Unload"],"picked":"Singing Bowl","floor":13},{"not_picked":["Unload","Grand Finale"],"picked":"After Image","floor":16},{"not_picked":["Acrobatics","Prepared"],"picked":"Blade Dance+1","floor":18},{"not_picked":["Skewer","Flechettes","Underhanded Strike"],"picked":"Singing Bowl","floor":21}],"player_experience":635835,"relics_obtained":[{"floor":6,"key":"Sundial"},{"floor":9,"key":"Blue Candle"},{"floor":11,"key":"Pantograph"},{"floor":13,"key":"Singing Bowl"}],"event_choices":[{"damage_healed":0,"gold_gain":0,"cards_transformed":["Strike_G"],"player_choice":"Transformed","damage_taken":0,"max_hp_gain":0,"max_hp_loss":0,"event_name":"Transmorgrifier","floor":2,"gold_loss":0,"cards_obtained":["Flechettes"]},{"damage_healed":0,"gold_gain":0,"player_choice":"Lose Max HP","damage_taken":0,"relics_obtained":["Golden Idol"],"max_hp_gain":0,"max_hp_loss":5,"event_name":"Golden Idol","floor":12,"gold_loss":0},{"cards_removed":["Strike_G"],"damage_healed":0,"gold_gain":0,"player_choice":"Card Removal","damage_taken":0,"max_hp_gain":0,"max_hp_loss":0,"event_name":"The Cleric","floor":14,"gold_loss":50},{"damage_healed":0,"gold_gain":0,"player_choice":"Gave Idol","damage_taken":0,"relics_obtained":["Bloody Idol"],"max_hp_gain":0,"max_hp_loss":0,"event_name":"Forgotten Altar","floor":19,"relics_lost":["Golden Idol"],"gold_loss":0},{"damage_healed":0,"gold_gain":0,"player_choice":"Ignored","damage_taken":0,"max_hp_gain":0,"max_hp_loss":0,"event_name":"Vampires","floor":20,"gold_loss":0}],"is_beta":false,"boss_relics":[{"not_picked":["Lizard Tail","Eternal Feather"],"picked":"Cursed Key"}],"items_purged_floors":[22],"is_endless":false,"potions_floor_spawned":[1,6,13,16],"killed_by":"Gremlin Leader","ascension_level":1}