{"gold_per_floor":[119,119,130,130,130,130,165,165,191,203,79,79,98,116,116,216,216,231,321,336,234,247,265,292,292,344,344,375,174,184,202,202,302,302,315,1,101,115,33,33,44,44,44,44,64,92,92,106,106,106],"floor_reached":51,"playtime":3943,"items_purged":["Strike_R","Strike_R","Defend_R"],"score":792,"play_id":"7b856200-30fd-43af-b6ed-aa81526c8b20","local_time":"20190129011553","is_ascension_mode":false,"campfire_choices":[{"data":"Sever Soul","floor":6.0,"key":"SMITH"},{"data":"Shrug It Off","floor":8.0,"key":"SMITH"},{"data":"Barricade","floor":15.0,"key":"SMITH"},{"data":"Body Slam","floor":25.0,"key":"SMITH"},{"floor":27.0,"key":"REST"},{"data":"Body Slam","floor":32.0,"key":"SMITH"},{"data":"Impervious","floor":40.0,"key":"SMITH"},{"data":"Impervious","floor":42.0,"key":"SMITH"},{"data":"Entrench","floor":44.0,"key":"SMITH"},{"data":"Flex","floor":47.0,"key":"SMITH"},{"data":"Flex","floor":49.0,"key":"SMITH"}],"neow_cost":"NONE","seed_source_timestamp":0,"circlet_count":0,"master_deck":["Strike_R","Strike_R","Defend_R","Defend_R","Defend_R","Bash","Sever Soul+1","Shrug It Off+1","Entrench+1","Flex+1","Headbutt","Power Through","Barricade+1","Impervious+1","Flex+1","Rampage","Body Slam+1","Battle Trance+1","Impervious+1","Body Slam+1","Barricade","Body Slam+1","Entrench+1","Parasite","Flame Barrier+1"],"special_seed":0,"relics":["Burning Blood","Regal Pillow","Blood Vial","Smiling Mask","Incense Burner","Mark of Pain","Matryoshka","Ornamental Fan","Lantern","Bronze Scales","Oddly Smooth Stone","Black Star","Gambling Chip","Girya","Vajra","Meat on the Bone","Dream Catcher","Mummified Hand"],"potions_floor_usage":[50,50,50],"damage_taken":[{"damage":1.0,"enemies":"2 Louse","floor":1.0,"turns":2.0},{"damage":0.0,"enemies":"Small Slimes","floor":3.0,"turns":4.0},{"damage":54.0,"enemies":"Lagavulin","floor":7.0,"turns":12.0},{"damage":7.0,"enemies":"Jaw Worm","floor":10.0,"turns":3.0},{"damage":5.0,"enemies":"Looter","floor":13.0,"turns":3.0},{"damage":0.0,"enemies":"Large Slime","floor":14.0,"turns":11.0},{"damage":0.0,"enemies":"Hexaghost","floor":16.0,"turns":22.0},{"damage":0.0,"enemies":"Shell Parasite","floor":18.0,"turns":9.0},{"damage":18.0,"enemies":"Spheric Guardian","floor":20.0,"turns":8.0},{"damage":3.0,"enemies":"Cultist and Chosen","floor":22.0,"turns":12.0},{"damage":24.0,"enemies":"Sentry and Sphere","floor":23.0,"turns":9.0},{"damage":37.0,"enemies":"Book of Stabbing","floor":24.0,"turns":10.0},{"damage":0.0,"enemies":"Slavers","floor":28.0,"turns":6.0},{"damage":0.0,"enemies":"Snake Plant","floor":30.0,"turns":2.0},{"damage":0.0,"enemies":"Cultist and Chosen","floor":31.0,"turns":4.0},{"damage":12.0,"enemies":"Automaton","floor":33.0,"turns":10.0},{"damage":4.0,"enemies":"Orb Walker","floor":35.0,"turns":4.0},{"damage":0.0,"enemies":"Mind Bloom Boss Battle","floor":37.0,"turns":5.0},{"damage":0.0,"enemies":"3 Shapes","floor":38.0,"turns":4.0},{"damage":0.0,"enemies":"Writhing Mass","floor":41.0,"turns":6.0},{"damage":0.0,"enemies":"Transient","floor":45.0,"turns":5.0},{"damage":0.0,"enemies":"Giant Head","floor":46.0,"turns":5.0},{"damage":0.0,"enemies":"Sphere and 2 Shapes","floor":48.0,"turns":4.0},{"damage":12,"enemies":"Donu and Deca","floor":50,"turns":10}],"seed_played":"-5673339036970305351","potions_obtained":[{"floor":7.0,"key":"SteroidPotion"},{"floor":10.0,"key":"Swift Potion"},{"floor":18.0,"key":"Block Potion"},{"floor":24.0,"key":"BloodPotion"},{"floor":28.0,"key":"Energy Potion"},{"floor":31.0,"key":"Block Potion"},{"floor":35.0,"key":"GamblersBrew"},{"floor":38.0,"key":"GamblersBrew"},{"floor":48.0,"key":"Dexterity Potion"}],"is_trial":false,"path_per_floor":["M","?","M","?","?","R","E","R","T","M","$","T","M","M","R","B",null,"M","?","M","$","M","M","E","R","T","R","E","$","M","M","R","B",null,"M","$","?","M","$","R","M","R","T","R","M","E","R","M","R","B",null],"character_chosen":"IRONCLAD","items_purchased":["Power Through","Body Slam","Oddly Smooth Stone","Gambling Chip","Entrench"],"campfire_rested":1,"item_purchase_floors":[11,21,29,36,39],"current_hp_per_floor":[80,80,80,80,68,68,20,20,20,21,21,21,24,32,32,40,80,80,64,54,54,59,43,14,14,14,53,61,61,69,77,77,73,80,80,80,80,80,80,80,80,80,80,80,80,80,80,80,80,74],"gold":106,"neow_bonus":"TRANSFORM_CARD","is_prod":false,"is_daily":false,"chose_seed":false,"campfire_upgraded":10,"win_rate":0.0,"timestamp":1548742553,"path_taken":["M","?","M","?","?","R","E","R","T","M","?","?","M","M","R","BOSS","M","?","M","$","M","M","E","R","T","R","E","$","M","?","R","BOSS","M","$","?","M","$","R","M","R","T","R","M","E","R","M","R","BOSS"],"build_version":"2019-01-23","purchased_purges":3,"victory":true,"max_hp_per_floor":[80,80,80,80,80,80,80,80,80,80,80,80,80,80,80,80,80,80,80,80,80,80,80,80,80,80,80,80,80,80,80,80,80,80,80,80,80,80,80,80,80,80,80,80,80,80,80,80,80,80],"card_choices":[{"not_picked":["Cleave","Rage"],"picked":"Shrug It Off","floor":1.0},{"not_picked":["Dual Wield","Uppercut"],"picked":"Entrench","floor":3.0},{"not_picked":["Clothesline","Sever Soul"],"picked":"Flex","floor":7.0},{"not_picked":["Rampage","Heavy Blade"],"picked":"Headbutt","floor":10.0},{"not_picked":["Flex","Anger"],"picked":"Barricade","floor":13.0},{"not_picked":["Disarm","Combust","Clash"],"picked":"SKIP","floor":14.0},{"not_picked":["Barricade","Bludgeon"],"picked":"Impervious","floor":16.0},{"not_picked":["Twin Strike+1","Armaments"],"picked":"Flex","floor":18.0},{"not_picked":["Dropkick","Anger"],"picked":"Rampage","floor":20.0},{"not_picked":["Sword Boomerang","Wild Strike","Blood for Blood+1"],"picked":"SKIP","floor":22.0},{"not_picked":["Flex","Inflame"],"picked":"Battle Trance+1","floor":23.0},{"not_picked":["Fire Breathing","Reaper","Sword Boomerang"],"picked":"SKIP","floor":24.0},{"not_picked":["Bloodletting+1","Feel No Pain"],"picked":"Impervious","floor":28.0},{"not_picked":["Anger+1","Armaments","Cleave"],"picked":"SKIP","floor":30.0},{"not_picked":["Heavy Blade","Perfected Strike+1"],"picked":"Body Slam","floor":31.0},{"not_picked":["Immolate","Dark Embrace"],"picked":"Barricade","floor":33.0},{"not_picked":["Twin Strike+1","Clash","Sword Boomerang"],"picked":"SKIP","floor":35.0},{"not_picked":["Rupture+1","Cleave+1"],"picked":"Body Slam+1","floor":38.0},{"not_picked":["Brutality","True Grit"],"picked":"Flame Barrier+1","floor":41.0},{"not_picked":["Thunderclap+1","Perfected Strike+1","Heavy Blade"],"picked":"SKIP","floor":45.0},{"not_picked":["Combust","Reaper","Blood for Blood"],"picked":"SKIP","floor":46.0},{"not_picked":["Headbutt","Dual Wield+1","Body Slam"],"picked":"SKIP","floor":48.0}],"player_experience":63611,"relics_obtained":[{"floor":7.0,"key":"Blood Vial"},{"floor":9.0,"key":"Smiling Mask"},{"floor":12.0,"key":"Incense Burner"},{"floor":24.0,"key":"Matryoshka"},{"floor":26.0,"key":"Ornamental Fan"},{"floor":26.0,"key":"Lantern"},{"floor":28.0,"key":"Bronze Scales"},{"floor":37.0,"key":"Girya"},{"floor":43.0,"key":"Vajra"},{"floor":43.0,"key":"Meat on the Bone"},{"floor":46.0,"key":"Dream Catcher"},{"floor":46.0,"key":"Mummified Hand"}],"event_choices":[{"damage_healed":0.0,"max_hp_gain":0.0,"max_hp_loss":0.0,"gold_gain":0.0,"event_name":"Liars Game","player_choice":"Ignored","floor":2.0,"gold_loss":0.0,"damage_taken":0.0},{"damage_healed":0.0,"max_hp_gain":0.0,"max_hp_loss":0.0,"gold_gain":0.0,"event_name":"Living Wall","player_choice":"Grow","floor":4.0,"gold_loss":0.0,"damage_taken":0.0,"cards_upgraded":["Entrench"]},{"damage_healed":0.0,"max_hp_gain":0.0,"max_hp_loss":0.0,"gold_gain":0.0,"event_name":"Scrap Ooze","player_choice":"Success","floor":5.0,"gold_loss":0.0,"damage_taken":12.0,"relics_obtained":["Regal Pillow"]},{"damage_healed":0.0,"max_hp_gain":0.0,"max_hp_loss":0.0,"gold_gain":90.0,"event_name":"Knowing Skull","player_choice":"GOLD ","floor":19.0,"potions_obtained":[],"gold_loss":0.0,"damage_taken":16.0,"cards_obtained":[]},{"damage_healed":0.0,"max_hp_gain":0.0,"max_hp_loss":0.0,"gold_gain":0.0,"event_name":"MindBloom","player_choice":"Fight","floor":37.0,"gold_loss":0.0,"damage_taken":0.0}],"is_beta":false,"boss_relics":[{"not_picked":["Calling Bell","Tiny House"],"picked":"Mark of Pain"},{"not_picked":["Coffee Dripper","Snecko Eye"],"picked":"Black Star"}],"items_purged_floors":[11,21,29],"is_endless":false,"potions_floor_spawned":[7,10,18,24,28,31,35,38,41,48],"ascension_level":0}