{"gold_per_floor":[110,110,120,45,120,120,148,148,148,148,178,241,241,22,22,123,123,93,93,93,22,22,22,22,22,22,22,22,22,22,22,22,22,22,22,22,22,22,22,22,22,22,22,22,22,22,22,22,22,22],"floor_reached":51,"playtime":3655,"items_purged":["Parasite","Strike_B"],"score":787,"play_id":"2a285f13-0e8b-41b5-8e4c-2b1da1c0ef2a","local_time":"20190131152710","is_ascension_mode":true,"campfire_choices":[{"data":"Zap","floor":6.0,"key":"SMITH"},{"data":"Seek","floor":8.0,"key":"SMITH"},{"data":"Storm","floor":10.0,"key":"SMITH"},{"data":"Conserve Battery","floor":15.0,"key":"SMITH"},{"data":"Fission","floor":23.0,"key":"SMITH"},{"data":"Amplify","floor":25.0,"key":"SMITH"},{"data":"White Noise","floor":27.0,"key":"SMITH"},{"data":"Capacitor","floor":32.0,"key":"SMITH"},{"data":"Fission","floor":40.0,"key":"SMITH"},{"data":"Coolheaded","floor":44.0,"key":"SMITH"},{"data":"Consume","floor":47.0,"key":"SMITH"},{"floor":49.0,"key":"REST"}],"neow_cost":"CURSE","seed_source_timestamp":0,"circlet_count":0,"master_deck":["Strike_B","Defend_B","Defend_B","Defend_B","Defend_B","Zap+1","Dualcast","Storm","Biased Cognition","Hologram","Seek+1","Storm+1","White Noise+1","Coolheaded+1","Self Repair","Conserve Battery+1","Fission+1","Capacitor+1","RitualDagger","Self Repair","Leap","Amplify+1","White Noise+1","Conserve Battery","Fission+1","Coolheaded+1","Skim+1","Echo Form","Lockon+1","Consume+1","Consume"],"special_seed":0,"relics":["Cracked Core","Bottled Tornado","Mercury Hourglass","Art of War","Du-Vu Doll","Ectoplasm","Dodecahedron","Inserter","Shuriken"],"potions_floor_usage":[50,50],"damage_taken":[{"damage":10.0,"enemies":"2 Louse","floor":1.0,"turns":2.0},{"damage":1.0,"enemies":"Cultist","floor":3.0,"turns":3.0},{"damage":7.0,"enemies":"Lagavulin","floor":7.0,"turns":5.0},{"damage":10.0,"enemies":"3 Sentries","floor":11.0,"turns":3.0},{"damage":18.0,"enemies":"Gremlin Nob","floor":12.0,"turns":4.0},{"damage":0.0,"enemies":"Slime Boss","floor":16.0,"turns":4.0},{"damage":22.0,"enemies":"2 Thieves","floor":18.0,"turns":2.0},{"damage":1.0,"enemies":"Spheric Guardian","floor":20.0,"turns":3.0},{"damage":13.0,"enemies":"Snake Plant","floor":22.0,"turns":2.0},{"damage":20.0,"enemies":"Cultist and Chosen","floor":24.0,"turns":5.0},{"damage":0.0,"enemies":"Sentry and Sphere","floor":28.0,"turns":1.0},{"damage":0.0,"enemies":"Snake Plant","floor":31.0,"turns":2.0},{"damage":22.0,"enemies":"Collector","floor":33.0,"turns":5.0},{"damage":3.0,"enemies":"Orb Walker","floor":35.0,"turns":3.0},{"damage":15.0,"enemies":"3 Shapes","floor":36.0,"turns":2.0},{"damage":0.0,"enemies":"Maw","floor":37.0,"turns":5.0},{"damage":14.0,"enemies":"Jaw Worm Horde","floor":38.0,"turns":3.0},{"damage":0.0,"enemies":"Transient","floor":39.0,"turns":5.0},{"damage":15.0,"enemies":"Writhing Mass","floor":41.0,"turns":3.0},{"damage":15.0,"enemies":"4 Shapes","floor":45.0,"turns":2.0},{"damage":30.0,"enemies":"3 Darklings","floor":46.0,"turns":3.0},{"damage":0.0,"enemies":"Sphere and 2 Shapes","floor":48.0,"turns":3.0},{"damage":62,"enemies":"Awakened One","floor":50,"turns":9}],"seed_played":"3139021183283817818","potions_obtained":[{"floor":12.0,"key":"FearPotion"},{"floor":16.0,"key":"Explosive Potion"},{"floor":20.0,"key":"Poison Potion"},{"floor":31.0,"key":"GamblersBrew"},{"floor":37.0,"key":"Dexterity Potion"},{"floor":39.0,"key":"AttackPotion"},{"floor":45.0,"key":"Block Potion"}],"is_trial":false,"path_per_floor":["M","?","M","$","?","R","E","R","T","R","E","?","?","$","R","B",null,"M","?","M","$","M","R","M","R","T","R","M","$","?","M","R","B",null,"M","M","M","M","M","R","M","$","T","R","M","M","R","M","R","B",null],"character_chosen":"DEFECT","items_purchased":["Self Repair","Conserve Battery","Self Repair"],"campfire_rested":1,"item_purchase_floors":[14,14,21],"current_hp_per_floor":[65,65,64,64,53,53,46,46,46,46,36,18,72,72,72,72,72,50,44,43,43,44,44,38,38,38,38,38,38,38,38,38,30,72,72,57,72,72,72,72,71,71,71,71,63,33,33,47,68,13],"gold":22,"neow_bonus":"TRANSFORM_TWO_CARDS","is_prod":false,"is_daily":false,"chose_seed":false,"campfire_upgraded":11,"win_rate":1,"timestamp":1548944830,"path_taken":["M","?","?","$","?","R","E","R","T","R","E","?","?","$","R","BOSS","M","?","M","$","M","R","M","R","T","R","M","?","?","M","R","BOSS","M","?","M","?","M","R","M","?","T","R","M","M","R","M","R","BOSS"],"build_version":"2019-01-23","purchased_purges":2,"victory":true,"max_hp_per_floor":[75,75,75,72,72,72,72,72,72,72,72,72,72,72,72,72,72,72,72,72,72,72,72,72,72,72,72,72,72,72,72,72,72,72,72,72,72,72,72,72,72,72,72,72,72,72,72,72,72,72],"card_choices":[{"not_picked":["Stack","Barrage"],"picked":"Hologram","floor":1.0},{"not_picked":["Compile Driver","Beam Cell"],"picked":"Storm","floor":3.0},{"not_picked":["Rip and Tear","Chaos"],"picked":"White Noise","floor":7.0},{"not_picked":["Go for the Eyes","Leap"],"picked":"Coolheaded","floor":11.0},{"not_picked":["Seek","Core Surge"],"picked":"Fission","floor":16.0},{"not_picked":["Lockon","Beam Cell"],"picked":"Capacitor","floor":18.0},{"not_picked":["Barrage","Tempest","Go for the Eyes"],"picked":"SKIP","floor":20.0},{"not_picked":["Coolheaded","Stack"],"picked":"Leap","floor":22.0},{"not_picked":["Rebound","Steam+1"],"picked":"Amplify","floor":24.0},{"not_picked":["Chill+1","Storm"],"picked":"White Noise+1","floor":28.0},{"not_picked":["Scrape","Streamline"],"picked":"Conserve Battery","floor":31.0},{"not_picked":["Hyperbeam","Multi-Cast"],"picked":"Fission","floor":33.0},{"not_picked":["Steam+1","Hologram","Ball Lightning"],"picked":"SKIP","floor":35.0},{"not_picked":["Turbo+1","Redo","Ball Lightning+1"],"picked":"SKIP","floor":36.0},{"not_picked":["Self Repair+1","Steam Power+1"],"picked":"Coolheaded+1","floor":37.0},{"not_picked":["Melter","Beam Cell+1"],"picked":"Skim+1","floor":38.0},{"not_picked":["Barrage+1","Stack"],"picked":"Echo Form","floor":39.0},{"not_picked":["Heatsinks","Barrage"],"picked":"Lockon+1","floor":41.0},{"not_picked":["Gash","Undo","Recycle"],"picked":"SKIP","floor":45.0},{"not_picked":["Ball Lightning","Fission"],"picked":"Consume","floor":46.0},{"not_picked":["Coolheaded","Cold Snap"],"picked":"Consume","floor":48.0}],"player_experience":62585,"relics_obtained":[{"floor":7.0,"key":"Bottled Tornado"},{"floor":9.0,"key":"Mercury Hourglass"},{"floor":11.0,"key":"Art of War"},{"floor":12.0,"key":"Du-Vu Doll"},{"floor":26.0,"key":"Dodecahedron"},{"floor":43.0,"key":"Shuriken"}],"event_choices":[{"damage_healed":0.0,"max_hp_gain":0.0,"max_hp_loss":0.0,"gold_gain":0.0,"event_name":"Match and Keep!","player_choice":"1 cards matched","floor":2.0,"gold_loss":0.0,"damage_taken":0.0,"cards_obtained":["Seek"]},{"damage_healed":0.0,"max_hp_gain":0.0,"max_hp_loss":0.0,"gold_gain":75.0,"event_name":"World of Goop","player_choice":"Gather Gold","floor":5.0,"gold_loss":0.0,"damage_taken":11.0},{"damage_healed":0.0,"max_hp_gain":0.0,"max_hp_loss":0.0,"gold_gain":0.0,"event_name":"Dead Adventurer","player_choice":"Searched \u00271\u0027 times","floor":12.0,"gold_loss":0.0,"damage_taken":0.0},{"damage_healed":54.0,"max_hp_gain":0.0,"max_hp_loss":0.0,"gold_gain":0.0,"event_name":"Wheel of Change","player_choice":"Full Heal","floor":13.0,"gold_loss":0.0,"damage_taken":0.0},{"damage_healed":0.0,"max_hp_gain":0.0,"max_hp_loss":0.0,"gold_gain":0.0,"event_name":"Nest","player_choice":"Joined the Cult","floor":19.0,"gold_loss":0.0,"damage_taken":6.0,"cards_obtained":["RitualDagger"]},{"damage_healed":0.0,"max_hp_gain":0.0,"max_hp_loss":0.0,"gold_gain":100.0,"event_name":"Golden Shrine","player_choice":"Pray","floor":30.0,"gold_loss":0.0,"damage_taken":0.0}],"is_beta":false,"boss_relics":[{"not_picked":["Philosopher\u0027s Stone","Orrery"],"picked":"Ectoplasm"},{"not_picked":["Calling Bell","Velvet Choker"],"picked":"Inserter"}],"items_purged_floors":[4,14],"is_endless":false,"potions_floor_spawned":[12,16,20,31,37,39,45],"ascension_level":3}