{"gold_per_floor":[109,59,59,69,69,69,15,15,40,40,40,61,61,104,104,228,228,243,256,274,299,424,462,15,15,15,15,40,40,70,93,93,224,224,239,40,40,58,1,1,0,125,125,225,243,243,256,589,589,589],"floor_reached":51,"playtime":1433,"items_purged":["Strike_B","Pain"],"score":736,"play_id":"17457060-f4cc-4700-931a-92db5eb1984f","local_time":"20190205013704","is_ascension_mode":false,"campfire_choices":[{"data":"Dualcast","floor":6.0,"key":"SMITH"},{"data":"Conserve Battery","floor":8.0,"key":"SMITH"},{"data":"Conserve Battery","floor":10.0,"key":"SMITH"},{"data":"Ball Lightning","floor":15.0,"key":"SMITH"},{"floor":25.0,"key":"REST"},{"data":"Defragment","floor":27.0,"key":"SMITH"},{"floor":32.0,"key":"REST"},{"data":"1","floor":40.0,"key":"LIFT"},{"data":"2","floor":46.0,"key":"LIFT"},{"data":"3","floor":49.0,"key":"LIFT"}],"neow_cost":"NONE","seed_source_timestamp":10585875187819,"circlet_count":0,"master_deck":["Strike_B","Defend_B","Defend_B","Defend_B","Zap+1","Dualcast+1","Conserve Battery+1","Ball Lightning+1","Conserve Battery+1","Melter","Biased Cognition","Conserve Battery","Leap+1","Cold Snap","Ball Lightning","Chill","Defragment+1","Discovery","Chaos","Compile Driver","Melter+1","Multi-Cast","FTL","Steam+1","Clumsy","Writhe","Hologram+1","Leap+1"],"special_seed":0,"relics":["Cracked Core","Smiling Mask","Omamori","CultistMask","Bottled Flame","Boot","Busted Crown","Pocketwatch","Matryoshka","Darkstone Periapt","Regal Pillow","Cables","Dream Catcher","Tiny Chest","Calling Bell","Juzu Bracelet","Singing Bowl","Unceasing Top","Bronze Scales","Girya","Red Mask","Prayer Wheel","Centennial Puzzle","Bird Faced Urn"],"potions_floor_usage":[50,50,50],"damage_taken":[{"damage":10.0,"enemies":"Small Slimes","floor":1.0,"turns":2.0},{"damage":0.0,"enemies":"Jaw Worm","floor":4.0,"turns":4.0},{"damage":0.0,"enemies":"2 Louse","floor":12.0,"turns":2.0},{"damage":18.0,"enemies":"Gremlin Nob","floor":14.0,"turns":4.0},{"damage":16.0,"enemies":"The Guardian","floor":16.0,"turns":11.0},{"damage":0.0,"enemies":"Chosen","floor":18.0,"turns":4.0},{"damage":0.0,"enemies":"Shell Parasite","floor":19.0,"turns":3.0},{"damage":5.0,"enemies":"Centurion and Healer","floor":20.0,"turns":11.0},{"damage":0.0,"enemies":"Snecko","floor":21.0,"turns":5.0},{"damage":5.0,"enemies":"Colosseum Slavers","floor":22.0,"turns":4.0},{"damage":16.0,"enemies":"Colosseum Nobs","floor":22.0,"turns":6.0},{"damage":23.0,"enemies":"Slavers","floor":23.0,"turns":4.0},{"damage":5.0,"enemies":"3 Cultists","floor":28.0,"turns":5.0},{"damage":13.0,"enemies":"Shelled Parasite and Fungi","floor":31.0,"turns":3.0},{"damage":59.0,"enemies":"Collector","floor":33.0,"turns":11.0},{"damage":3.0,"enemies":"3 Shapes","floor":35.0,"turns":3.0},{"damage":21.0,"enemies":"3 Darklings","floor":38.0,"turns":3.0},{"damage":0.0,"enemies":"Mind Bloom Boss Battle","floor":42.0,"turns":5.0},{"damage":5.0,"enemies":"Writhing Mass","floor":45.0,"turns":5.0},{"damage":6.0,"enemies":"4 Shapes","floor":47.0,"turns":4.0},{"damage":13,"enemies":"Awakened One","floor":50,"turns":16}],"seed_played":"-2223826929853682558","potions_obtained":[{"floor":4.0,"key":"Dexterity Potion"},{"floor":12.0,"key":"Ancient Potion"},{"floor":16.0,"key":"Fire Potion"},{"floor":19.0,"key":"LiquidBronze"},{"floor":28.0,"key":"Fire Potion"},{"floor":33.0,"key":"GamblersBrew"},{"floor":42.0,"key":"SkillPotion"}],"is_trial":false,"path_per_floor":["M","?","T","M","?","R","$","R","T","R","?","M","T","E","R","B",null,"M","M","M","M","?","E","$","R","T","R","M","?","?","M","R","B",null,"M","$","?","M","?","R","?","?","T","?","M","R","M","?","R","B",null],"character_chosen":"DEFECT","items_purchased":["Conserve Battery","Defragment","Discovery","Regal Pillow","Chaos","Compile Driver","Bronze Scales"],"campfire_rested":2,"item_purchase_floors":[7,24,24,24,24,24,36],"current_hp_per_floor":[65,65,65,65,65,65,65,65,65,65,65,65,65,47,47,31,69,69,69,64,64,43,20,20,55,55,55,50,50,50,37,69,10,81,80,80,89,70,70,70,70,72,72,72,71,71,71,71,71,62],"gold":589,"neow_bonus":"UPGRADE_CARD","is_prod":false,"is_daily":false,"chose_seed":false,"campfire_upgraded":5,"win_rate":0,"timestamp":1549352224,"path_taken":["M","?","?","M","?","R","$","R","T","R","?","?","?","E","R","BOSS","M","M","M","M","?","E","$","R","T","R","M","?","?","M","R","BOSS","M","$","?","M","?","R","?","?","T","?","M","R","M","?","R","BOSS"],"build_version":"2019-01-23","purchased_purges":2,"victory":true,"max_hp_per_floor":[75,75,75,75,69,69,69,69,69,69,69,69,69,69,69,69,69,69,69,69,69,69,69,69,69,69,69,69,69,69,69,69,69,81,83,83,89,91,91,91,91,93,93,93,93,93,97,97,97,97],"card_choices":[{"not_picked":["Turbo","Aggregate"],"picked":"Conserve Battery","floor":1.0},{"not_picked":["Coolheaded","Beam Cell"],"picked":"Ball Lightning","floor":4.0},{"not_picked":["Gash","Redo","Rip and Tear"],"picked":"SKIP","floor":12.0},{"not_picked":["Doom and Gloom","Sweeping Beam"],"picked":"Melter","floor":14.0},{"not_picked":["Amplify","Reboot"],"picked":"Biased Cognition","floor":16.0},{"not_picked":[],"picked":"Conserve Battery","floor":18.0},{"not_picked":[],"picked":"Leap+1","floor":19.0},{"not_picked":[],"picked":"Cold Snap","floor":20.0},{"not_picked":["Barrage"],"picked":"SKIP","floor":21.0},{"not_picked":[],"picked":"Ball Lightning","floor":22.0},{"not_picked":[],"picked":"Chill","floor":23.0},{"not_picked":[],"picked":"Melter+1","floor":28.0},{"not_picked":["Rebound"],"picked":"SKIP","floor":31.0},{"not_picked":[],"picked":"Steam+1","floor":32.0},{"not_picked":["Stack"],"picked":"Singing Bowl","floor":35.0},{"not_picked":["Cold Snap+1"],"picked":"Singing Bowl","floor":38.0},{"not_picked":["Hello World+1"],"picked":"Singing Bowl","floor":42.0},{"not_picked":[],"picked":"Hologram+1","floor":45.0},{"not_picked":[],"picked":"Leap+1","floor":45.0},{"not_picked":["Gash+1"],"picked":"Singing Bowl","floor":47.0},{"not_picked":["Steam Power+1"],"picked":"Singing Bowl","floor":47.0}],"player_experience":753022,"relics_obtained":[{"floor":3.0,"key":"Smiling Mask"},{"floor":9.0,"key":"Omamori"},{"floor":13.0,"key":"Bottled Flame"},{"floor":14.0,"key":"Boot"},{"floor":22.0,"key":"Pocketwatch"},{"floor":22.0,"key":"Matryoshka"},{"floor":23.0,"key":"Darkstone Periapt"},{"floor":26.0,"key":"Cables"},{"floor":26.0,"key":"Dream Catcher"},{"floor":34.0,"key":"Juzu Bracelet"},{"floor":34.0,"key":"Singing Bowl"},{"floor":34.0,"key":"Unceasing Top"},{"floor":42.0,"key":"Prayer Wheel"},{"floor":43.0,"key":"Centennial Puzzle"},{"floor":43.0,"key":"Bird Faced Urn"}],"event_choices":[{"cards_removed":["Strike_B"],"damage_healed":0.0,"max_hp_gain":0.0,"max_hp_loss":0.0,"gold_gain":0.0,"event_name":"The Cleric","player_choice":"Card Removal","floor":2.0,"gold_loss":50.0,"damage_taken":0.0},{"damage_healed":0.0,"max_hp_gain":0.0,"max_hp_loss":6.0,"gold_gain":0.0,"event_name":"Golden Idol","player_choice":"Lose Max HP","floor":5.0,"gold_loss":0.0,"damage_taken":0.0,"relics_obtained":["Golden Idol"]},{"damage_healed":0.0,"max_hp_gain":0.0,"max_hp_loss":0.0,"gold_gain":0.0,"event_name":"FaceTrader","player_choice":"Trade","floor":11.0,"gold_loss":0.0,"damage_taken":0.0,"relics_obtained":["CultistMask"]},{"damage_healed":0.0,"max_hp_gain":0.0,"max_hp_loss":0.0,"gold_gain":0.0,"event_name":"Colosseum","player_choice":"Fight","floor":22.0,"gold_loss":0.0,"damage_taken":0.0},{"damage_healed":0.0,"max_hp_gain":0.0,"max_hp_loss":0.0,"gold_gain":0.0,"event_name":"Colosseum","player_choice":"Fought Nobs","floor":22.0,"gold_loss":0.0,"damage_taken":0.0},{"damage_healed":0.0,"max_hp_gain":0.0,"max_hp_loss":0.0,"gold_gain":0.0,"cards_transformed":["Strike_B","Defend_B"],"event_name":"Drug Dealer","player_choice":"Became Test Subject","floor":29.0,"gold_loss":0.0,"damage_taken":0.0,"cards_obtained":["Multi-Cast","FTL"]},{"damage_healed":0.0,"max_hp_gain":0.0,"max_hp_loss":0.0,"gold_gain":0.0,"event_name":"The Mausoleum","player_choice":"Opened","floor":30.0,"gold_loss":0.0,"damage_taken":0.0,"relics_obtained":["Tiny Chest"],"cards_obtained":["Writhe"]},{"damage_healed":21.0,"max_hp_gain":0.0,"max_hp_loss":0.0,"gold_gain":0.0,"event_name":"Winding Halls","player_choice":"Writhe","floor":37.0,"gold_loss":0.0,"damage_taken":0.0,"cards_obtained":["Writhe"]},{"damage_healed":0.0,"max_hp_gain":0.0,"max_hp_loss":0.0,"gold_gain":0.0,"event_name":"WeMeetAgain","player_choice":"Paid Gold","floor":39.0,"gold_loss":57.0,"damage_taken":0.0,"relics_obtained":["Girya"]},{"damage_healed":0.0,"max_hp_gain":0.0,"max_hp_loss":0.0,"gold_gain":0.0,"event_name":"Tomb of Lord Red Mask","player_choice":"Paid","floor":41.0,"gold_loss":1.0,"damage_taken":0.0,"relics_obtained":["Red Mask"]},{"damage_healed":0.0,"max_hp_gain":0.0,"max_hp_loss":0.0,"gold_gain":0.0,"event_name":"MindBloom","player_choice":"Fight","floor":42.0,"gold_loss":0.0,"damage_taken":0.0},{"damage_healed":0.0,"max_hp_gain":0.0,"max_hp_loss":0.0,"gold_gain":100.0,"event_name":"Golden Shrine","player_choice":"Pray","floor":44.0,"gold_loss":0.0,"damage_taken":0.0},{"damage_healed":0.0,"max_hp_gain":0.0,"max_hp_loss":0.0,"gold_gain":333.0,"event_name":"The Moai Head","player_choice":"Gave Idol","floor":48.0,"relics_lost":["Golden Idol"],"gold_loss":0.0,"damage_taken":0.0}],"is_beta":false,"boss_relics":[{"not_picked":["White Beast Statue","Orrery"],"picked":"Busted Crown"},{"not_picked":["Philosopher\u0027s Stone","Snecko Eye"],"picked":"Calling Bell"}],"items_purged_floors":[24,36],"is_endless":false,"potions_floor_spawned":[4,12,16,18,19,20,28,33,42,47],"ascension_level":0}