{"gold_per_floor":[109,124,124,135,60,92,105,105,105,105,105,17,17,36,36,127,127,143,49,49,67,67,67,78,49,49,49,49,49,49,62,62,139,139,149,149,149,167,167,185,185,185,185,30,45,60,94,112,112,112,112],"floor_reached":52,"playtime":1497,"items_purged":["Strike_G"],"score":1760,"play_id":"76d1141e-655a-4b47-844f-dbda851948c8","local_time":"20190205210234","is_ascension_mode":true,"campfire_choices":[{"data":"Noxious Fumes","floor":8.0,"key":"SMITH"},{"floor":10.0,"key":"REST"},{"data":"Noxious Fumes","floor":13.0,"key":"SMITH"},{"data":"Footwork","floor":15.0,"key":"SMITH"},{"data":"Catalyst","floor":23.0,"key":"SMITH"},{"data":"Leg Sweep","floor":29.0,"key":"SMITH"},{"floor":32.0,"key":"REST"},{"floor":41.0,"key":"REST"},{"floor":49.0,"key":"REST"}],"neow_cost":"NONE","seed_source_timestamp":13698909225900,"circlet_count":0,"master_deck":["AscendersBane","Defend_G","Defend_G","Defend_G","Defend_G","Strike_G","Strike_G","Survivor","Neutralize","Footwork+1","Poisoned Stab","PiercingWail","Noxious Fumes+1","Adrenaline","Noxious Fumes+1","Leg Sweep+1","Corpse Explosion","Catalyst+1","Well Laid Plans","Bane","Corpse Explosion","PiercingWail","Backflip","Deflect","Night Terror","PiercingWail","Dodge and Roll+1","Catalyst+1","Blur","Backstab","Escape Plan","Crippling Poison","Catalyst"],"special_seed":0,"relics":["Ring of the Snake","Bronze Scales","GremlinMask","Happy Flower","Paper Crane","Bloody Idol","Cursed Key","Fusion Hammer","Molten Egg 2"],"potions_floor_usage":[51],"damage_taken":[{"damage":3.0,"enemies":"Cultist","floor":1.0,"turns":5.0},{"damage":0.0,"enemies":"Jaw Worm","floor":2.0,"turns":6.0},{"damage":1.0,"enemies":"Small Slimes","floor":4.0,"turns":5.0},{"damage":45.0,"enemies":"Gremlin Nob","floor":6.0,"turns":6.0},{"damage":0.0,"enemies":"3 Louse","floor":7.0,"turns":4.0},{"damage":1.0,"enemies":"Blue Slaver","floor":14.0,"turns":5.0},{"damage":15.0,"enemies":"Hexaghost","floor":16.0,"turns":9.0},{"damage":0.0,"enemies":"3 Byrds","floor":18.0,"turns":2.0},{"damage":8.0,"enemies":"Shell Parasite","floor":21.0,"turns":4.0},{"damage":24.0,"enemies":"Snake Plant","floor":24.0,"turns":3.0},{"damage":5.0,"enemies":"Sentry and Sphere","floor":31.0,"turns":5.0},{"damage":6.0,"enemies":"Champ","floor":33.0,"turns":7.0},{"damage":1.0,"enemies":"3 Shapes","floor":35.0,"turns":5.0},{"damage":9.0,"enemies":"Orb Walker","floor":38.0,"turns":5.0},{"damage":8.0,"enemies":"Jaw Worm Horde","floor":40.0,"turns":4.0},{"damage":6.0,"enemies":"4 Shapes","floor":45.0,"turns":3.0},{"damage":30.0,"enemies":"Spire Growth","floor":46.0,"turns":6.0},{"damage":2.0,"enemies":"Giant Head","floor":47.0,"turns":5.0},{"damage":6.0,"enemies":"Jaw Worm Horde","floor":48.0,"turns":3.0},{"damage":35,"enemies":"Awakened One","floor":50,"turns":12},{"damage":7,"enemies":"Time Eater","floor":51,"turns":4}],"seed_played":"4806304606293920719","potions_obtained":[{"floor":4.0,"key":"Poison Potion"},{"floor":7.0,"key":"Regen Potion"},{"floor":14.0,"key":"Explosive Potion"},{"floor":16.0,"key":"SpeedPotion"},{"floor":21.0,"key":"FearPotion"},{"floor":31.0,"key":"Dexterity Potion"},{"floor":40.0,"key":"SteroidPotion"},{"floor":45.0,"key":"PowerPotion"},{"floor":46.0,"key":"SpeedPotion"}],"is_trial":false,"path_per_floor":["M","M","?","M","$","E","M","R","T","R","?","$","R","M","R","B",null,"M","$","?","M","?","R","M","$","T","?","$","R","?","M","R","B",null,"M","?","?","M","?","M","R","?","T","$","M","M","E","M","R","B","B",null],"character_chosen":"THE_SILENT","items_purchased":["Noxious Fumes","Well Laid Plans","Bane","Backflip","Blur","Backstab"],"campfire_rested":4,"item_purchase_floors":[12,19,19,25,44,44],"current_hp_per_floor":[56,56,56,55,55,10,10,10,10,29,29,29,29,42,42,27,52,52,52,52,44,44,44,25,25,25,25,25,25,25,25,43,42,56,60,60,60,56,56,53,60,60,60,60,59,34,37,36,54,19,12],"gold":112,"neow_bonus":"RANDOM_COMMON_RELIC","is_prod":false,"is_daily":false,"chose_seed":false,"campfire_upgraded":5,"win_rate":0,"timestamp":1549393354,"path_taken":["M","M","?","?","$","E","M","R","T","R","?","$","R","M","R","BOSS","M","$","?","M","?","R","M","$","T","?","?","R","?","M","R","BOSS","M","?","?","M","?","?","R","?","T","$","?","M","E","M","R","BOSS","BOSS"],"build_version":"2019-01-23","purchased_purges":1,"victory":true,"max_hp_per_floor":[66,66,66,66,66,66,66,66,66,66,60,60,60,60,60,60,60,60,60,60,60,60,60,60,60,60,60,60,60,60,60,60,60,60,60,60,60,60,60,60,60,60,60,60,60,60,60,60,60,60,60],"card_choices":[{"not_picked":["Cloak And Dagger","Dash"],"picked":"Footwork","floor":1.0},{"not_picked":["Leg Sweep","Cloak And Dagger"],"picked":"Poisoned Stab","floor":2.0},{"not_picked":["Underhanded Strike","Quick Slash"],"picked":"PiercingWail","floor":4.0},{"not_picked":["Concentrate","Expertise"],"picked":"Noxious Fumes","floor":6.0},{"not_picked":["Distraction","Slice"],"picked":"Adrenaline","floor":7.0},{"not_picked":["Tactician","Acrobatics"],"picked":"Leg Sweep","floor":14.0},{"not_picked":["Grand Finale","Doppelganger"],"picked":"Corpse Explosion","floor":16.0},{"not_picked":["Flechettes","Eviscerate"],"picked":"Catalyst","floor":18.0},{"not_picked":["Distraction","Outmaneuver","Cloak And Dagger"],"picked":"SKIP","floor":21.0},{"not_picked":["Sucker Punch","Outmaneuver"],"picked":"PiercingWail","floor":24.0},{"not_picked":["Expertise","Cloak And Dagger"],"picked":"Deflect","floor":31.0},{"not_picked":["Die Die Die","Doppelganger"],"picked":"Night Terror","floor":33.0},{"not_picked":["Slice+1","Masterful Stab"],"picked":"PiercingWail","floor":35.0},{"not_picked":["Riddle With Holes","Poisoned Stab"],"picked":"Dodge and Roll+1","floor":38.0},{"not_picked":["Eviscerate","Flechettes","Dodge and Roll"],"picked":"SKIP","floor":40.0},{"not_picked":["Prepared","Eviscerate"],"picked":"Escape Plan","floor":45.0},{"not_picked":["Expertise","Flying Knee+1"],"picked":"Crippling Poison","floor":46.0},{"not_picked":["Flying Knee","Tactician","Eviscerate"],"picked":"SKIP","floor":47.0},{"not_picked":["Leg Sweep","PiercingWail"],"picked":"Catalyst","floor":48.0}],"player_experience":632306,"relics_obtained":[{"floor":6.0,"key":"Happy Flower"},{"floor":9.0,"key":"Paper Crane"},{"floor":47.0,"key":"Molten Egg 2"}],"event_choices":[{"damage_healed":0.0,"max_hp_gain":0.0,"max_hp_loss":0.0,"gold_gain":0.0,"event_name":"FaceTrader","player_choice":"Trade","floor":3.0,"gold_loss":0.0,"damage_taken":0.0,"relics_obtained":["GremlinMask"]},{"damage_healed":0.0,"max_hp_gain":0.0,"max_hp_loss":6.0,"gold_gain":0.0,"event_name":"Golden Idol","player_choice":"Lose Max HP","floor":11.0,"gold_loss":0.0,"damage_taken":0.0,"relics_obtained":["Golden Idol"]},{"damage_healed":0.0,"max_hp_gain":0.0,"max_hp_loss":0.0,"gold_gain":0.0,"cards_transformed":["Strike_G","Strike_G"],"event_name":"Drug Dealer","player_choice":"Became Test Subject","floor":20.0,"gold_loss":0.0,"damage_taken":0.0,"cards_obtained":["Riddle With Holes","Corpse Explosion"]},{"damage_healed":0.0,"max_hp_gain":0.0,"max_hp_loss":0.0,"gold_gain":0.0,"event_name":"Forgotten Altar","player_choice":"Gave Idol","floor":22.0,"relics_lost":["Golden Idol"],"gold_loss":0.0,"damage_taken":0.0,"relics_obtained":["Bloody Idol"]},{"damage_healed":0.0,"max_hp_gain":0.0,"max_hp_loss":0.0,"gold_gain":0.0,"event_name":"Ghosts","player_choice":"Ignored","floor":27.0,"gold_loss":0.0,"damage_taken":0.0},{"damage_healed":0.0,"max_hp_gain":0.0,"max_hp_loss":0.0,"gold_gain":0.0,"event_name":"Vampires","player_choice":"Ignored","floor":30.0,"gold_loss":0.0,"damage_taken":0.0},{"damage_healed":0.0,"max_hp_gain":0.0,"max_hp_loss":0.0,"gold_gain":0.0,"event_name":"Tomb of Lord Red Mask","player_choice":"Ignored","floor":36.0,"gold_loss":0.0,"damage_taken":0.0},{"cards_removed":["Defend_G"],"damage_healed":0.0,"max_hp_gain":0.0,"max_hp_loss":0.0,"gold_gain":0.0,"event_name":"Falling","player_choice":"Removed Skill","floor":37.0,"gold_loss":0.0,"damage_taken":0.0},{"cards_removed":["Riddle With Holes"],"damage_healed":0.0,"max_hp_gain":0.0,"max_hp_loss":0.0,"gold_gain":0.0,"event_name":"Wheel of Change","player_choice":"Card Removal","floor":39.0,"gold_loss":0.0,"damage_taken":0.0},{"damage_healed":0.0,"max_hp_gain":0.0,"max_hp_loss":0.0,"gold_gain":0.0,"event_name":"Duplicator","player_choice":"Copied","floor":42.0,"gold_loss":0.0,"damage_taken":0.0,"cards_obtained":["Catalyst"]}],"is_beta":false,"boss_relics":[{"not_picked":["HoveringKite","Runic Pyramid"],"picked":"Cursed Key"},{"not_picked":["Runic Dome","White Beast Statue"],"picked":"Fusion Hammer"}],"items_purged_floors":[5],"is_endless":false,"potions_floor_spawned":[4,7,14,16,21,31,40,45,46],"ascension_level":20}