{"gold_per_floor":[362,59,59,77,94,94,94,122,177,190,190,218,218,246,246,351,351,361,361,210,226,246,246,276,276,355,355,365,398,425,81,81,81],"floor_reached":33,"playtime":1656,"items_purged":["Strike_R","Strike_R"],"score":483,"play_id":"c0270e44-6425-4dad-9d82-2c35c0bb2438","local_time":"20181014122458","is_ascension_mode":true,"campfire_choices":[{"data":"Anger","floor":6,"key":"SMITH"},{"data":"Rage","floor":13,"key":"SMITH"},{"data":"Anger","floor":15,"key":"SMITH"},{"data":"Wild Strike","floor":23,"key":"SMITH"},{"data":"Ghostly","floor":25,"key":"SMITH"},{"data":"Battle Trance","floor":27,"key":"SMITH"},{"data":"Ghostly","floor":32,"key":"SMITH"}],"neow_cost":"TEN_PERCENT_HP_LOSS","seed_source_timestamp":359890192993624,"circlet_count":0,"master_deck":["Strike_R","Strike_R","Strike_R","Defend_R","Defend_R","Defend_R","Defend_R","Bash","Rage+1","Anger+1","Anger+1","Cleave","Battle Trance+1","Wild Strike+1","Ghostly+1","Ghostly+1","Ghostly","Ghostly","Ghostly","Evolve+1","Ghostly Armor","Thunderclap+1","Ghostly Armor+1","Warcry+1","Barricade+1","Shrug It Off+1","Pommel Strike"],"relics":["Burning Blood","Shuriken","Frozen Egg 2","Self Forming Clay","Bronze Scales","Blue Candle","Art of War","Odd Mushroom","Mark of Pain","Happy Flower","Toxic Egg 2","Pantograph","Red Mask","Ancient Tea Set"],"potions_floor_usage":[16,16,29],"damage_taken":[{"damage":0,"enemies":"2 Louse","floor":1,"turns":3},{"damage":0,"enemies":"Small Slimes","floor":4,"turns":3},{"damage":2,"enemies":"Jaw Worm","floor":5,"turns":3},{"damage":31,"enemies":"Gremlin Nob","floor":8,"turns":5},{"damage":0,"enemies":"Exordium Thugs","floor":10,"turns":4},{"damage":9,"enemies":"3 Sentries","floor":12,"turns":6},{"damage":4,"enemies":"The Mushroom Lair","floor":14,"turns":3},{"damage":33,"enemies":"The Guardian","floor":16,"turns":9},{"damage":15,"enemies":"Shell Parasite","floor":18,"turns":4},{"damage":1,"enemies":"3 Byrds","floor":21,"turns":4},{"damage":1,"enemies":"Cultist and Chosen","floor":22,"turns":5},{"damage":2,"enemies":"Gremlin Leader","floor":24,"turns":6},{"damage":3,"enemies":"Snecko","floor":28,"turns":7},{"damage":0,"enemies":"Book of Stabbing","floor":29,"turns":5},{"damage":0,"enemies":"Masked Bandits","floor":30,"turns":5},{"damage":40,"enemies":"Collector","floor":33,"turns":7}],"seed_played":"-3751613622139794709","potions_obtained":[{"floor":8,"key":"Swift Potion"},{"floor":10,"key":"Ancient Potion"},{"floor":12,"key":"Swift Potion"},{"floor":16,"key":"Energy Potion"},{"floor":18,"key":"SkillPotion"},{"floor":28,"key":"EssenceOfSteel"},{"floor":29,"key":"Explosive Potion"}],"is_trial":false,"path_per_floor":["M","$","?","M","M","R","T","E","T","M","?","E","R","?","R","B",null,"M","?","$","M","M","R","E","R","T","R","M","E","?","$","R"],"character_chosen":"IRONCLAD","items_purchased":["Shuriken","Anger","Evolve+1","Shrug It Off+1","Ancient Tea Set","Pommel Strike"],"campfire_rested":0,"item_purchase_floors":[2,2,20,31,31,31],"current_hp_per_floor":[72,72,72,72,72,72,72,47,47,53,53,50,50,52,52,25,60,51,36,36,36,36,36,36,36,36,36,36,36,36,36,36,0],"gold":81,"neow_bonus":"TWO_FIFTY_GOLD","is_prod":false,"is_daily":false,"chose_seed":false,"campfire_upgraded":7,"win_rate":0,"timestamp":1539512698,"path_taken":["M","$","?","M","M","R","?","E","T","?","?","E","R","?","R","BOSS","M","?","$","M","M","R","E","R","T","R","M","E","?","$","R","BOSS"],"build_version":"2018-10-11","purchased_purges":2,"victory":false,"max_hp_per_floor":[72,72,72,72,72,72,72,72,72,72,72,72,72,72,72,72,72,72,36,36,36,36,36,36,36,36,36,36,36,36,36,36,36],"card_choices":[{"not_picked":["Anger","Sword Boomerang"],"picked":"Rage","floor":1},{"not_picked":["Body Slam","Flex","Evolve"],"picked":"SKIP","floor":4},{"not_picked":["Rupture","Burning Pact"],"picked":"Anger","floor":5},{"not_picked":["Metallicize+1","Flex","Reckless Charge"],"picked":"SKIP","floor":8},{"not_picked":["Anger","Power Through"],"picked":"Cleave","floor":10},{"not_picked":["Feel No Pain+1","Anger","Exhume"],"picked":"SKIP","floor":12},{"not_picked":["Spot Weakness","Anger"],"picked":"Battle Trance","floor":14},{"not_picked":["Dropkick","Blood for Blood"],"picked":"Wild Strike","floor":18},{"not_picked":["Twin Strike+1","Perfected Strike+1"],"picked":"Ghostly Armor","floor":21},{"not_picked":["Shrug It Off","Pommel Strike+1"],"picked":"Thunderclap+1","floor":22},{"not_picked":["Hemokinesis","Bloodletting"],"picked":"Ghostly Armor+1","floor":24},{"not_picked":["Pommel Strike","Cleave+1","Wild Strike+1"],"picked":"SKIP","floor":28},{"not_picked":["Ghostly Armor+1","True Grit+1"],"picked":"Warcry+1","floor":29},{"not_picked":["Clash","Dropkick"],"picked":"Barricade+1","floor":30}],"player_experience":230349,"relics_obtained":[{"floor":7,"key":"Frozen Egg 2"},{"floor":8,"key":"Self Forming Clay"},{"floor":9,"key":"Bronze Scales"},{"floor":12,"key":"Art of War"},{"floor":14,"key":"Odd Mushroom"},{"floor":24,"key":"Happy Flower"},{"floor":26,"key":"Toxic Egg 2"},{"floor":29,"key":"Pantograph"},{"floor":30,"key":"Red Mask"}],"event_choices":[{"event_name":"Liars Game","player_choice":"disagreed","floor":3,"damage_taken":0},{"event_name":"Dead Adventurer","player_choice":"Searched \u00273\u0027 times","floor":11,"damage_taken":0},{"event_name":"Mushrooms","player_choice":"Fought Mushrooms","floor":14,"damage_taken":0},{"event_name":"Ghosts","player_choice":"Became a Ghost","floor":19,"damage_taken":0},{"event_name":"Masked Bandits","player_choice":"Fought Bandits","floor":30,"damage_taken":0}],"is_beta":true,"boss_relics":[{"not_picked":["Astrolabe","Fusion Hammer"],"picked":"Mark of Pain"}],"items_purged_floors":[20,31],"is_endless":false,"potions_floor_spawned":[8,10,12,16,18,21,28,29],"killed_by":"Collector","ascension_level":9}