{"gold_per_floor":[112,59,59,74,74,104,104,129,129,129,145,145,171,171,171,274,274,284,284,296,116,135,135,160,180,180,191,202,202,29,29,29,124,124,137,0,0,15,15,15,25,25,25,25,25,36,62,62],"floor_reached":48,"playtime":3688,"items_purged":[],"score":682,"play_id":"496543c7-23e3-472b-be23-cedb9283d057","local_time":"20190205094732","is_ascension_mode":true,"campfire_choices":[{"floor":7,"key":"REST"},{"floor":12,"key":"REST"},{"floor":15,"key":"REST"},{"floor":23,"key":"REST"},{"floor":29,"key":"REST"},{"floor":32,"key":"REST"},{"floor":40,"key":"RECALL"},{"floor":44,"key":"REST"}],"neow_cost":"NONE","seed_source_timestamp":331919300256767,"circlet_count":0,"master_deck":["Strike_R+1","Strike_R+1","Strike_R+1","Strike_R+1","Strike_R+1","Defend_R+1","Defend_R+1","Defend_R+1","Bash","Perfected Strike","Evolve","Heavy Blade","Wild Strike","Bloodletting+1","Intimidate","Reaper","Thunderclap","Twin Strike","Feed","Perfected Strike+1","Second Wind","Clothesline","Flame Barrier","Clothesline","Inflame+1","Heavy Blade","Magnetism","Rage","Juggernaut","Twin Strike+1","Swift Strike","Pain","Rampage+1","Intimidate+1","Twin Strike+1"],"relics":["Black Blood","The Courier","FossilizedHelix","Pantograph","Ancient Tea Set","Runic Pyramid","Red Skull","Mercury Hourglass","Red Mask","WarpedTongs","Molten Egg 2"],"potions_floor_usage":[10,10,10,10,11,13,25,47,47,47],"damage_taken":[{"damage":1,"enemies":"Cultist","floor":1,"turns":3},{"damage":6,"enemies":"Small Slimes","floor":4,"turns":4},{"damage":41,"enemies":"3 Sentries","floor":6,"turns":8},{"damage":65,"enemies":"Gremlin Nob","floor":8,"turns":6},{"damage":20,"enemies":"3 Sentries","floor":10,"turns":5},{"damage":0,"enemies":"Jaw Worm","floor":11,"turns":3},{"damage":13,"enemies":"Gremlin Nob","floor":13,"turns":4},{"damage":46,"enemies":"Slime Boss","floor":16,"turns":8},{"damage":11,"enemies":"Chosen","floor":18,"turns":5},{"damage":27,"enemies":"Shell Parasite","floor":20,"turns":5},{"damage":59,"enemies":"Centurion and Healer","floor":22,"turns":8},{"damage":33,"enemies":"Book of Stabbing","floor":24,"turns":5},{"damage":0,"enemies":"Snecko","floor":25,"turns":3},{"damage":36,"enemies":"Shelled Parasite and Fungi","floor":27,"turns":4},{"damage":15,"enemies":"Chosen and Byrds","floor":28,"turns":4},{"damage":81,"enemies":"Champ","floor":33,"turns":13},{"damage":8,"enemies":"Orb Walker","floor":35,"turns":3},{"damage":38,"enemies":"3 Darklings","floor":38,"turns":7},{"damage":54,"enemies":"Maw","floor":41,"turns":9},{"damage":34,"enemies":"Jaw Worm Horde","floor":46,"turns":3},{"damage":66,"enemies":"Nemesis","floor":47,"turns":7},{"damage":36,"enemies":"Sphere and 2 Shapes","floor":48,"turns":9}],"seed_played":"-8240370836049527539","potions_obtained":[{"floor":1,"key":"EntropicBrew"},{"floor":3,"key":"SmokeBomb"},{"floor":3,"key":"Energy Potion"},{"floor":11,"key":"Poison Potion"},{"floor":27,"key":"Swift Potion"},{"floor":35,"key":"Regen Potion"},{"floor":47,"key":"Dexterity Potion"}],"is_trial":false,"path_per_floor":["M","$","?","M","?","E","R","E","T","E","M","R","E","?","R","B",null,"M","?","M","$","M","R","E","M","T","M","M","R","$","?","R","B",null,"M","?","?","M","?","R","M","?","T","R","$","M","E","M"],"character_chosen":"IRONCLAD","items_purchased":["Heavy Blade","SkillPotion","Regen Potion","Weak Potion","Clothesline","Magnetism","Rage"],"campfire_rested":7,"item_purchase_floors":[2,21,21,21,21,30,30],"current_hp_per_floor":[80,80,80,80,80,45,69,10,10,8,18,42,36,41,66,53,85,83,83,62,62,20,47,23,41,41,24,28,58,58,58,88,41,106,106,106,106,86,86,86,58,58,58,91,91,70,19,0],"gold":62,"neow_bonus":"THREE_CARDS","is_prod":false,"is_daily":false,"chose_seed":false,"campfire_upgraded":0,"win_rate":0,"timestamp":1549356452,"path_taken":["M","?","?","?","?","E","R","E","T","E","M","R","E","?","R","BOSS","M","?","M","$","?","R","E","M","T","M","M","R","$","?","R","BOSS","M","?","?","M","?","R","?","?","T","R","$","M","E","M"],"build_version":"2019-01-23","purchased_purges":0,"victory":false,"max_hp_per_floor":[80,80,80,80,80,80,80,80,80,80,80,80,80,85,85,85,85,88,88,88,88,91,91,94,97,97,100,103,103,103,103,103,106,106,106,106,106,106,106,106,110,110,110,110,110,113,113,116],"card_choices":[{"not_picked":["Clash","Sentinel"],"picked":"Perfected Strike","floor":0},{"not_picked":["Rupture","Wild Strike"],"picked":"Evolve","floor":1},{"not_picked":["Twin Strike","Battle Trance"],"picked":"Wild Strike","floor":4},{"not_picked":["Evolve","Iron Wave"],"picked":"Intimidate","floor":6},{"not_picked":["Burning Pact","Sword Boomerang"],"picked":"Reaper","floor":8},{"not_picked":["Flex","Searing Blow"],"picked":"Thunderclap","floor":11},{"not_picked":["Warcry","Infernal Blade"],"picked":"Twin Strike","floor":13},{"not_picked":["Immolate","Barricade"],"picked":"Feed","floor":16},{"not_picked":["Anger","Clothesline"],"picked":"Perfected Strike+1","floor":18},{"not_picked":["Sever Soul","Dropkick"],"picked":"Second Wind","floor":20},{"not_picked":["Battle Trance","Reckless Charge+1"],"picked":"Flame Barrier","floor":22},{"not_picked":["Dual Wield","True Grit","Iron Wave"],"picked":"SKIP","floor":24},{"not_picked":["Blood for Blood","Combust"],"picked":"Clothesline","floor":25},{"not_picked":["Metallicize","Clash+1"],"picked":"Inflame+1","floor":27},{"not_picked":["True Grit","Impervious"],"picked":"Heavy Blade","floor":28},{"not_picked":["Offering","Bludgeon"],"picked":"Juggernaut","floor":33},{"not_picked":["Entrench","Shrug It Off"],"picked":"Twin Strike+1","floor":35},{"not_picked":["Discovery","Magnetism"],"picked":"Swift Strike","floor":37},{"not_picked":["Bloodletting+1","Sword Boomerang","Twin Strike"],"picked":"SKIP","floor":38},{"not_picked":["Dropkick","Heavy Blade"],"picked":"Rampage+1","floor":41},{"not_picked":["Warcry","Sword Boomerang"],"picked":"Intimidate+1","floor":46},{"not_picked":["Headbutt+1","Perfected Strike+1"],"picked":"Twin Strike","floor":47}],"player_experience":553157,"relics_obtained":[{"floor":6,"key":"The Courier"},{"floor":8,"key":"FossilizedHelix"},{"floor":9,"key":"Pantograph"},{"floor":13,"key":"Ancient Tea Set"},{"floor":24,"key":"Red Skull"},{"floor":26,"key":"Mercury Hourglass"},{"floor":47,"key":"Molten Egg 2"}],"event_choices":[{"damage_healed":0,"gold_gain":0,"player_choice":"Got Potions","damage_taken":0,"max_hp_gain":0,"max_hp_loss":0,"event_name":"Lab","floor":3,"gold_loss":0},{"damage_healed":0,"gold_gain":0,"cards_transformed":["Defend_R"],"player_choice":"Change","damage_taken":0,"max_hp_gain":0,"max_hp_loss":0,"event_name":"Living Wall","floor":5,"gold_loss":0,"cards_obtained":["Bloodletting"]},{"damage_healed":0,"gold_gain":0,"player_choice":"Donut","damage_taken":0,"max_hp_gain":5,"max_hp_loss":0,"event_name":"Big Fish","floor":14,"gold_loss":0},{"damage_healed":0,"gold_gain":0,"player_choice":"Upgraded","damage_taken":0,"max_hp_gain":0,"max_hp_loss":0,"event_name":"Upgrade Shrine","floor":19,"gold_loss":0,"cards_upgraded":["Bloodletting"]},{"damage_healed":0,"gold_gain":0,"player_choice":"Simplicity","damage_taken":0,"max_hp_gain":0,"max_hp_loss":0,"event_name":"Back to Basics","floor":31,"gold_loss":0,"cards_upgraded":["Strike_R","Strike_R","Strike_R","Strike_R","Strike_R","Defend_R","Defend_R","Defend_R"]},{"damage_healed":0,"gold_gain":0,"player_choice":"Paid","damage_taken":0,"relics_obtained":["Red Mask"],"max_hp_gain":0,"max_hp_loss":0,"event_name":"Tomb of Lord Red Mask","floor":36,"gold_loss":137},{"damage_healed":0,"gold_gain":0,"player_choice":"Memory 1","damage_taken":0,"max_hp_gain":0,"max_hp_loss":0,"event_name":"SensoryStone","floor":37,"gold_loss":0},{"damage_healed":0,"gold_gain":0,"player_choice":"Rummage","damage_taken":0,"relics_obtained":["WarpedTongs"],"max_hp_gain":0,"max_hp_loss":0,"event_name":"Accursed Blacksmith","floor":39,"gold_loss":0,"cards_obtained":["Pain"]},{"damage_healed":0,"gold_gain":0,"player_choice":"Ignored","damage_taken":0,"max_hp_gain":0,"max_hp_loss":0,"event_name":"Mysterious Sphere","floor":42,"gold_loss":0}],"is_beta":false,"boss_relics":[{"not_picked":["Pandora\u0027s Box","Snecko Eye"],"picked":"Runic Pyramid"},{"not_picked":["Velvet Choker","Runic Dome"],"picked":"Black Blood"}],"items_purged_floors":[],"is_endless":false,"potions_floor_spawned":[1,4,6,11,22,24,27,35,47],"killed_by":"Sphere and 2 Shapes","ascension_level":4}