{"gold_per_floor":[116,66,85,101,121,155,155,330,330,330,355,27,27,37,37,140,140,156,173,73,73,88,120,138,138,163,192,192,209,209,228,228,332,332,350,361,375,250,250,250,265,265,265,278,292,292,312,323,323,323,323,323,73,106,106],"floor_reached":55,"playtime":4996,"items_purged":["Strike_B","Doubt","Zap"],"score":740,"play_id":"82fa66cb-846a-4e72-a4b9-525fca76d21e","local_time":"20190201011838","is_ascension_mode":true,"campfire_choices":[{"data":"Hologram","floor":7,"key":"SMITH"},{"data":"Gash","floor":15,"key":"SMITH"},{"data":"Auto Shields","floor":25,"key":"SMITH"},{"floor":30,"key":"REST"},{"data":"Sweeping Beam","floor":32,"key":"SMITH"},{"data":"Beam Cell","floor":40,"key":"SMITH"},{"floor":42,"key":"RECALL"},{"data":"Seek","floor":49,"key":"SMITH"},{"data":"Scrape","floor":52,"key":"SMITH"}],"neow_cost":"NONE","seed_source_timestamp":1446573142926600,"circlet_count":0,"master_deck":["Strike_B","Strike_B","Defend_B","Defend_B","Defend_B","Defend_B","Dualcast+1","Gash+1","Hologram+1","Sweeping Beam+1","Auto Shields+1","Rebound","Gash","Steam","Buffer+1","Conserve Battery+1","Capacitor+1","Gash","Go for the Eyes+1","Steam+1","Barrage+1","Self Repair+1","Beam Cell+1","Scrape+1","Seek+1","Turbo+1","Streamline+1","Chill+1","Capacitor+1","Parasite","Steam+1"],"relics":["FrozenCore","Blood Vial","Ornamental Fan","Letter Opener","Pocketwatch","Frozen Egg 2","Question Card","Potion Belt","Boot","Incense Burner","Sozu","Bottled Lightning","Pen Nib"],"potions_floor_usage":[6,11,11,19,29,33,33,48,50],"damage_taken":[{"damage":1,"enemies":"Cultist","floor":1,"turns":3},{"damage":2,"enemies":"Jaw Worm","floor":3,"turns":3},{"damage":3,"enemies":"2 Louse","floor":4,"turns":2},{"damage":4,"enemies":"Looter","floor":5,"turns":3},{"damage":8,"enemies":"3 Sentries","floor":6,"turns":6},{"damage":18,"enemies":"Gremlin Nob","floor":11,"turns":4},{"damage":9,"enemies":"Exordium Wildlife","floor":14,"turns":4},{"damage":22,"enemies":"Hexaghost","floor":16,"turns":11},{"damage":6,"enemies":"Spheric Guardian","floor":18,"turns":6},{"damage":0,"enemies":"3 Byrds","floor":19,"turns":7},{"damage":1,"enemies":"Colosseum Slavers","floor":21,"turns":7},{"damage":6,"enemies":"Centurion and Healer","floor":22,"turns":9},{"damage":10,"enemies":"Book of Stabbing","floor":23,"turns":8},{"damage":0,"enemies":"Snecko","floor":24,"turns":8},{"damage":40,"enemies":"Slavers","floor":27,"turns":9},{"damage":0,"enemies":"Snake Plant","floor":29,"turns":6},{"damage":6,"enemies":"Shelled Parasite and Fungi","floor":31,"turns":7},{"damage":26,"enemies":"Automaton","floor":33,"turns":11},{"damage":33,"enemies":"3 Darklings","floor":35,"turns":5},{"damage":0,"enemies":"Orb Walker","floor":36,"turns":4},{"damage":44,"enemies":"4 Shapes","floor":37,"turns":6},{"damage":5,"enemies":"Spire Growth","floor":41,"turns":6},{"damage":21,"enemies":"Transient","floor":44,"turns":5},{"damage":0,"enemies":"Maw","floor":45,"turns":8},{"damage":0,"enemies":"Spire Growth","floor":47,"turns":5},{"damage":5,"enemies":"Writhing Mass","floor":48,"turns":9},{"damage":13,"enemies":"Awakened One","floor":50,"turns":15},{"damage":36,"enemies":"Shield and Spear","floor":54,"turns":11},{"damage":44,"enemies":"The Heart","floor":55,"turns":6}],"seed_played":"-2705187185005626235","potions_obtained":[{"floor":1,"key":"FocusPotion"},{"floor":3,"key":"Block Potion"},{"floor":6,"key":"PowerPotion"},{"floor":18,"key":"AttackPotion"},{"floor":19,"key":"SteroidPotion"},{"floor":23,"key":"FearPotion"},{"floor":24,"key":"Energy Potion"},{"floor":27,"key":"FearPotion"},{"floor":33,"key":"SpeedPotion"}],"is_trial":false,"path_per_floor":["M","$","M","M","M","E","R","?","T","T","E","$","?","M","R","B",null,"M","M","$","?","M","E","M","R","T","E","?","M","R","M","R","B",null,"M","M","M","$","?","R","M","R","T","M","M","?","M","M","R","B",null,"R","$","E","B"],"character_chosen":"DEFECT","items_purchased":["Hologram","Frozen Egg 2","Bottled Lightning"],"campfire_rested":1,"item_purchase_floors":[2,12,53],"current_hp_per_floor":[74,74,72,69,65,57,57,57,57,57,41,41,29,22,22,2,75,69,71,71,72,68,60,62,62,62,24,24,36,58,64,64,50,75,52,64,32,32,66,66,61,61,61,52,64,64,66,66,66,53,66,66,66,40,0],"gold":106,"neow_bonus":"UPGRADE_CARD","is_prod":false,"is_daily":false,"chose_seed":false,"campfire_upgraded":7,"win_rate":0,"timestamp":1549001918,"path_taken":["M","$","M","M","M","E","R","?","T","?","E","$","?","M","R","BOSS","M","M","$","?","M","E","M","R","T","E","?","M","R","M","R","BOSS","M","M","M","$","?","R","M","R","T","M","M","?","M","M","R","BOSS","R","$","E","BOSS"],"build_version":"2019-01-23","purchased_purges":3,"victory":false,"max_hp_per_floor":[75,75,75,75,75,75,75,75,75,75,75,75,75,75,75,75,75,75,75,75,75,75,75,75,75,75,75,75,75,75,75,75,75,75,75,75,75,75,66,66,66,66,66,66,66,66,66,66,66,66,66,66,66,66,66],"card_choices":[{"not_picked":["FTL","Genetic Algorithm"],"picked":"Gash","floor":1},{"not_picked":["Static Discharge","Genetic Algorithm"],"picked":"Sweeping Beam","floor":3},{"not_picked":["Storm","Hologram"],"picked":"Auto Shields","floor":4},{"not_picked":["Storm","Chill"],"picked":"Rebound","floor":5},{"not_picked":["Go for the Eyes","FTL"],"picked":"Gash","floor":6},{"not_picked":["Static Discharge","Capacitor"],"picked":"Steam","floor":11},{"not_picked":["Stack","Ball Lightning","Tempest","Skim"],"picked":"SKIP","floor":14},{"not_picked":["Electrodynamics+1","Thunder Strike","Reboot"],"picked":"Buffer+1","floor":16},{"not_picked":["Compile Driver+1","Rebound","Steam"],"picked":"Conserve Battery+1","floor":18},{"not_picked":["Recycle+1","Barrage","Steam"],"picked":"Capacitor+1","floor":19},{"not_picked":["Reboot","Force Field","Rip and Tear"],"picked":"Gash","floor":22},{"not_picked":["Hologram","Barrage","Conserve Battery"],"picked":"Go for the Eyes+1","floor":23},{"not_picked":["Blizzard","Hologram","Compile Driver"],"picked":"Steam+1","floor":24},{"not_picked":["Undo","Steam Power","Force Field+1"],"picked":"Barrage+1","floor":27},{"not_picked":["Buffer+1","Steam","Rebound"],"picked":"Beam Cell","floor":29},{"not_picked":["FTL+1","Reprogram","Hello World+1"],"picked":"Scrape","floor":31},{"not_picked":["Meteor Strike","Fission","Electrodynamics+1"],"picked":"Seek","floor":33},{"not_picked":["Ball Lightning+1","Rebound","Leap+1"],"picked":"Turbo+1","floor":35},{"not_picked":["Compile Driver+1","Capacitor+1","Self Repair+1"],"picked":"Streamline+1","floor":36},{"not_picked":["Sweeping Beam","Cold Snap+1","Redo"],"picked":"Chill+1","floor":37},{"not_picked":["Double Energy","Blizzard","Barrage","Coolheaded"],"picked":"SKIP","floor":41},{"not_picked":["Compile Driver","Hello World+1","Tempest+1","Force Field+1"],"picked":"SKIP","floor":44},{"not_picked":["Aggregate+1","Coolheaded","Compile Driver","Genetic Algorithm+1"],"picked":"SKIP","floor":45},{"not_picked":["Rebound","Creative AI+1","Steam"],"picked":"Capacitor+1","floor":47},{"not_picked":["Double Energy+1","Ball Lightning+1","Force Field","Skim"],"picked":"SKIP","floor":48},{"not_picked":["Darkness","Electrodynamics+1","Tempest"],"picked":"Steam+1","floor":54}],"player_experience":167854,"relics_obtained":[{"floor":6,"key":"Blood Vial"},{"floor":9,"key":"Ornamental Fan"},{"floor":10,"key":"Letter Opener"},{"floor":11,"key":"Pocketwatch"},{"floor":23,"key":"Potion Belt"},{"floor":26,"key":"Boot"},{"floor":27,"key":"Incense Burner"},{"floor":54,"key":"Pen Nib"}],"event_choices":[{"damage_healed":0,"gold_gain":175,"player_choice":"AGREE","damage_taken":0,"max_hp_gain":0,"max_hp_loss":0,"event_name":"Liars Game","floor":8,"gold_loss":0,"cards_obtained":["Doubt"]},{"damage_healed":0,"gold_gain":0,"player_choice":"Success","damage_taken":12,"relics_obtained":["Question Card"],"max_hp_gain":0,"max_hp_loss":0,"event_name":"Scrap Ooze","floor":13,"gold_loss":0},{"damage_healed":0,"gold_gain":0,"player_choice":"Fight","damage_taken":0,"max_hp_gain":0,"max_hp_loss":0,"event_name":"Colosseum","floor":21,"gold_loss":0},{"damage_healed":0,"gold_gain":0,"player_choice":"Fled From Nobs","damage_taken":0,"max_hp_gain":0,"max_hp_loss":0,"event_name":"Colosseum","floor":21,"gold_loss":0},{"damage_healed":0,"gold_gain":0,"player_choice":"Read","damage_taken":0,"max_hp_gain":0,"max_hp_loss":0,"event_name":"The Library","floor":28,"gold_loss":0,"cards_obtained":["Self Repair"]},{"damage_healed":66,"gold_gain":0,"player_choice":"Heal","damage_taken":0,"max_hp_gain":0,"max_hp_loss":9,"event_name":"The Moai Head","floor":39,"gold_loss":0},{"cards_removed":["Strike_B"],"damage_healed":0,"gold_gain":0,"player_choice":"Purged","damage_taken":0,"max_hp_gain":0,"max_hp_loss":0,"event_name":"Purifier","floor":46,"gold_loss":0}],"is_beta":false,"boss_relics":[{"not_picked":["Philosopher\u0027s Stone","Pandora\u0027s Box"],"picked":"FrozenCore"},{"not_picked":["Busted Crown","Runic Dome"],"picked":"Sozu"}],"items_purged_floors":[12,20,38],"is_endless":false,"potions_floor_spawned":[1,3,6,18,19,23,24,27,33,35,36,45],"killed_by":"The Heart","ascension_level":2}