{"gold_per_floor":[111,111,111,91,103,103,138,38,61,81,112,126,159,35,35,132,132,120,135,10,10,20,52,52,78,78,78,24,40,73,73,73,73],"floor_reached":33,"playtime":2338,"items_purged":["Normality","Strike_B","Strike_B"],"score":337,"play_id":"02827e14-292b-4621-a5f2-4c116e0ab3d5","local_time":"20190121174507","is_ascension_mode":true,"campfire_choices":[{"data":"Zap","floor":6,"key":"SMITH"},{"floor":15,"key":"REST"},{"floor":24,"key":"REST"},{"data":"Redo","floor":27,"key":"SMITH"},{"floor":32,"key":"REST"}],"neow_cost":"CURSE","seed_source_timestamp":853246626256478,"circlet_count":0,"master_deck":["Strike_B","Strike_B","Defend_B","Defend_B+1","Defend_B+1","Defend_B","Zap+1","Dualcast","Go for the Eyes","Sweeping Beam","Go for the Eyes","Coolheaded+1","Gash","Steam","Redo+1","Leap","Cold Snap+1","Steam+1","Beam Cell","Sweeping Beam","Leap","Stack","Go for the Eyes+1"],"relics":["FrozenCore","Calipers","Orichalcum","Bottled Lightning","PreservedInsect","Incense Burner","Ornamental Fan","Singing Bowl","Anchor","Symbiotic Virus","War Paint"],"potions_floor_usage":[7,7,29,29,33],"damage_taken":[{"damage":15,"enemies":"Jaw Worm","floor":1,"turns":4},{"damage":1,"enemies":"2 Louse","floor":5,"turns":3},{"damage":6,"enemies":"Gremlin Nob","floor":7,"turns":4},{"damage":0,"enemies":"Small Slimes","floor":10,"turns":3},{"damage":11,"enemies":"3 Sentries","floor":11,"turns":5},{"damage":8,"enemies":"Gremlin Gang","floor":12,"turns":3},{"damage":8,"enemies":"Lagavulin","floor":13,"turns":4},{"damage":13,"enemies":"The Guardian","floor":16,"turns":16},{"damage":1,"enemies":"2 Thieves","floor":18,"turns":5},{"damage":7,"enemies":"Chosen","floor":19,"turns":9},{"damage":14,"enemies":"Snake Plant","floor":22,"turns":8},{"damage":28,"enemies":"Slavers","floor":23,"turns":8},{"damage":9,"enemies":"Book of Stabbing","floor":25,"turns":7},{"damage":22,"enemies":"Cultist and Chosen","floor":29,"turns":9},{"damage":1,"enemies":"Slavers","floor":30,"turns":6},{"damage":56,"enemies":"Automaton","floor":33,"turns":12}],"seed_played":"7486375604291025304","potions_obtained":[{"floor":1,"key":"Swift Potion"},{"floor":4,"key":"SteroidPotion"},{"floor":12,"key":"SpeedPotion"},{"floor":16,"key":"SkillPotion"},{"floor":19,"key":"Fire Potion"},{"floor":29,"key":"PowerPotion"}],"is_trial":false,"path_per_floor":["M","?","?","?","M","R","E","$","T","M","E","M","E","$","R","B",null,"M","M","$","?","M","E","R","E","T","R","$","M","E","$","R","B"],"character_chosen":"DEFECT","items_purchased":["Go for the Eyes","Leap","Leap"],"campfire_rested":3,"item_purchase_floors":[8,14,28],"current_hp_per_floor":[60,60,53,53,52,52,46,46,46,46,35,27,19,19,41,28,75,74,67,67,67,53,25,47,40,40,40,40,18,17,17,40,0],"gold":73,"neow_bonus":"ONE_RARE_RELIC","is_prod":false,"is_daily":false,"chose_seed":false,"campfire_upgraded":2,"win_rate":0,"timestamp":1548071107,"path_taken":["M","?","?","?","?","R","E","?","T","M","E","M","E","$","R","BOSS","M","?","$","?","M","E","R","E","T","R","$","M","E","?","R","BOSS"],"build_version":"2019-01-17v2","purchased_purges":3,"victory":false,"max_hp_per_floor":[75,75,75,75,75,75,75,75,75,75,75,75,75,75,75,75,75,75,75,75,75,75,75,75,77,77,77,77,77,77,77,77,77],"card_choices":[{"not_picked":["Hologram","Tempest"],"picked":"Go for the Eyes","floor":1},{"not_picked":["Undo","Loop","Turbo"],"picked":"SKIP","floor":5},{"not_picked":["Double Energy","Stack"],"picked":"Sweeping Beam","floor":7},{"not_picked":["Turbo","Steam Power"],"picked":"Coolheaded","floor":10},{"not_picked":["Chill","Fusion"],"picked":"Gash","floor":11},{"not_picked":["Storm","Sweeping Beam"],"picked":"Steam","floor":12},{"not_picked":["Reinforced Body","Reboot"],"picked":"Redo","floor":13},{"not_picked":["Lockon","White Noise"],"picked":"Cold Snap+1","floor":18},{"not_picked":["Genetic Algorithm+1","Barrage"],"picked":"Steam+1","floor":19},{"not_picked":["Turbo+1","Multi-Cast"],"picked":"Beam Cell","floor":22},{"not_picked":["Lockon+1","Steam+1"],"picked":"Sweeping Beam","floor":23},{"not_picked":["Reprogram+1","White Noise+1","Go for the Eyes"],"picked":"Singing Bowl","floor":25},{"not_picked":["Static Discharge","Beam Cell+1"],"picked":"Stack","floor":29},{"not_picked":["Stack+1","Self Repair"],"picked":"Go for the Eyes+1","floor":30}],"player_experience":622395,"relics_obtained":[{"floor":7,"key":"Bottled Lightning"},{"floor":9,"key":"PreservedInsect"},{"floor":11,"key":"Incense Burner"},{"floor":13,"key":"Ornamental Fan"},{"floor":23,"key":"Singing Bowl"},{"floor":25,"key":"Anchor"},{"floor":26,"key":"Symbiotic Virus"},{"floor":30,"key":"War Paint"}],"event_choices":[{"damage_healed":0,"gold_gain":0,"player_choice":"Box","damage_taken":0,"relics_obtained":["Orichalcum"],"max_hp_gain":0,"max_hp_loss":0,"event_name":"Big Fish","floor":2,"gold_loss":0,"cards_obtained":["Regret"]},{"cards_removed":["Regret"],"damage_healed":0,"gold_gain":0,"player_choice":"Card Removal","damage_taken":7,"max_hp_gain":0,"max_hp_loss":0,"event_name":"Golden Wing","floor":3,"gold_loss":0},{"damage_healed":0,"gold_gain":0,"player_choice":"Bought 1 Potion","damage_taken":0,"max_hp_gain":0,"max_hp_loss":0,"event_name":"The Woman in Blue","floor":4,"gold_loss":0},{"damage_healed":0,"gold_gain":0,"player_choice":"Upgraded","damage_taken":0,"max_hp_gain":0,"max_hp_loss":0,"event_name":"Upgrade Shrine","floor":21,"gold_loss":0,"cards_upgraded":["Coolheaded"]}],"is_beta":false,"boss_relics":[{"not_picked":["Empty Cage","Runic Dome"],"picked":"FrozenCore"}],"items_purged_floors":[8,14,20],"is_endless":false,"potions_floor_spawned":[1,12,16,19,23,29],"killed_by":"Automaton","ascension_level":1}