{"gold_per_floor":[111,129,129,129,7,7,36,36,91,121,121,137,166,186,186,282,282,301,321,335,114,124,157,256,256,256,41,41,41,76,93,93,197,197,215,23,23,35,50,83,83,103,129,3,32,32,32,48,48,48,48,48,14,41,41],"floor_reached":55,"playtime":3641,"items_purged":["Strike_R"],"score":796,"play_id":"40f183cc-c7bc-407d-ae7f-5b22e6e9d6cb","local_time":"20190114181011","is_ascension_mode":true,"campfire_choices":[{"data":"Armaments","floor":6.0,"key":"SMITH"},{"floor":8.0,"key":"REST"},{"data":"Metallicize","floor":15.0,"key":"SMITH"},{"data":"Demon Form","floor":25.0,"key":"SMITH"},{"floor":32.0,"key":"REST"},{"floor":41.0,"key":"REST"},{"floor":46,"key":"REST"},{"floor":49,"key":"RECALL"},{"data":"Offering","floor":52,"key":"SMITH"}],"neow_cost":"NONE","seed_source_timestamp":0,"circlet_count":0,"master_deck":["Strike_R+1","Defend_R","Defend_R","Defend_R+1","Bash","Metallicize+1","Heavy Blade","Armaments+1","Offering+1","Thunderclap","Demon Form+1","Sword Boomerang","Metallicize","Clothesline","Dropkick","Double Tap","Demon Form+1","Parasite","Shrug It Off+1","Twin Strike","Flame Barrier"],"special_seed":0,"relics":["Burning Blood","Ornamental Fan","Pocketwatch","Vajra","Unceasing Top","Bag of Marbles","Busted Crown","Blood Vial","Torii","Pen Nib","Letter Opener","Empty Cage","DollysMirror","CultistMask","Art of War","Smiling Mask","Gremlin Horn","Kunai"],"potions_floor_usage":[45,48,50,50],"damage_taken":[{"damage":7.0,"enemies":"2 Louse","floor":1.0,"turns":3.0},{"damage":4.0,"enemies":"Small Slimes","floor":2.0,"turns":4.0},{"damage":26.0,"enemies":"Gremlin Nob","floor":7.0,"turns":5.0},{"damage":12.0,"enemies":"Lagavulin","floor":10.0,"turns":7.0},{"damage":0.0,"enemies":"Jaw Worm","floor":12.0,"turns":3.0},{"damage":27.0,"enemies":"Gremlin Nob","floor":13.0,"turns":4.0},{"damage":0.0,"enemies":"2 Fungi Beasts","floor":14.0,"turns":4.0},{"damage":10.0,"enemies":"Slime Boss","floor":16.0,"turns":8.0},{"damage":7.0,"enemies":"3 Byrds","floor":18.0,"turns":4.0},{"damage":2.0,"enemies":"Spheric Guardian","floor":19.0,"turns":4.0},{"damage":19.0,"enemies":"Snake Plant","floor":20.0,"turns":4.0},{"damage":13.0,"enemies":"Chosen and Byrds","floor":22.0,"turns":4.0},{"damage":26.0,"enemies":"Slavers","floor":23.0,"turns":5.0},{"damage":22.0,"enemies":"Gremlin Leader","floor":30.0,"turns":7.0},{"damage":7.0,"enemies":"Snecko","floor":31.0,"turns":3.0},{"damage":27.0,"enemies":"Collector","floor":33.0,"turns":6.0},{"damage":24.0,"enemies":"3 Darklings","floor":35.0,"turns":4.0},{"damage":13.0,"enemies":"3 Shapes","floor":38.0,"turns":4.0},{"damage":14.0,"enemies":"Sphere and 2 Shapes","floor":39.0,"turns":5.0},{"damage":61.0,"enemies":"Reptomancer","floor":40.0,"turns":7.0},{"damage":18,"enemies":"Writhing Mass","floor":42,"turns":5},{"damage":7,"enemies":"Nemesis","floor":45,"turns":5},{"damage":6,"enemies":"4 Shapes","floor":48,"turns":4},{"damage":29,"enemies":"Donu and Deca","floor":50,"turns":7},{"damage":66,"enemies":"Shield and Spear","floor":54,"turns":7},{"damage":69,"enemies":"The Heart","floor":55,"turns":3}],"seed_played":"6312006622003643154","potions_obtained":[{"floor":1.0,"key":"Explosive Potion"},{"floor":7.0,"key":"BloodPotion"},{"floor":13.0,"key":"Swift Potion"},{"floor":22.0,"key":"Block Potion"},{"floor":23.0,"key":"Dexterity Potion"},{"floor":30.0,"key":"AttackPotion"},{"floor":31.0,"key":"BloodPotion"},{"floor":38.0,"key":"Regen Potion"},{"floor":45,"key":"Dexterity Potion"},{"floor":48,"key":"Poison Potion"}],"is_trial":false,"path_per_floor":["M","M","?","?","$","R","E","R","T","E","?","M","E","M","R","B",null,"M","M","M","$","M","E","?","R","T","$","?","?","E","M","R","B",null,"M","$","?","M","M","E","R","M","T","$","E","R","$","M","R","B",null,"R","$","E","B"],"character_chosen":"IRONCLAD","items_purchased":["Armaments","Regen Potion","Blood Vial","Metallicize","Pen Nib","DollysMirror","BloodPotion","AttackPotion","Flame Barrier"],"campfire_rested":4,"item_purchase_floors":[5,5,21,27,27,36,44,44,53],"current_hp_per_floor":[79,80,77,61,61,61,41,65,65,74,74,80,59,65,65,61,80,79,80,67,67,62,52,52,52,52,52,52,52,38,39,63,44,80,62,62,62,57,63,18,42,32,32,32,41,65,65,67,67,46,80,80,80,20,0],"gold":41,"neow_bonus":"REMOVE_CARD","is_prod":false,"is_daily":false,"chose_seed":false,"campfire_upgraded":4,"win_rate":0,"timestamp":1547507411,"path_taken":["M","M","?","?","?","R","E","R","T","E","?","M","E","M","R","BOSS","M","?","M","$","M","E","?","R","T","$","?","?","E","?","R","BOSS","M","$","?","M","M","E","R","M","T","$","E","R","?","M","R","BOSS","R","$","E","BOSS"],"build_version":"2019-01-10","purchased_purges":1,"victory":false,"max_hp_per_floor":[80,80,80,80,80,80,80,80,80,80,80,80,80,80,80,80,80,80,80,80,80,80,80,80,80,80,80,80,80,80,80,80,80,80,80,80,80,80,80,80,80,80,80,80,80,80,80,80,80,80,80,80,80,80,80],"card_choices":[{"not_picked":["Evolve","Flex"],"picked":"Metallicize","floor":1.0},{"not_picked":["Fire Breathing","Havoc"],"picked":"Heavy Blade","floor":2.0},{"not_picked":["Havoc","Body Slam","Pommel Strike"],"picked":"SKIP","floor":7.0},{"not_picked":["Shockwave","Reckless Charge"],"picked":"Offering","floor":10.0},{"not_picked":["Armaments","Havoc","Wild Strike"],"picked":"SKIP","floor":12.0},{"not_picked":["Cleave","Infernal Blade"],"picked":"Thunderclap","floor":13.0},{"not_picked":["Carnage","Armaments","Shrug It Off"],"picked":"SKIP","floor":14.0},{"not_picked":["Fiend Fire","Double Tap"],"picked":"Demon Form","floor":16.0},{"not_picked":["Pommel Strike"],"picked":"SKIP","floor":18.0},{"not_picked":["Clash"],"picked":"SKIP","floor":19.0},{"not_picked":["Havoc+1"],"picked":"SKIP","floor":20.0},{"not_picked":["Burning Pact"],"picked":"SKIP","floor":22.0},{"not_picked":["Sword Boomerang"],"picked":"SKIP","floor":23.0},{"not_picked":[],"picked":"Sword Boomerang","floor":23.0},{"not_picked":["Burning Pact"],"picked":"SKIP","floor":30.0},{"not_picked":[],"picked":"Dropkick","floor":31.0},{"not_picked":[],"picked":"Double Tap","floor":33.0},{"not_picked":["Headbutt"],"picked":"SKIP","floor":35.0},{"not_picked":["Havoc"],"picked":"SKIP","floor":38.0},{"not_picked":["Clash"],"picked":"SKIP","floor":39.0},{"not_picked":["Perfected Strike+1"],"picked":"SKIP","floor":40.0},{"not_picked":[],"picked":"Shrug It Off+1","floor":42},{"not_picked":["Carnage+1"],"picked":"SKIP","floor":45},{"not_picked":[],"picked":"Twin Strike","floor":48},{"not_picked":["Clothesline"],"picked":"SKIP","floor":54}],"player_experience":60165,"relics_obtained":[{"floor":7.0,"key":"Pocketwatch"},{"floor":9.0,"key":"Vajra"},{"floor":10.0,"key":"Unceasing Top"},{"floor":13.0,"key":"Bag of Marbles"},{"floor":23.0,"key":"Torii"},{"floor":30.0,"key":"Letter Opener"},{"floor":40.0,"key":"Art of War"},{"floor":43,"key":"Smiling Mask"},{"floor":45,"key":"Gremlin Horn"},{"floor":54,"key":"Kunai"}],"event_choices":[{"damage_healed":0.0,"max_hp_gain":0.0,"max_hp_loss":0.0,"gold_gain":0.0,"event_name":"Scrap Ooze","player_choice":"Success","floor":3.0,"gold_loss":0.0,"damage_taken":3.0,"relics_obtained":["Ornamental Fan"]},{"damage_healed":0.0,"max_hp_gain":0.0,"max_hp_loss":0.0,"gold_gain":0.0,"event_name":"Shining Light","player_choice":"Entered Light","floor":4.0,"gold_loss":0.0,"damage_taken":16.0,"cards_upgraded":["Defend_R","Strike_R"]},{"damage_healed":0.0,"max_hp_gain":0.0,"max_hp_loss":0.0,"gold_gain":0.0,"event_name":"Match and Keep!","player_choice":"0 cards matched","floor":11.0,"gold_loss":0.0,"damage_taken":0.0,"cards_obtained":[]},{"damage_healed":0.0,"max_hp_gain":0.0,"max_hp_loss":0.0,"gold_gain":99.0,"event_name":"Nest","player_choice":"Stole From Cult","floor":24.0,"gold_loss":0.0,"damage_taken":0.0},{"damage_healed":0.0,"max_hp_gain":0.0,"max_hp_loss":0.0,"gold_gain":0.0,"event_name":"Beggar","player_choice":"Ignored","floor":28.0,"gold_loss":0.0,"damage_taken":0.0},{"damage_healed":0.0,"max_hp_gain":0.0,"max_hp_loss":0.0,"gold_gain":0.0,"cards_transformed":["Strike_R"],"event_name":"Transmorgrifier","player_choice":"Transformed","floor":29.0,"gold_loss":0.0,"damage_taken":0.0,"cards_obtained":["Clothesline"]},{"damage_healed":0.0,"max_hp_gain":0.0,"max_hp_loss":0.0,"gold_gain":0.0,"event_name":"FaceTrader","player_choice":"Trade","floor":37.0,"gold_loss":0.0,"damage_taken":0.0,"relics_obtained":["CultistMask"]}],"is_beta":false,"boss_relics":[{"not_picked":["Runic Dome","Ectoplasm"],"picked":"Busted Crown"},{"not_picked":["Velvet Choker","Calling Bell"],"picked":"Empty Cage"}],"items_purged_floors":[21],"is_endless":false,"potions_floor_spawned":[1,7,13,16,20,22,23,30,31,38,45,48],"killed_by":"The Heart","ascension_level":1}