{"gold_per_floor":[115,125,136,136,19,19,45,45,69,87,121,139,139,157,157,259,259,269,24,0],"floor_reached":20,"playtime":886,"items_purged":[],"score":212,"play_id":"0ad2b566-9b0f-415d-b6ee-9dc8b505471f","local_time":"20190201025502","is_ascension_mode":true,"campfire_choices":[{"data":"Spot Weakness","floor":6,"key":"SMITH"},{"data":"Seeing Red","floor":13,"key":"SMITH"},{"data":"Anger","floor":15,"key":"SMITH"}],"neow_cost":"CURSE","seed_source_timestamp":1456462612362900,"circlet_count":0,"master_deck":["Strike_R","Strike_R","Strike_R","Defend_R+1","Defend_R","Defend_R+1","Defend_R","Bash","Injury","Headbutt","Dark Embrace","Uppercut","Inflame","True Grit","Anger+1","Spot Weakness+1","Seeing Red+1","Iron Wave","Battle Trance","Demon Form"],"relics":["Burning Blood","Potion Belt","War Paint","Centennial Puzzle","Strawberry","Runic Pyramid","Frozen Egg 2"],"potions_floor_usage":[7,7,10,10,14,16],"damage_taken":[{"damage":12,"enemies":"Small Slimes","floor":1,"turns":4},{"damage":9,"enemies":"Jaw Worm","floor":2,"turns":3},{"damage":7,"enemies":"Cultist","floor":3,"turns":4},{"damage":15,"enemies":"Lagavulin","floor":7,"turns":5},{"damage":13,"enemies":"Large Slime","floor":10,"turns":5},{"damage":34,"enemies":"3 Sentries","floor":11,"turns":7},{"damage":14,"enemies":"Blue Slaver","floor":12,"turns":3},{"damage":0,"enemies":"3 Louse","floor":14,"turns":1},{"damage":35,"enemies":"Hexaghost","floor":16,"turns":10},{"damage":34,"enemies":"Shell Parasite","floor":18,"turns":6},{"damage":22,"enemies":"2 Thieves","floor":20,"turns":2}],"seed_played":"8640217697881778578","potions_obtained":[{"floor":1,"key":"Poison Potion"},{"floor":3,"key":"Block Potion"},{"floor":8,"key":"Regen Potion"},{"floor":8,"key":"Regen Potion"},{"floor":8,"key":"SmokeBomb"},{"floor":11,"key":"SteroidPotion"},{"floor":12,"key":"Dexterity Potion"},{"floor":18,"key":"Poison Potion"}],"is_trial":false,"path_per_floor":["M","M","M","?","$","R","E","?","T","M","E","M","R","M","R","B",null,"M","$","M"],"character_chosen":"IRONCLAD","items_purchased":["Anger","Spot Weakness","Frozen Egg 2"],"campfire_rested":0,"item_purchase_floors":[5,5,19],"current_hp_per_floor":[74,71,70,52,52,52,43,43,43,70,49,41,41,47,47,18,87,59,59,37],"gold":0,"neow_bonus":"TRANSFORM_TWO_CARDS","is_prod":false,"is_daily":false,"chose_seed":false,"campfire_upgraded":3,"win_rate":0,"timestamp":1549007702,"path_taken":["M","M","M","?","$","R","E","?","T","M","E","M","R","M","R","BOSS","M","?","M"],"build_version":"2019-01-23","purchased_purges":0,"victory":false,"max_hp_per_floor":[80,80,80,80,80,80,80,80,80,80,87,87,87,87,87,87,87,87,87,87],"card_choices":[{"not_picked":["Body Slam","Second Wind"],"picked":"Uppercut","floor":1},{"not_picked":["Perfected Strike","Pommel Strike"],"picked":"Inflame","floor":2},{"not_picked":["Sword Boomerang","Inflame"],"picked":"True Grit","floor":3},{"not_picked":["Sever Soul","Sentinel"],"picked":"Seeing Red","floor":7},{"not_picked":["Wild Strike","Twin Strike","Body Slam"],"picked":"SKIP","floor":10},{"not_picked":["Pommel Strike","Clothesline"],"picked":"Iron Wave","floor":11},{"not_picked":["Carnage","Entrench"],"picked":"Battle Trance","floor":12},{"not_picked":["Body Slam","Entrench","True Grit"],"picked":"SKIP","floor":14},{"not_picked":["Berserk","Exhume"],"picked":"Demon Form","floor":16},{"not_picked":["Pummel+1","Warcry","Havoc"],"picked":"SKIP","floor":18}],"player_experience":177677,"relics_obtained":[{"floor":7,"key":"War Paint"},{"floor":9,"key":"Centennial Puzzle"},{"floor":11,"key":"Strawberry"}],"event_choices":[{"damage_healed":0,"gold_gain":0,"player_choice":"Success","damage_taken":18,"relics_obtained":["Potion Belt"],"max_hp_gain":0,"max_hp_loss":0,"event_name":"Scrap Ooze","floor":4,"gold_loss":0},{"damage_healed":0,"gold_gain":0,"player_choice":"Got Potions","damage_taken":0,"max_hp_gain":0,"max_hp_loss":0,"event_name":"Lab","floor":8,"gold_loss":0}],"is_beta":false,"boss_relics":[{"not_picked":["Sozu","White Beast Statue"],"picked":"Runic Pyramid"}],"items_purged_floors":[],"is_endless":false,"potions_floor_spawned":[1,3,11,12,18],"killed_by":"2 Thieves","ascension_level":3}