{"gold_per_floor":[111,111,111,124,124,165,165,189,264,264,64,77,111,126,126,249,249,227,142,0,21,21,54,77,77,101,31,55,55],"floor_reached":29,"playtime":2096,"items_purged":["Strike_G"],"score":292,"play_id":"350bce4e-f298-435e-b84e-e982c6086221","local_time":"20190202153505","is_ascension_mode":true,"campfire_choices":[{"data":"Leg Sweep","floor":7.0,"key":"SMITH"},{"data":"Terror","floor":10.0,"key":"SMITH"},{"data":"Neutralize","floor":15.0,"key":"SMITH"},{"data":"Bullet Time","floor":25,"key":"SMITH"}],"neow_cost":"NONE","seed_source_timestamp":0,"circlet_count":0,"master_deck":["Defend_G","Defend_G","Defend_G","Defend_G","Defend_G","Strike_G","Strike_G","Strike_G","Strike_G","Survivor","Neutralize+1","Leg Sweep+1","Dodge and Roll","Terror+1","Footwork","Quick Slash","Slice","Predator","Backflip","Blade Dance","Bullet Time+1","Slice","Underhanded Strike","PiercingWail","Choke","Accuracy+1"],"special_seed":0,"relics":["Ring of the Snake","NeowsBlessing","Smiling Mask","Golden Idol","Kunai","Tiny Chest","Mango","WristBlade","Boot","Question Card","Frozen Egg 2","Centennial Puzzle"],"potions_floor_usage":[23],"damage_taken":[{"damage":0.0,"enemies":"Jaw Worm","floor":1.0,"turns":1.0},{"damage":0.0,"enemies":"Small Slimes","floor":4.0,"turns":1.0},{"damage":0.0,"enemies":"Gremlin Nob","floor":6.0,"turns":1.0},{"damage":0.0,"enemies":"2 Louse","floor":8.0,"turns":4.0},{"damage":0.0,"enemies":"Blue Slaver","floor":12.0,"turns":5.0},{"damage":13.0,"enemies":"3 Sentries","floor":13.0,"turns":12.0},{"damage":1.0,"enemies":"Large Slime","floor":14.0,"turns":9.0},{"damage":21.0,"enemies":"Slime Boss","floor":16.0,"turns":15.0},{"damage":15.0,"enemies":"2 Thieves","floor":18.0,"turns":5.0},{"damage":8,"enemies":"Shell Parasite","floor":21,"turns":5},{"damage":23,"enemies":"Book of Stabbing","floor":23,"turns":7},{"damage":3,"enemies":"Snake Plant","floor":24,"turns":4},{"damage":8,"enemies":"Chosen and Byrds","floor":28,"turns":5},{"damage":28,"enemies":"Gremlin Leader","floor":29,"turns":4}],"seed_played":"7527191747578237162","potions_obtained":[{"floor":1.0,"key":"Swift Potion"},{"floor":6.0,"key":"Ancient Potion"},{"floor":16.0,"key":"SpeedPotion"},{"floor":21,"key":"SteroidPotion"},{"floor":24,"key":"SneckoOil"}],"is_trial":false,"path_per_floor":["M","?","?","M","?","E","R","M","T","R","$","M","E","M","R","B",null,"M","?","?","M","?","E","M","R","T","$","M","E"],"character_chosen":"THE_SILENT","items_purchased":["Footwork","Quick Slash","Slice","Accuracy+1"],"campfire_rested":0,"item_purchase_floors":[11,11,11,27],"current_hp_per_floor":[70,67,67,67,50,50,50,50,50,50,50,50,51,50,50,29,84,69,69,69,61,61,38,35,35,35,35,27,0],"gold":55,"neow_bonus":"THREE_ENEMY_KILL","is_prod":false,"is_daily":false,"chose_seed":false,"campfire_upgraded":4,"win_rate":0,"timestamp":1549139705,"path_taken":["M","?","?","M","?","E","R","M","T","R","$","M","E","M","R","BOSS","M","?","?","M","?","E","M","R","T","$","M","E"],"build_version":"2019-01-23","purchased_purges":1,"victory":false,"max_hp_per_floor":[70,70,70,70,70,70,70,70,70,70,70,70,84,84,84,84,84,84,84,84,84,84,84,84,84,84,84,84,84],"card_choices":[{"not_picked":["Concentrate","Outmaneuver","Bane"],"picked":"SKIP","floor":1.0},{"not_picked":["Deflect","Flying Knee"],"picked":"Leg Sweep","floor":4.0},{"not_picked":["Underhanded Strike","Venomology"],"picked":"Dodge and Roll","floor":6.0},{"not_picked":["Noxious Fumes","Poisoned Stab"],"picked":"Terror","floor":8.0},{"not_picked":["Dagger Spray","Slice"],"picked":"Predator","floor":12.0},{"not_picked":["Bane","Crippling Poison"],"picked":"Backflip","floor":13.0},{"not_picked":["Catalyst","Noxious Fumes"],"picked":"Blade Dance","floor":14.0},{"not_picked":["Envenom","Storm of Steel"],"picked":"Bullet Time","floor":16.0},{"not_picked":["Prepared","Poisoned Stab"],"picked":"Slice","floor":18.0},{"not_picked":["Dagger Spray","Well Laid Plans"],"picked":"Underhanded Strike","floor":21},{"not_picked":["Expertise+1","Endless Agony+1","Deadly Poison"],"picked":"PiercingWail","floor":23},{"not_picked":["Bane","Predator","Endless Agony"],"picked":"Choke","floor":24},{"not_picked":["Prepared","Outmaneuver+1","Dodge and Roll","Sucker Punch+1"],"picked":"SKIP","floor":28}],"player_experience":199513,"relics_obtained":[{"floor":6.0,"key":"Kunai"},{"floor":9.0,"key":"Tiny Chest"},{"floor":13.0,"key":"Mango"},{"floor":23,"key":"Frozen Egg 2"},{"floor":26,"key":"Centennial Puzzle"}],"event_choices":[{"damage_healed":0.0,"max_hp_gain":0.0,"max_hp_loss":0.0,"gold_gain":0.0,"event_name":"Scrap Ooze","player_choice":"Success","floor":2.0,"gold_loss":0.0,"damage_taken":3.0,"relics_obtained":["Smiling Mask"]},{"damage_healed":0.0,"max_hp_gain":0.0,"max_hp_loss":0.0,"gold_gain":0.0,"event_name":"Liars Game","player_choice":"Ignored","floor":3.0,"gold_loss":0.0,"damage_taken":0.0},{"damage_healed":0.0,"max_hp_gain":0.0,"max_hp_loss":0.0,"gold_gain":0.0,"event_name":"Golden Idol","player_choice":"Take Damage","floor":5.0,"gold_loss":0.0,"damage_taken":17.0,"relics_obtained":["Golden Idol"]},{"damage_healed":0.0,"max_hp_gain":0.0,"max_hp_loss":0.0,"gold_gain":0.0,"event_name":"Addict","player_choice":"Obtained Relic","floor":19.0,"gold_loss":85.0,"damage_taken":0.0,"relics_obtained":["Boot"]},{"damage_healed":0,"gold_gain":0,"player_choice":"Paid Fearfully","damage_taken":0,"max_hp_gain":0,"max_hp_loss":0,"event_name":"Masked Bandits","floor":20,"gold_loss":142},{"damage_healed":0,"gold_gain":0,"player_choice":"Gave Potion","damage_taken":0,"relics_obtained":["Question Card"],"max_hp_gain":0,"max_hp_loss":0,"event_name":"WeMeetAgain","floor":22,"gold_loss":0}],"is_beta":false,"boss_relics":[{"not_picked":["Runic Pyramid","Busted Crown"],"picked":"WristBlade"}],"items_purged_floors":[11],"is_endless":false,"potions_floor_spawned":[1,6,16,21,24],"killed_by":"Gremlin Leader","ascension_level":1}