{"gold_per_floor":[109,109,121,121,296,296,331,350,350,112,137,103,178,192,192,294,294,304,314,324,324],"floor_reached":21,"playtime":1407,"items_purged":["Doubt"],"score":214,"play_id":"dded0d8d-9211-4ae1-992c-e7b9e47c5ba5","local_time":"20190206095940","is_ascension_mode":false,"campfire_choices":[{"data":"Blur","floor":6,"key":"SMITH"},{"data":"Neutralize","floor":15,"key":"SMITH"}],"neow_cost":"NONE","seed_source_timestamp":168209526712539,"circlet_count":0,"master_deck":["Defend_G","Defend_G","Defend_G","Defend_G","Strike_G","Strike_G","Strike_G","Strike_G","Survivor","Neutralize+1","Deep Breath","Blur+1","Escape Plan","Cloak And Dagger","Blur","Flechettes","Apotheosis","Caltrops","Infinite Blades","Storm of Steel","Setup","Caltrops","Quick Slash+1"],"relics":["Ring of the Snake","Mummified Hand","Meat on the Bone","Ancient Tea Set","Black Star"],"potions_floor_usage":[7,16,18,21],"damage_taken":[{"damage":0,"enemies":"Small Slimes","floor":1,"turns":3},{"damage":0,"enemies":"Jaw Worm","floor":3,"turns":6},{"damage":18,"enemies":"3 Sentries","floor":7,"turns":13},{"damage":0,"enemies":"2 Louse","floor":8,"turns":3},{"damage":0,"enemies":"Lagavulin","floor":11,"turns":9},{"damage":2,"enemies":"Blue Slaver","floor":14,"turns":4},{"damage":15,"enemies":"Slime Boss","floor":16,"turns":13},{"damage":8,"enemies":"Chosen","floor":18,"turns":8},{"damage":1,"enemies":"Spheric Guardian","floor":19,"turns":5},{"damage":57,"enemies":"3 Cultists","floor":20,"turns":7},{"damage":25,"enemies":"Colosseum Slavers","floor":21,"turns":3}],"seed_played":"-1071785943571442645","potions_obtained":[{"floor":3,"key":"LiquidBronze"},{"floor":14,"key":"Ancient Potion"},{"floor":16,"key":"AttackPotion"},{"floor":19,"key":"Poison Potion"}],"is_trial":false,"path_per_floor":["M","?","M","?","?","R","E","M","T","$","E","$","?","M","R","B",null,"M","M","M","?"],"character_chosen":"THE_SILENT","items_purchased":["Apotheosis","Infinite Blades"],"campfire_rested":0,"item_purchase_floors":[10,12],"current_hp_per_floor":[70,70,70,63,63,63,45,45,45,45,45,45,34,44,44,41,70,62,61,16,0],"gold":324,"neow_bonus":"RANDOM_COLORLESS","is_prod":false,"is_daily":false,"chose_seed":false,"campfire_upgraded":2,"win_rate":0.0,"timestamp":1549418380,"path_taken":["M","?","M","?","?","R","E","M","T","?","E","$","?","?","R","BOSS","M","M","?","?"],"build_version":"2019-01-23","purchased_purges":1,"victory":false,"max_hp_per_floor":[70,70,70,70,70,70,70,70,70,70,70,70,70,70,70,70,70,70,70,70,70],"card_choices":[{"not_picked":["Eviscerate","Dagger Spray"],"picked":"Blur","floor":1},{"not_picked":["PiercingWail","Dodge and Roll"],"picked":"Cloak And Dagger","floor":3},{"not_picked":["Dagger Spray","Tactician"],"picked":"Blur","floor":7},{"not_picked":["Deadly Poison","Cloak And Dagger"],"picked":"Flechettes","floor":8},{"not_picked":["Dagger Spray","Wraith Form v2"],"picked":"Caltrops","floor":11},{"not_picked":["Dash","Underhanded Strike","Sucker Punch"],"picked":"SKIP","floor":14},{"not_picked":["Doppelganger","Adrenaline"],"picked":"Storm of Steel","floor":16},{"not_picked":["Well Laid Plans","Backflip"],"picked":"Setup","floor":18},{"not_picked":["Sucker Punch","Poisoned Stab+1"],"picked":"Caltrops","floor":19},{"not_picked":["Prepared","Underhanded Strike+1"],"picked":"Quick Slash+1","floor":20}],"player_experience":197907,"relics_obtained":[{"floor":7,"key":"Mummified Hand"},{"floor":9,"key":"Meat on the Bone"},{"floor":11,"key":"Ancient Tea Set"}],"event_choices":[{"damage_healed":0,"gold_gain":0,"cards_transformed":["Strike_G"],"player_choice":"Change","damage_taken":0,"max_hp_gain":0,"max_hp_loss":0,"event_name":"Living Wall","floor":2,"gold_loss":0,"cards_obtained":["Escape Plan"]},{"cards_removed":["Defend_G"],"damage_healed":0,"gold_gain":0,"player_choice":"Card Removal","damage_taken":7,"max_hp_gain":0,"max_hp_loss":0,"event_name":"Golden Wing","floor":4,"gold_loss":0},{"damage_healed":0,"gold_gain":175,"player_choice":"AGREE","damage_taken":0,"max_hp_gain":0,"max_hp_loss":0,"event_name":"Liars Game","floor":5,"gold_loss":0,"cards_obtained":["Doubt"]},{"damage_healed":0,"gold_gain":75,"player_choice":"Gather Gold","damage_taken":11,"max_hp_gain":0,"max_hp_loss":0,"event_name":"World of Goop","floor":13,"gold_loss":0},{"damage_healed":0,"gold_gain":0,"player_choice":"Fight","damage_taken":0,"max_hp_gain":0,"max_hp_loss":0,"event_name":"Colosseum","floor":21,"gold_loss":0}],"is_beta":false,"boss_relics":[{"not_picked":["Orrery","Fusion Hammer"],"picked":"Black Star"}],"items_purged_floors":[10],"is_endless":false,"potions_floor_spawned":[3,14,16,19],"killed_by":"Colosseum Slavers","ascension_level":0}