{"gold_per_floor":[115,133,146,196,216,216,244,244,299,299,299,299,324,249,249,249],"floor_reached":16,"playtime":1017,"items_purged":["Strike_R"],"score":180,"play_id":"2c9dfa15-059d-44dd-ae41-5a543d33afab","local_time":"20190131114555","is_ascension_mode":true,"campfire_choices":[{"data":"Feed","floor":6,"key":"SMITH"},{"floor":8,"key":"REST"},{"data":"Flame Barrier","floor":11,"key":"SMITH"},{"data":"Body Slam","floor":15,"key":"SMITH"}],"neow_cost":"TEN_PERCENT_HP_LOSS","seed_source_timestamp":1036645495840215,"circlet_count":0,"master_deck":["AscendersBane","Strike_R","Strike_R","Strike_R","Strike_R","Defend_R","Defend_R","Defend_R","Bash","Feed+1","Headbutt","Flame Barrier+1","Shrug It Off","Body Slam+1"],"relics":["Burning Blood","Letter Opener","Regal Pillow","Golden Idol"],"potions_floor_usage":[7,16,16],"damage_taken":[{"damage":1,"enemies":"Small Slimes","floor":1,"turns":4},{"damage":1,"enemies":"Cultist","floor":2,"turns":3},{"damage":12,"enemies":"2 Louse","floor":3,"turns":4},{"damage":6,"enemies":"Looter","floor":5,"turns":4},{"damage":43,"enemies":"Lagavulin","floor":7,"turns":8},{"damage":10,"enemies":"Gremlin Gang","floor":13,"turns":8},{"damage":55,"enemies":"Slime Boss","floor":16,"turns":14}],"seed_played":"-6939332672045361728","potions_obtained":[{"floor":3,"key":"Weak Potion"},{"floor":7,"key":"Dexterity Potion"},{"floor":13,"key":"Weak Potion"}],"is_trial":false,"path_per_floor":["M","M","M","?","M","R","E","R","T","?","R","?","M","$","R","B"],"character_chosen":"IRONCLAD","items_purchased":[],"campfire_rested":1,"item_purchase_floors":[],"current_hp_per_floor":[71,74,71,64,64,64,27,50,50,50,50,50,50,50,50,0],"gold":249,"neow_bonus":"THREE_RARE_CARDS","is_prod":false,"is_daily":false,"chose_seed":false,"campfire_upgraded":3,"win_rate":0,"timestamp":1548931555,"path_taken":["M","M","M","?","?","R","E","R","T","?","R","?","M","$","R","BOSS"],"build_version":"2019-01-23","purchased_purges":1,"victory":false,"max_hp_per_floor":[71,74,77,77,77,77,77,77,77,70,70,70,74,74,74,74],"card_choices":[{"not_picked":["Juggernaut","Impervious"],"picked":"Feed","floor":0},{"not_picked":["True Grit","Anger"],"picked":"Headbutt","floor":1},{"not_picked":["Clash","Sever Soul"],"picked":"Flame Barrier","floor":2},{"not_picked":["Dual Wield","Feel No Pain","Heavy Blade"],"picked":"SKIP","floor":3},{"not_picked":["Clash","Heavy Blade"],"picked":"Shrug It Off","floor":5},{"not_picked":["Brutality","Clash","Pommel Strike"],"picked":"SKIP","floor":7},{"not_picked":["Cleave","Twin Strike"],"picked":"Body Slam","floor":13}],"player_experience":662538,"relics_obtained":[{"floor":7,"key":"Letter Opener"},{"floor":9,"key":"Regal Pillow"}],"event_choices":[{"damage_healed":0,"gold_gain":50,"player_choice":"Touch","damage_taken":7,"max_hp_gain":0,"max_hp_loss":0,"event_name":"FaceTrader","floor":4,"gold_loss":0},{"damage_healed":0,"gold_gain":0,"player_choice":"Lose Max HP","damage_taken":0,"relics_obtained":["Golden Idol"],"max_hp_gain":0,"max_hp_loss":7,"event_name":"Golden Idol","floor":10,"gold_loss":0},{"cards_removed":["Defend_R"],"damage_healed":0,"gold_gain":0,"player_choice":"Offered Basic","damage_taken":0,"max_hp_gain":0,"max_hp_loss":0,"event_name":"Bonfire Elementals","floor":12,"gold_loss":0}],"is_beta":true,"boss_relics":[],"items_purged_floors":[14],"is_endless":false,"potions_floor_spawned":[3,7,13],"killed_by":"Slime Boss","ascension_level":16}