{"gold_per_floor":[118,130,150,5,19,19,50,63,112,12,28,43,63,94,94,190,190,203,128,153,93,103,103],"floor_reached":23,"playtime":1144,"items_purged":["Bash","Exhume"],"score":240,"play_id":"9408872f-406c-4d3b-9217-bdeb5aa5d606","local_time":"20190130061945","is_ascension_mode":true,"campfire_choices":[{"data":"Armaments","floor":6,"key":"SMITH"},{"data":"Demon Form","floor":15,"key":"SMITH"}],"neow_cost":"NONE","seed_source_timestamp":1295687885113400,"circlet_count":0,"master_deck":["Strike_R","Strike_R","Strike_R","Defend_R","Defend_R","Defend_R","Defend_R","Iron Wave","Armaments+1","Iron Wave","Demon Form+1","Power Through","Anger","Flex","Anger+1","Twin Strike","Corruption"],"relics":["Burning Blood","Singing Bowl","Strawberry","Shuriken","Runic Pyramid","Red Mask"],"potions_floor_usage":[14,16,18],"damage_taken":[{"damage":3,"enemies":"Small Slimes","floor":1,"turns":3},{"damage":6,"enemies":"Jaw Worm","floor":2,"turns":3},{"damage":8,"enemies":"Cultist","floor":3,"turns":5},{"damage":21,"enemies":"Exordium Thugs","floor":5,"turns":5},{"damage":33,"enemies":"Lagavulin","floor":7,"turns":7},{"damage":4,"enemies":"3 Louse","floor":8,"turns":5},{"damage":6,"enemies":"2 Fungi Beasts","floor":11,"turns":5},{"damage":0,"enemies":"Large Slime","floor":12,"turns":6},{"damage":12,"enemies":"Blue Slaver","floor":13,"turns":3},{"damage":13,"enemies":"Gremlin Nob","floor":14,"turns":4},{"damage":18,"enemies":"Slime Boss","floor":16,"turns":10},{"damage":9,"enemies":"Spheric Guardian","floor":18,"turns":4},{"damage":53,"enemies":"Masked Bandits","floor":20,"turns":6},{"damage":17,"enemies":"Chosen","floor":22,"turns":5},{"damage":39,"enemies":"Book of Stabbing","floor":23,"turns":4}],"seed_played":"-9011910771167301990","potions_obtained":[{"floor":2,"key":"LiquidBronze"},{"floor":5,"key":"Regen Potion"},{"floor":8,"key":"SkillPotion"},{"floor":11,"key":"Block Potion"},{"floor":12,"key":"SteroidPotion"},{"floor":14,"key":"PowerPotion"},{"floor":20,"key":"SpeedPotion"}],"is_trial":false,"path_per_floor":["M","M","M","$","M","R","E","M","T","$","M","M","M","E","R","B",null,"M","?","?","?","M","E"],"character_chosen":"IRONCLAD","items_purchased":["Demon Form"],"campfire_rested":0,"item_purchase_floors":[4],"current_hp_per_floor":[80,80,78,78,63,63,38,40,47,47,47,55,49,44,44,34,95,92,92,47,47,38,0],"gold":103,"neow_bonus":"ONE_RANDOM_RARE_CARD","is_prod":false,"is_daily":false,"chose_seed":false,"campfire_upgraded":2,"win_rate":0,"timestamp":1548847185,"path_taken":["M","M","M","$","M","R","E","M","T","$","M","M","M","E","R","BOSS","M","?","?","?","?","E"],"build_version":"2019-01-23","purchased_purges":2,"victory":false,"max_hp_per_floor":[80,80,80,80,80,80,82,82,89,89,89,91,91,93,93,95,95,95,95,97,97,99,99],"card_choices":[{"not_picked":["Twin Strike","Power Through"],"picked":"Iron Wave","floor":1},{"not_picked":["Wild Strike","Clothesline"],"picked":"Armaments","floor":2},{"not_picked":["Body Slam","Warcry"],"picked":"Iron Wave","floor":3},{"not_picked":["Disarm","Wild Strike"],"picked":"Power Through","floor":5},{"not_picked":["Clothesline","Offering","Hemokinesis"],"picked":"Singing Bowl","floor":7},{"not_picked":["Thunderclap","Entrench"],"picked":"Anger","floor":8},{"not_picked":["Battle Trance","True Grit"],"picked":"Flex","floor":11},{"not_picked":["Sword Boomerang","Power Through","Iron Wave"],"picked":"Singing Bowl","floor":12},{"not_picked":["Burning Pact","Armaments"],"picked":"Clash","floor":13},{"not_picked":["Dual Wield","Seeing Red","Berserk"],"picked":"Singing Bowl","floor":14},{"not_picked":["Barricade","Berserk","Reaper"],"picked":"Singing Bowl","floor":16},{"not_picked":["Warcry","Iron Wave"],"picked":"Anger+1","floor":18},{"not_picked":["Power Through+1","Iron Wave","Sever Soul+1"],"picked":"Singing Bowl","floor":20},{"not_picked":["Iron Wave","Armaments+1","Sword Boomerang"],"picked":"Singing Bowl","floor":22}],"player_experience":119475,"relics_obtained":[{"floor":7,"key":"Singing Bowl"},{"floor":9,"key":"Strawberry"},{"floor":14,"key":"Shuriken"},{"floor":20,"key":"Red Mask"}],"event_choices":[{"cards_removed":["Strike_R"],"damage_healed":0,"gold_gain":0,"player_choice":"Gave Gold","damage_taken":0,"max_hp_gain":0,"max_hp_loss":0,"event_name":"Beggar","floor":19,"gold_loss":75},{"damage_healed":0,"gold_gain":0,"player_choice":"Fought Bandits","damage_taken":0,"max_hp_gain":0,"max_hp_loss":0,"event_name":"Masked Bandits","floor":20,"gold_loss":0},{"damage_healed":0,"gold_gain":0,"cards_transformed":["Clash","Strike_R"],"player_choice":"Transformed Cards","damage_taken":0,"max_hp_gain":0,"max_hp_loss":0,"event_name":"Designer","floor":21,"gold_loss":60,"cards_obtained":["Twin Strike","Corruption"]}],"is_beta":false,"boss_relics":[{"not_picked":["Ectoplasm","Tiny House"],"picked":"Runic Pyramid"}],"items_purged_floors":[4,10],"is_endless":false,"potions_floor_spawned":[2,5,8,11,12,14,20],"killed_by":"Book of Stabbing","ascension_level":1}