{"gold_per_floor":[110,130,144,144,144,144,159,190,215,231,231,231,243,260,260,356,356,370,382,742,761,772,772,791,791,816,816,832,832,832,832,832,927,927,942,952,952,240,240,240,275,275,275,306,7,7,7,19,19,19],"floor_reached":51,"playtime":3212,"items_purged":["Gash","Gash"],"score":757,"play_id":"6c2233ed-dbc5-4f9d-80c9-323eca1c86b8","local_time":"20190125102925","is_ascension_mode":false,"campfire_choices":[{"data":"Consume","floor":6,"key":"SMITH"},{"data":"Zap","floor":12,"key":"SMITH"},{"data":"Creative AI","floor":15,"key":"SMITH"},{"floor":23,"key":"REST"},{"floor":25,"key":"REST"},{"data":"Defragment","floor":27,"key":"SMITH"},{"data":"Storm","floor":29,"key":"SMITH"},{"data":"Capacitor","floor":32,"key":"SMITH"},{"data":"Defragment","floor":40,"key":"SMITH"},{"data":"Ghostly","floor":46,"key":"SMITH"},{"floor":49,"key":"REST"}],"neow_cost":"NONE","seed_source_timestamp":72480165295090,"circlet_count":0,"master_deck":["Defend_B+1","Defend_B+1","Defend_B","Defend_B+1","Zap+1","Dualcast","Consume+1","Storm+1","Cold Snap","Creative AI+1","Defragment+1","Electrodynamics","Genetic Algorithm+1","PanicButton","Storm+1","Capacitor+1","Bite","Bite","Bite","Bite","Bite","Ghostly+1","Ghostly","Ghostly","Ghostly","Ghostly","Seek","FTL+1","Chill","Defragment+1","Madness","Madness","Coolheaded+1","Force Field+1"],"relics":["Cracked Core","War Paint","Pen Nib","Sozu","Happy Flower","Philosopher\u0027s Stone","Mango","Thread and Needle","Centennial Puzzle","Lantern","Bag of Preparation","OrangePellets"],"potions_floor_usage":[8,33],"damage_taken":[{"damage":0,"enemies":"Cultist","floor":1,"turns":3},{"damage":7,"enemies":"Small Slimes","floor":2,"turns":3},{"damage":0,"enemies":"2 Louse","floor":3,"turns":2},{"damage":2,"enemies":"Looter","floor":7,"turns":3},{"damage":20,"enemies":"Gremlin Nob","floor":8,"turns":4},{"damage":7,"enemies":"Blue Slaver","floor":10,"turns":4},{"damage":0,"enemies":"Red Slaver","floor":13,"turns":3},{"damage":0,"enemies":"2 Fungi Beasts","floor":14,"turns":3},{"damage":18,"enemies":"Hexaghost","floor":16,"turns":8},{"damage":4,"enemies":"3 Byrds","floor":18,"turns":3},{"damage":3,"enemies":"Spheric Guardian","floor":19,"turns":4},{"damage":17,"enemies":"Snecko","floor":21,"turns":5},{"damage":10,"enemies":"3 Cultists","floor":22,"turns":3},{"damage":17,"enemies":"Sentry and Sphere","floor":24,"turns":4},{"damage":26,"enemies":"Shelled Parasite and Fungi","floor":28,"turns":4},{"damage":9,"enemies":"Collector","floor":33,"turns":7},{"damage":0,"enemies":"3 Darklings","floor":35,"turns":5},{"damage":20,"enemies":"3 Shapes","floor":36,"turns":2},{"damage":10,"enemies":"Giant Head","floor":41,"turns":7},{"damage":0,"enemies":"Reptomancer","floor":44,"turns":4},{"damage":0,"enemies":"3 Darklings","floor":48,"turns":4},{"damage":18,"enemies":"Time Eater","floor":50,"turns":9}],"seed_played":"-7770194639800286004","potions_obtained":[{"floor":2,"key":"SkillPotion"},{"floor":3,"key":"AttackPotion"}],"is_trial":false,"path_per_floor":["M","M","M","?","?","R","M","E","T","M","?","R","M","M","R","B",null,"M","M","?","M","M","R","M","R","T","R","M","R","?","?","R","B",null,"M","M","?","$","?","R","E","?","T","E","$","R","$","M","R","B",null],"character_chosen":"DEFECT","items_purchased":["Mango","Thread and Needle","Defragment","OrangePellets"],"campfire_rested":3,"item_purchase_floors":[38,38,38,45],"current_hp_per_floor":[82,75,75,59,64,64,62,42,42,35,35,35,35,35,35,17,87,83,80,32,15,5,31,14,40,40,40,14,14,14,14,14,15,30,30,10,10,24,24,24,26,20,20,26,26,26,26,32,44,32],"gold":19,"neow_bonus":"TEN_PERCENT_HP_BONUS","is_prod":false,"is_daily":false,"chose_seed":false,"campfire_upgraded":8,"win_rate":0.0,"timestamp":1548408565,"path_taken":["M","?","M","?","?","R","M","E","T","M","?","R","M","M","R","BOSS","M","M","?","M","M","R","M","R","T","R","?","R","?","?","R","BOSS","M","M","?","$","?","R","E","?","T","E","$","R","?","M","R","BOSS"],"build_version":"2019-01-23","purchased_purges":2,"victory":true,"max_hp_per_floor":[82,82,82,82,87,87,87,87,87,87,87,87,87,87,87,87,87,87,87,87,87,87,87,87,87,87,87,87,87,60,30,30,30,30,30,30,30,44,44,44,44,44,44,44,44,44,44,44,44,44],"card_choices":[{"not_picked":["Stack","BootSequence"],"picked":"Consume","floor":1},{"not_picked":["Go for the Eyes","Steam"],"picked":"Gash","floor":2},{"not_picked":["Skim","Streamline"],"picked":"Storm","floor":3},{"not_picked":["Sweeping Beam","Go for the Eyes"],"picked":"Gash","floor":7},{"not_picked":["Sweeping Beam","Ball Lightning"],"picked":"Cold Snap","floor":8},{"not_picked":["Compile Driver","Cold Snap","Reinforced Body"],"picked":"SKIP","floor":10},{"not_picked":["Streamline","Steam"],"picked":"Creative AI","floor":13},{"not_picked":["Redo","Ball Lightning"],"picked":"Defragment","floor":14},{"not_picked":["Buffer","Thunder Strike"],"picked":"Electrodynamics","floor":16},{"not_picked":["Static Discharge","Force Field"],"picked":"Genetic Algorithm+1","floor":18},{"not_picked":["Chaos","Fusion","Ball Lightning"],"picked":"SKIP","floor":19},{"not_picked":["Streamline","Ball Lightning"],"picked":"Storm+1","floor":21},{"not_picked":["Go for the Eyes","Aggregate"],"picked":"Capacitor","floor":22},{"not_picked":["Coolheaded","Compile Driver+1","Ball Lightning"],"picked":"SKIP","floor":24},{"not_picked":["Hello World","Melter+1","Redo"],"picked":"SKIP","floor":28},{"not_picked":["Machine Learning","Reboot"],"picked":"Seek","floor":33},{"not_picked":["Streamline+1","Barrage"],"picked":"FTL+1","floor":35},{"not_picked":["Go for the Eyes+1","Leap+1"],"picked":"Chill","floor":36},{"not_picked":["Ball Lightning+1","Darkness","Beam Cell"],"picked":"SKIP","floor":41},{"not_picked":["Redo+1","Beam Cell"],"picked":"Coolheaded+1","floor":44},{"not_picked":["Barrage","Darkness+1"],"picked":"Force Field+1","floor":48}],"player_experience":8836,"relics_obtained":[{"floor":8,"key":"War Paint"},{"floor":9,"key":"Pen Nib"},{"floor":26,"key":"Happy Flower"},{"floor":41,"key":"Centennial Puzzle"},{"floor":43,"key":"Lantern"},{"floor":44,"key":"Bag of Preparation"}],"event_choices":[{"damage_healed":0,"gold_gain":0,"player_choice":"Entered Light","damage_taken":16,"max_hp_gain":0,"max_hp_loss":0,"event_name":"Shining Light","floor":4,"gold_loss":0,"cards_upgraded":["Defend_B","Strike_B"]},{"damage_healed":0,"gold_gain":0,"player_choice":"Donut","damage_taken":0,"max_hp_gain":5,"max_hp_loss":0,"event_name":"Big Fish","floor":5,"gold_loss":0},{"damage_healed":0,"gold_gain":0,"player_choice":"Ignored","damage_taken":0,"max_hp_gain":0,"max_hp_loss":0,"event_name":"Liars Game","floor":11,"gold_loss":0},{"damage_healed":0,"gold_gain":360,"player_choice":"CARD GOLD GOLD GOLD GOLD ","damage_taken":48,"max_hp_gain":0,"max_hp_loss":0,"event_name":"Knowing Skull","floor":20,"potions_obtained":[],"gold_loss":0,"cards_obtained":["PanicButton"]},{"damage_healed":0,"gold_gain":0,"player_choice":"Became a vampire","damage_taken":0,"max_hp_gain":0,"max_hp_loss":27,"event_name":"Vampires","floor":30,"gold_loss":0,"cards_obtained":["Bite","Bite","Bite","Bite","Bite"]},{"damage_healed":0,"gold_gain":0,"player_choice":"Became a Ghost","damage_taken":0,"max_hp_gain":0,"max_hp_loss":30,"event_name":"Ghosts","floor":31,"gold_loss":0,"cards_obtained":["Ghostly","Ghostly","Ghostly","Ghostly","Ghostly"]},{"damage_healed":0,"gold_gain":0,"player_choice":"Ignored","damage_taken":0,"max_hp_gain":0,"max_hp_loss":0,"event_name":"Tomb of Lord Red Mask","floor":37,"gold_loss":0},{"damage_healed":0,"gold_gain":0,"player_choice":"Ignored","damage_taken":0,"max_hp_gain":0,"max_hp_loss":0,"event_name":"Mysterious Sphere","floor":39,"gold_loss":0},{"damage_healed":0,"gold_gain":0,"player_choice":"Embrace Madness","damage_taken":6,"max_hp_gain":0,"max_hp_loss":0,"event_name":"Winding Halls","floor":42,"gold_loss":0,"cards_obtained":["Madness","Madness"]}],"is_beta":false,"boss_relics":[{"not_picked":["Coffee Dripper","Calling Bell"],"picked":"Sozu"},{"not_picked":["Runic Pyramid","Orrery"],"picked":"Philosopher\u0027s Stone"}],"items_purged_floors":[38,45],"is_endless":false,"potions_floor_spawned":[2,3,18,28,33,36,41,48],"ascension_level":0}