{"gold_per_floor":[111,111,129,159,176,176,208,208,259,259,273,273,338,65,65,165,165,178,178,23,48,58,58,5,5,5,38,38,1,1,17,17,17],"floor_reached":33,"playtime":3529,"items_purged":[],"score":311,"play_id":"95b1c933-1c3d-4d91-8250-cd1ecd847c8f","local_time":"20190205112802","is_ascension_mode":true,"campfire_choices":[{"floor":6,"key":"RECALL"},{"floor":10,"key":"REST"},{"data":"Footwork","floor":12,"key":"SMITH"},{"floor":15,"key":"REST"},{"floor":23,"key":"REST"},{"floor":25,"key":"REST"},{"floor":30,"key":"REST"},{"floor":32,"key":"REST"}],"neow_cost":"NONE","seed_source_timestamp":338109515444100,"circlet_count":0,"master_deck":["Defend_G","Defend_G+1","Defend_G","Defend_G","Defend_G","Strike_G","Strike_G","Strike_G","Strike_G","Survivor+1","Neutralize","Distraction","PiercingWail","Well Laid Plans","Setup","Dagger Throw","Parasite","Footwork+1","Crippling Poison","Grand Finale","Footwork","Backflip","Tools of the Trade","Dagger Spray","Caltrops","Deadly Poison","Backflip","Footwork","Sucker Punch","Concentrate","Caltrops","PiercingWail+1"],"relics":["White Beast Statue","Tiny Chest","Singing Bowl","Juzu Bracelet","Darkstone Periapt","Fusion Hammer","Vajra","Tough Bandages","War Paint"],"potions_floor_usage":[7,7,27,33,33,33],"damage_taken":[{"damage":1,"enemies":"Small Slimes","floor":1,"turns":4},{"damage":2,"enemies":"Jaw Worm","floor":3,"turns":6},{"damage":3,"enemies":"2 Louse","floor":5,"turns":2},{"damage":43,"enemies":"3 Sentries","floor":7,"turns":17},{"damage":7,"enemies":"2 Fungi Beasts","floor":11,"turns":5},{"damage":20,"enemies":"3 Sentries","floor":13,"turns":17},{"damage":39,"enemies":"The Guardian","floor":16,"turns":18},{"damage":6,"enemies":"Shell Parasite","floor":18,"turns":10},{"damage":18,"enemies":"Spheric Guardian","floor":22,"turns":9},{"damage":35,"enemies":"Slavers","floor":27,"turns":7},{"damage":29,"enemies":"Chosen and Byrds","floor":31,"turns":9},{"damage":87,"enemies":"Champ","floor":33,"turns":18}],"seed_played":"-3635355058718516310","potions_obtained":[{"floor":1,"key":"Fire Potion"},{"floor":3,"key":"EssenceOfSteel"},{"floor":5,"key":"Strength Potion"},{"floor":7,"key":"FearPotion"},{"floor":11,"key":"GhostInAJar"},{"floor":16,"key":"SkillPotion"},{"floor":18,"key":"PowerPotion"},{"floor":27,"key":"Block Potion"},{"floor":31,"key":"Weak Potion"}],"is_trial":false,"path_per_floor":["M","?","M","T","M","R","E","?","T","R","M","R","?","$","R","B",null,"M","?","$","T","M","R","$","R","T","E","T","$","R","M","R","B"],"character_chosen":"THE_SILENT","items_purchased":["Grand Finale","Footwork","Backflip","Caltrops","Deadly Poison","Backflip","Sucker Punch","Caltrops"],"campfire_rested":6,"item_purchase_floors":[14,14,14,20,20,20,24,29],"current_hp_per_floor":[69,69,67,67,64,64,21,38,38,59,52,52,32,32,53,14,70,64,64,64,64,46,67,67,70,70,35,35,35,56,27,48,0],"gold":17,"neow_bonus":"BOSS_RELIC","is_prod":false,"is_daily":false,"chose_seed":false,"campfire_upgraded":1,"win_rate":0,"timestamp":1549362482,"path_taken":["M","?","M","?","M","R","E","?","T","R","M","R","?","?","R","BOSS","M","?","$","?","M","R","?","R","T","E","?","?","R","M","R","BOSS"],"build_version":"2019-01-23","purchased_purges":0,"victory":false,"max_hp_per_floor":[70,70,70,70,70,70,70,70,70,70,70,70,70,70,70,70,70,70,70,70,70,70,70,70,70,70,70,70,70,70,70,70,70],"card_choices":[{"not_picked":["Sucker Punch","Deflect"],"picked":"Distraction","floor":1},{"not_picked":["Expertise","Catalyst"],"picked":"Well Laid Plans","floor":3},{"not_picked":["Flying Knee","Eviscerate"],"picked":"Setup","floor":5},{"not_picked":["Dagger Spray","PiercingWail"],"picked":"Dagger Throw","floor":7},{"not_picked":["PiercingWail","Slice"],"picked":"Footwork","floor":11},{"not_picked":["Acrobatics","Bouncing Flask"],"picked":"Crippling Poison","floor":13},{"not_picked":["Corpse Explosion","Night Terror"],"picked":"Tools of the Trade","floor":16},{"not_picked":["Well Laid Plans","Flechettes"],"picked":"Dagger Spray","floor":18},{"not_picked":["Blade Dance","Acrobatics"],"picked":"Footwork","floor":22},{"not_picked":["Deadly Poison+1","Dagger Throw"],"picked":"Concentrate","floor":27},{"not_picked":["Endless Agony","Outmaneuver"],"picked":"PiercingWail+1","floor":31}],"player_experience":557520,"relics_obtained":[{"floor":4,"key":"Tiny Chest"},{"floor":7,"key":"Singing Bowl"},{"floor":9,"key":"Juzu Bracelet"},{"floor":13,"key":"Darkstone Periapt"},{"floor":21,"key":"Vajra"},{"floor":26,"key":"Tough Bandages"},{"floor":27,"key":"War Paint"}],"event_choices":[{"damage_healed":0,"gold_gain":0,"cards_transformed":["Strike_G"],"player_choice":"Change","damage_taken":0,"max_hp_gain":0,"max_hp_loss":0,"event_name":"Living Wall","floor":2,"gold_loss":0,"cards_obtained":["PiercingWail"]},{"damage_healed":17,"gold_gain":0,"player_choice":"Healed and dodged fight","damage_taken":0,"max_hp_gain":0,"max_hp_loss":0,"event_name":"Mushrooms","floor":8,"gold_loss":0,"cards_obtained":["Parasite"]},{"damage_healed":0,"gold_gain":30,"player_choice":"Searched \u00272\u0027 times","damage_taken":0,"max_hp_gain":0,"max_hp_loss":0,"event_name":"Dead Adventurer","floor":13,"gold_loss":0},{"damage_healed":0,"gold_gain":0,"player_choice":"Bought 0 Potions","damage_taken":0,"max_hp_gain":0,"max_hp_loss":0,"event_name":"The Woman in Blue","floor":19,"gold_loss":0}],"is_beta":false,"boss_relics":[{"not_picked":["Busted Crown","Runic Dome"],"picked":"Fusion Hammer"}],"items_purged_floors":[],"is_endless":false,"potions_floor_spawned":[1,3,5,7,11,13,16,18,22,27,31],"killed_by":"Champ","ascension_level":4}