{"path_per_floor":["M","?","M","M","?","R","E","R","T","?","$","E","T","M","R"],"character_chosen":"IRONCLAD","items_purchased":[],"gold_per_floor":[115,115,132,143,143,143,176,176,203,203,128,159,159,179,179,179],"floor_reached":16,"campfire_rested":0,"playtime":985,"item_purchase_floors":[],"current_hp_per_floor":[80,85,85,85,68,68,56,56,56,56,56,51,51,44,44,0],"items_purged":["Strike_R"],"gold":179,"score":108,"play_id":"0d12c189-c5e9-4bcd-bc60-6e5be46ca1ba","local_time":"20180526103839","is_prod":false,"is_daily":false,"chose_seed":false,"is_ascension_mode":false,"campfire_upgraded":3,"win_rate":0,"timestamp":1527323919,"campfire_choices":[{"data":"Bash","floor":6,"key":"SMITH"},{"data":"Pummel","floor":8,"key":"SMITH"},{"data":"Sword Boomerang","floor":15,"key":"SMITH"}],"path_taken":["M","?","?","M","?","R","E","R","T","?","$","E","?","M","R","BOSS"],"build_version":"2018-05-25","seed_source_timestamp":1458973325664,"purchased_purges":1,"victory":false,"master_deck":["Strike_R","Strike_R","Strike_R+1","Strike_R","Defend_R","Defend_R","Defend_R","Defend_R","Bash+1","Bludgeon+1","Dropkick+1","Headbutt","Battle Trance+1","Pummel+1","Sword Boomerang+1"],"max_hp_per_floor":[80,85,85,85,85,85,85,85,85,85,85,85,85,85,85,85],"relics":["Burning Blood","Boot","Whetstone","Bronze Scales","Dodecahedron"],"card_choices":[{"not_picked":["Hemokinesis","Corruption"],"picked":"Dropkick","floor":1},{"not_picked":["Perfected Strike","Metallicize"],"picked":"Headbutt","floor":3},{"not_picked":["Power Through","Burning Pact"],"picked":"Battle Trance","floor":4},{"not_picked":["Headbutt","Rampage"],"picked":"Pummel","floor":7},{"not_picked":["Sever Soul","Ghostly Armor","Combust"],"picked":"SKIP","floor":12},{"not_picked":["Perfected Strike","Battle Trance"],"picked":"Sword Boomerang","floor":14}],"player_experience":68321,"potions_floor_usage":[16],"damage_taken":[{"damage":0,"enemies":"2 Louse","floor":1,"turns":3},{"damage":6,"enemies":"Jaw Worm","floor":3,"turns":2},{"damage":1,"enemies":"Cultist","floor":4,"turns":3},{"damage":18,"enemies":"Lagavulin","floor":7,"turns":3},{"damage":11,"enemies":"3 Sentries","floor":12,"turns":5},{"damage":13,"enemies":"Gremlin Gang","floor":14,"turns":3},{"damage":44,"enemies":"The Guardian","floor":16,"turns":8}],"relics_obtained":[{"floor":7,"key":"Boot"},{"floor":9,"key":"Whetstone"},{"floor":12,"key":"Bronze Scales"},{"floor":13,"key":"Dodecahedron"}],"event_choices":[{"event_name":"Big Fish","player_choice":"Donut","floor":2,"damage_taken":0},{"event_name":"Shining Light","player_choice":"Entered Light","floor":5,"damage_taken":0},{"event_name":"The Woman in Blue","player_choice":"Bought 0 Potions","floor":10,"damage_taken":0}],"boss_relics":[],"items_purged_floors":[11],"potions_floor_spawned":[1,3,4,12,14],"seed_played":"-1735643213263805655","killed_by":"The Guardian","ascension_level":0,"potions_obtained":[{"floor":1,"key":"Swift Potion"},{"floor":3,"key":"Weak Potion"},{"floor":4,"key":"Explosive Potion"},{"floor":12,"key":"Regen Potion"},{"floor":14,"key":"PowerPotion"}],"is_trial":false}