{"gold_per_floor":[111,123,123,48,48,48,62,62,112,127,76,76,112,127,127,225,225,243,278,60,60,83,83,107,107,185,204,204,217,217],"floor_reached":30,"playtime":1545,"items_purged":[],"score":407,"play_id":"a4098808-8387-4d5d-b7a2-86bad71c863a","local_time":"20190203130215","is_ascension_mode":true,"campfire_choices":[{"data":"Entrench","floor":6,"key":"SMITH"},{"data":"Cleave","floor":8,"key":"SMITH"},{"data":"Ghostly Armor","floor":12,"key":"SMITH"},{"data":"Immolate","floor":15,"key":"SMITH"},{"floor":23,"key":"REST"},{"data":"Intimidate","floor":25,"key":"SMITH"}],"neow_cost":"NONE","seed_source_timestamp":1299904812249253,"circlet_count":0,"master_deck":["AscendersBane","Strike_R+1","Strike_R+1","Strike_R+1","Strike_R+1","Defend_R+1","Defend_R+1","Defend_R+1","Defend_R+1","Bash","Ghostly Armor+1","Entrench+1","Cleave+1","Shrug It Off","Immolate+1","Thunderclap","Intimidate+1","Shrug It Off+1","Flex+1"],"relics":["Burning Blood","Strawberry","Golden Idol","War Paint","Odd Mushroom","Velvet Choker","Red Mask","Omamori","Ornamental Fan"],"potions_floor_usage":[16,16],"damage_taken":[{"damage":7,"enemies":"Cultist","floor":1,"turns":4},{"damage":9,"enemies":"Jaw Worm","floor":2,"turns":5},{"damage":7,"enemies":"Small Slimes","floor":7,"turns":6},{"damage":11,"enemies":"Blue Slaver","floor":10,"turns":5},{"damage":3,"enemies":"The Mushroom Lair","floor":13,"turns":4},{"damage":1,"enemies":"Looter","floor":14,"turns":4},{"damage":40,"enemies":"Slime Boss","floor":16,"turns":11},{"damage":23,"enemies":"Chosen","floor":18,"turns":8},{"damage":12,"enemies":"Masked Bandits","floor":19,"turns":4},{"damage":24,"enemies":"Shell Parasite","floor":22,"turns":6},{"damage":18,"enemies":"Snake Plant","floor":24,"turns":4},{"damage":10,"enemies":"Shelled Parasite and Fungi","floor":27,"turns":8},{"damage":23,"enemies":"Chosen and Byrds","floor":29,"turns":6},{"damage":21,"enemies":"Sentry and Sphere","floor":30,"turns":4}],"seed_played":"-3337161885089362255","potions_obtained":[{"floor":2,"key":"LiquidBronze"},{"floor":13,"key":"Explosive Potion"},{"floor":14,"key":"Block Potion"},{"floor":18,"key":"SpeedPotion"},{"floor":22,"key":"Ancient Potion"}],"is_trial":false,"path_per_floor":["M","M","?","?","$","R","M","R","T","M","$","R","?","M","R","B",null,"M","?","$","?","M","R","M","R","T","M","?","M","M"],"character_chosen":"IRONCLAD","items_purchased":["Shrug It Off","Armaments","Omamori"],"campfire_rested":1,"item_purchase_floors":[11,20,20],"current_hp_per_floor":[74,71,71,71,71,71,70,70,70,65,65,65,68,73,73,39,65,48,42,42,42,24,46,34,34,34,30,35,18,0],"gold":217,"neow_bonus":"RANDOM_COMMON_RELIC","is_prod":false,"is_daily":false,"chose_seed":false,"campfire_upgraded":5,"win_rate":0,"timestamp":1549195335,"path_taken":["M","M","?","?","$","R","M","R","T","M","?","R","?","M","R","BOSS","M","?","$","?","M","R","M","R","T","M","?","?","M"],"build_version":"2019-01-23","purchased_purges":0,"victory":false,"max_hp_per_floor":[82,82,74,74,74,74,74,74,74,74,74,74,74,74,74,74,74,74,74,74,74,74,74,74,74,74,74,74,74,74],"card_choices":[{"not_picked":["True Grit","Cleave"],"picked":"Ghostly Armor","floor":1},{"not_picked":["Wild Strike","Warcry"],"picked":"Entrench","floor":2},{"not_picked":["Sword Boomerang","True Grit"],"picked":"Cleave","floor":7},{"not_picked":["Warcry","Havoc","Heavy Blade"],"picked":"SKIP","floor":10},{"not_picked":["Pommel Strike","Headbutt"],"picked":"Immolate","floor":14},{"not_picked":["Sentinel","Clothesline"],"picked":"Thunderclap","floor":18},{"not_picked":["Bloodletting","Pummel","Carnage"],"picked":"SKIP","floor":22},{"not_picked":["Shockwave+1","Second Wind"],"picked":"Intimidate","floor":24},{"not_picked":["Wild Strike","Thunderclap"],"picked":"Shrug It Off+1","floor":27},{"not_picked":["Perfected Strike","Armaments"],"picked":"Flex+1","floor":29}],"player_experience":690687,"relics_obtained":[{"floor":9,"key":"War Paint"},{"floor":13,"key":"Odd Mushroom"},{"floor":19,"key":"Red Mask"},{"floor":26,"key":"Ornamental Fan"}],"event_choices":[{"damage_healed":0,"gold_gain":0,"player_choice":"Lose Max HP","damage_taken":0,"relics_obtained":["Golden Idol"],"max_hp_gain":0,"max_hp_loss":8,"event_name":"Golden Idol","floor":3,"gold_loss":0},{"cards_removed":["Strike_R"],"damage_healed":0,"gold_gain":0,"player_choice":"Card Removal","damage_taken":0,"max_hp_gain":0,"max_hp_loss":0,"event_name":"The Cleric","floor":4,"gold_loss":75},{"damage_healed":0,"gold_gain":0,"player_choice":"Fought Mushrooms","damage_taken":0,"max_hp_gain":0,"max_hp_loss":0,"event_name":"Mushrooms","floor":13,"gold_loss":0},{"damage_healed":0,"gold_gain":0,"player_choice":"Fought Bandits","damage_taken":0,"max_hp_gain":0,"max_hp_loss":0,"event_name":"Masked Bandits","floor":19,"gold_loss":0},{"damage_healed":0,"gold_gain":0,"player_choice":"Simplicity","damage_taken":0,"max_hp_gain":0,"max_hp_loss":0,"event_name":"Back to Basics","floor":21,"gold_loss":0,"cards_upgraded":["Strike_R","Strike_R","Strike_R","Strike_R","Defend_R","Defend_R"]},{"cards_removed":["Armaments"],"damage_healed":5,"gold_gain":0,"player_choice":"Offered Common","damage_taken":0,"max_hp_gain":0,"max_hp_loss":0,"event_name":"Bonfire Elementals","floor":28,"gold_loss":0},{"cards_removed":["Armaments"],"damage_healed":5,"gold_gain":0,"player_choice":"Offered Special","damage_taken":0,"max_hp_gain":0,"max_hp_loss":0,"event_name":"Bonfire Elementals","floor":28,"gold_loss":0}],"is_beta":true,"boss_relics":[{"not_picked":["Fusion Hammer","Astrolabe"],"picked":"Velvet Choker"}],"items_purged_floors":[],"is_endless":false,"potions_floor_spawned":[2,13,14,18,22,27,29],"killed_by":"Sentry and Sphere","ascension_level":17}