{"gold_per_floor":[111,126,126,142,152,152,179,179,179,189,10,22,22,51,51,51],"floor_reached":16,"playtime":445,"items_purged":["Strike_G"],"score":224,"play_id":"bd362b36-f1a3-4840-bd30-ee50c21e8b2a","local_time":"20190205181221","is_ascension_mode":true,"campfire_choices":[{"data":"Flying Knee","floor":6,"key":"SMITH"},{"floor":13,"key":"REST"},{"floor":15,"key":"REST"}],"neow_cost":"NONE","seed_source_timestamp":4790323964000,"circlet_count":0,"master_deck":["AscendersBane","Defend_G","Defend_G","Defend_G","Defend_G","Defend_G","Strike_G","Strike_G","Strike_G","Strike_G","Survivor","Neutralize+1","Flying Knee+1","Well Laid Plans","PiercingWail","Poisoned Stab","Deadly Poison","Bane"],"relics":["Ring of the Snake","NeowsBlessing","Dead Branch","Sundial","Ornamental Fan","The Specimen"],"potions_floor_usage":[7,7,14,14],"damage_taken":[{"damage":0,"enemies":"Cultist","floor":1,"turns":1},{"damage":0,"enemies":"2 Louse","floor":2,"turns":1},{"damage":0,"enemies":"Jaw Worm","floor":4,"turns":1},{"damage":13,"enemies":"3 Louse","floor":5,"turns":5},{"damage":35,"enemies":"Gremlin Nob","floor":7,"turns":5},{"damage":5,"enemies":"Red Slaver","floor":10,"turns":4},{"damage":0,"enemies":"2 Fungi Beasts","floor":12,"turns":3},{"damage":11,"enemies":"3 Sentries","floor":14,"turns":6},{"damage":54,"enemies":"Slime Boss","floor":16,"turns":8}],"seed_played":"-611453525470478917","potions_obtained":[{"floor":1,"key":"FearPotion"},{"floor":7,"key":"Fruit Juice"},{"floor":14,"key":"Fruit Juice"}],"is_trial":false,"path_per_floor":["M","M","?","M","M","R","E","?","T","M","$","M","R","E","R","B"],"character_chosen":"THE_SILENT","items_purchased":["Deadly Poison","Poison Potion"],"campfire_rested":2,"item_purchase_floors":[11,11],"current_hp_per_floor":[59,59,59,59,46,46,16,16,16,11,11,11,32,26,48,0],"gold":51,"neow_bonus":"THREE_ENEMY_KILL","is_prod":false,"is_daily":false,"chose_seed":false,"campfire_upgraded":1,"win_rate":0,"timestamp":1549383141,"path_taken":["M","?","?","?","M","R","E","?","T","M","$","M","R","E","R","BOSS"],"build_version":"2019-01-23","purchased_purges":1,"victory":false,"max_hp_per_floor":[66,66,66,66,66,66,71,71,71,71,71,71,71,76,76,76],"card_choices":[{"not_picked":["Masterful Stab","Cloak And Dagger","Deflect"],"picked":"SKIP","floor":1},{"not_picked":["Blade Dance","Accuracy"],"picked":"Flying Knee","floor":2},{"not_picked":["Setup","Accuracy"],"picked":"Well Laid Plans","floor":4},{"not_picked":["Outmaneuver","Prepared","Underhanded Strike"],"picked":"SKIP","floor":5},{"not_picked":["Reflex","Setup"],"picked":"PiercingWail","floor":7},{"not_picked":["Blade Dance","A Thousand Cuts"],"picked":"Poisoned Stab","floor":10},{"not_picked":["Cloak And Dagger","Setup","Dagger Throw"],"picked":"SKIP","floor":12},{"not_picked":["Dagger Throw","Sucker Punch"],"picked":"Bane","floor":14}],"player_experience":623691,"relics_obtained":[{"floor":7,"key":"Dead Branch"},{"floor":9,"key":"Ornamental Fan"},{"floor":14,"key":"The Specimen"}],"event_choices":[{"damage_healed":0,"gold_gain":0,"player_choice":"Upgraded","damage_taken":0,"max_hp_gain":0,"max_hp_loss":0,"event_name":"Upgrade Shrine","floor":3,"gold_loss":0,"cards_upgraded":["Neutralize"]},{"damage_healed":0,"gold_gain":0,"player_choice":"Searched \u00271\u0027 times","damage_taken":0,"relics_obtained":["Sundial"],"max_hp_gain":0,"max_hp_loss":0,"event_name":"Dead Adventurer","floor":8,"gold_loss":0}],"is_beta":false,"boss_relics":[],"items_purged_floors":[11],"is_endless":false,"potions_floor_spawned":[1,7,14],"killed_by":"Slime Boss","ascension_level":20}