{"path_per_floor":["M","M","?","M","?","R","M","M","T","M","R","E","M","M","R","B",null,"M","T","$","M","M","E","M","M","T","?","R","M","M","M","R","B",null,"M","M","?","?","$","R","M","E","T","R"],"character_chosen":"IRONCLAD","items_purchased":["Kunai","Rage","Secret Weapon"],"gold_per_floor":[113,126,126,142,142,142,159,170,170,182,182,209,228,248,248,352,352,372,372,47,66,84,118,138,158,203,203,203,218,238,258,258,355,355,369,388,388,388,34,34,51,81,81,81,81],"floor_reached":45,"campfire_rested":3,"playtime":45136,"current_hp_per_floor":[80,80,85,85,85,85,85,79,89,95,95,95,91,95,95,59,95,95,95,95,87,89,84,82,75,75,75,75,68,68,67,95,26,95,94,75,65,53,53,80,48,47,47,74,0],"items_purged":["Pain","Parasite"],"gold":81,"score":498,"play_id":"29b3cf36-f39e-4d86-88fe-4f3b09870581","local_time":"20180505003116","is_prod":false,"is_daily":false,"chose_seed":false,"is_ascension_mode":false,"campfire_upgraded":4,"timestamp":1525473076,"path_taken":["M","M","?","M","?","R","M","M","T","M","R","E","M","M","R","BOSS","M","?","$","M","M","E","M","M","T","?","R","M","M","M","R","BOSS","M","M","?","?","$","R","M","E","T","R","E"],"build_version":"2018-05-03","seed_source_timestamp":143227332542,"purchased_purges":2,"victory":false,"master_deck":["Strike_R","Strike_R","Defend_R","Defend_R","Defend_R","Defend_R","Bash","Impervious","Blood for Blood","Cleave","Shrug It Off+1","Body Slam","Seeing Red+1","Metallicize","Seeing Red+1","Metallicize","Iron Wave","Juggernaut+1","Body Slam","Feel No Pain+1","True Grit","Intimidate","Thunderclap+1","Flex+1","Intimidate","Dual Wield+1","Thunderclap","Impervious","Power Through+1","Disarm+1","Armaments+1","Power Through","Body Slam+1","Madness","Madness","Rage","Secret Weapon","Dropkick","Flex","Regret","Headbutt+1"],"max_hp_per_floor":[80,80,85,85,85,85,85,85,95,95,95,95,95,95,95,95,95,95,95,95,95,95,95,95,95,95,95,95,95,95,95,95,95,95,95,95,95,95,92,92,92,92,92,92,92],"relics":["Burning Blood","Pear","Ice Cream","Cursed Key","Letter Opener","Kunai","Dodecahedron","Bag of Marbles","Astrolabe","Prayer Wheel","Ginger"],"card_choices":[{"not_picked":["Heavy Blade","Sever Soul"],"picked":"Blood for Blood","floor":1},{"not_picked":["Heavy Blade","Clash"],"picked":"Cleave","floor":2},{"not_picked":["Rampage","Intimidate"],"picked":"Shrug It Off","floor":4},{"not_picked":["Headbutt","Iron Wave"],"picked":"Body Slam","floor":7},{"not_picked":["Clothesline","Whirlwind"],"picked":"Seeing Red","floor":8},{"not_picked":["Disarm","Infernal Blade"],"picked":"Metallicize","floor":10},{"not_picked":["Reckless Charge","Perfected Strike"],"picked":"Seeing Red","floor":12},{"not_picked":["Cleave","Warcry"],"picked":"Metallicize","floor":13},{"not_picked":["Twin Strike","Cleave"],"picked":"Iron Wave","floor":14},{"not_picked":["Berserk","Impervious"],"picked":"Juggernaut","floor":16},{"not_picked":["Anger","Clash"],"picked":"Body Slam","floor":18},{"not_picked":["Headbutt","Combust"],"picked":"Feel No Pain","floor":21},{"not_picked":["Clash","Warcry"],"picked":"True Grit","floor":22},{"not_picked":["Pommel Strike","Headbutt"],"picked":"Intimidate","floor":23},{"not_picked":["Pommel Strike","Berserk"],"picked":"Thunderclap","floor":24},{"not_picked":["Sever Soul","Armaments"],"picked":"Flex","floor":25},{"not_picked":["Clothesline","Heavy Blade"],"picked":"Intimidate","floor":29},{"not_picked":["Twin Strike","Burning Pact"],"picked":"Dual Wield","floor":30},{"not_picked":["Pummel","Dark Embrace"],"picked":"Thunderclap","floor":31},{"not_picked":["Reaper","Fiend Fire"],"picked":"Impervious","floor":33},{"not_picked":["Clash","Bloodletting"],"picked":"Power Through","floor":35},{"not_picked":["Thunderclap","True Grit"],"picked":"Body Slam","floor":36},{"not_picked":["Burning Pact","Combust"],"picked":"Dropkick","floor":41},{"not_picked":["Heavy Blade","Uppercut"],"picked":"Flex","floor":42},{"not_picked":["Twin Strike","Perfected Strike"],"picked":"Headbutt","floor":43}],"player_experience":18633,"potions_floor_usage":[12,16,22,22,23,30,33,33,42,42,45],"damage_taken":[{"damage":1,"enemies":"Jaw Worm","floor":1,"turns":4},{"damage":6,"enemies":"2 Louse","floor":2,"turns":4},{"damage":2,"enemies":"Small Slimes","floor":4,"turns":4},{"damage":5,"enemies":"Exordium Wildlife","floor":7,"turns":7},{"damage":12,"enemies":"Gremlin Gang","floor":8,"turns":4},{"damage":0,"enemies":"Looter","floor":10,"turns":2},{"damage":5,"enemies":"3 Sentries","floor":12,"turns":9},{"damage":10,"enemies":"Red Slaver","floor":13,"turns":3},{"damage":1,"enemies":"Blue Slaver","floor":14,"turns":4},{"damage":42,"enemies":"Slime Boss","floor":16,"turns":11},{"damage":0,"enemies":"3 Byrds","floor":18,"turns":6},{"damage":14,"enemies":"Spheric Guardian","floor":21,"turns":5},{"damage":16,"enemies":"Snake Plant","floor":22,"turns":5},{"damage":11,"enemies":"Book of Stabbing","floor":23,"turns":7},{"damage":8,"enemies":"Centurion and Healer","floor":24,"turns":9},{"damage":13,"enemies":"Snecko","floor":25,"turns":5},{"damage":13,"enemies":"Snake Plant","floor":29,"turns":5},{"damage":21,"enemies":"Centurion and Healer","floor":30,"turns":6},{"damage":7,"enemies":"Sentry and Sphere","floor":31,"turns":5},{"damage":75,"enemies":"Champ","floor":33,"turns":11},{"damage":7,"enemies":"Orb Walker","floor":35,"turns":5},{"damage":25,"enemies":"3 Shapes","floor":36,"turns":8},{"damage":38,"enemies":"Sphere and 2 Shapes","floor":41,"turns":6},{"damage":7,"enemies":"Nemesis","floor":42,"turns":7},{"damage":78,"enemies":"Giant Head","floor":45,"turns":9}],"event_choices":[{"event_name":"Big Fish","player_choice":"Donut","floor":3,"damage_taken":0},{"event_name":"The Lab","player_choice":"Got Potions","floor":5,"damage_taken":0},{"event_name":"Upgrade Shrine","player_choice":"Upgraded","floor":27,"damage_taken":0},{"event_name":"SensoryStone","player_choice":"Memory 3","floor":37,"damage_taken":0},{"event_name":"Winding Halls","player_choice":"Embrace Madness","floor":38,"damage_taken":0}],"boss_relics":[{"not_picked":["Sozu","Snecko Eye"],"picked":"Cursed Key"},{"not_picked":["Lizard Tail","Runic Cube"],"picked":"Astrolabe"}],"potions_floor_spawned":[4,7,10,12,16,21,22,23,31,33,36,42],"seed_played":"-688067203866773246","killed_by":"Giant Head","ascension_level":0,"is_trial":false}