{"gold_per_floor":[115,115,134,99,3,3,14,34,80,80,46,66,18,33,33,133,133,151,170,170,170,189,189,29,29,29,29,102,26,26,36,36,132,132,149,168,178,75,93,93,193,213,293,293,308,308,327,344,344,344],"floor_reached":50,"playtime":5398,"items_purged":["Strike_B"],"score":509,"play_id":"4f35bf3f-cf80-467c-b7a8-da24e9a5ff14","local_time":"20190127184205","is_ascension_mode":false,"campfire_choices":[{"data":"Streamline","floor":6,"key":"SMITH"},{"floor":10,"key":"REST"},{"data":"Tempest","floor":15,"key":"SMITH"},{"floor":23,"key":"REST"},{"data":"Static Discharge","floor":25,"key":"SMITH"},{"data":"Seek","floor":27,"key":"SMITH"},{"data":"Force Field","floor":32,"key":"SMITH"},{"data":"Buffer","floor":40,"key":"SMITH"},{"floor":46,"key":"REST"},{"floor":49,"key":"REST"}],"neow_cost":"NONE","seed_source_timestamp":1076752133909300,"circlet_count":0,"master_deck":["Strike_B","Strike_B","Defend_B+1","Defend_B","Defend_B","Defend_B","Zap+1","Dualcast","Lockon","Redo","Streamline+1","Doom and Gloom","Barrage","Defragment","Ball Lightning","Conserve Battery","Tempest+1","Seek+1","Force Field+1","Static Discharge+1","Melter","Glacier","Leap","Double Energy","Conserve Battery","Buffer","Self Repair","Beam Cell+1","Cold Snap","Compile Driver+1","Coolheaded+1","Streamline+1","Steam","Buffer+1","BootSequence","Darkness","Leap+1","Hologram+1","Machine Learning","Auto Shields+1","Steam Power+1","Barrage+1"],"relics":["Cracked Core","Odd Mushroom","Centennial Puzzle","Velvet Choker","Letter Opener","Dodecahedron","Strawberry","Orrery","Unceasing Top","Toxic Egg 2"],"potions_floor_usage":[12,16,16,16,33,37,48,48,50],"damage_taken":[{"damage":6,"enemies":"Jaw Worm","floor":1,"turns":4},{"damage":4,"enemies":"Small Slimes","floor":3,"turns":3},{"damage":0,"enemies":"2 Louse","floor":7,"turns":2},{"damage":22,"enemies":"The Mushroom Lair","floor":8,"turns":4},{"damage":4,"enemies":"Blue Slaver","floor":12,"turns":3},{"damage":6,"enemies":"Exordium Thugs","floor":14,"turns":4},{"damage":22,"enemies":"Hexaghost","floor":16,"turns":7},{"damage":10,"enemies":"Chosen","floor":18,"turns":3},{"damage":7,"enemies":"Shell Parasite","floor":19,"turns":3},{"damage":15,"enemies":"Snecko","floor":22,"turns":3},{"damage":10,"enemies":"Shelled Parasite and Fungi","floor":31,"turns":4},{"damage":45,"enemies":"Champ","floor":33,"turns":10},{"damage":0,"enemies":"Orb Walker","floor":35,"turns":3},{"damage":0,"enemies":"3 Shapes","floor":36,"turns":3},{"damage":8,"enemies":"Sphere and 2 Shapes","floor":37,"turns":4},{"damage":25,"enemies":"3 Darklings","floor":39,"turns":4},{"damage":0,"enemies":"Mind Bloom Boss Battle","floor":41,"turns":6},{"damage":18,"enemies":"Writhing Mass","floor":42,"turns":6},{"damage":23,"enemies":"4 Shapes","floor":45,"turns":6},{"damage":6,"enemies":"Sphere and 2 Shapes","floor":47,"turns":5},{"damage":8,"enemies":"Maw","floor":48,"turns":8},{"damage":96,"enemies":"Awakened One","floor":50,"turns":11}],"seed_played":"9080655610567409181","potions_obtained":[{"floor":8,"key":"Weak Potion"},{"floor":12,"key":"Fruit Juice"},{"floor":14,"key":"Regen Potion"},{"floor":16,"key":"SpeedPotion"},{"floor":18,"key":"SteroidPotion"},{"floor":19,"key":"PowerPotion"},{"floor":36,"key":"Explosive Potion"},{"floor":39,"key":"LiquidBronze"},{"floor":41,"key":"Explosive Potion"},{"floor":42,"key":"SpeedPotion"},{"floor":47,"key":"Weak Potion"}],"is_trial":false,"path_per_floor":["M","?","M","?","$","R","M","?","T","R","$","M","$","M","R","B",null,"M","M","?","?","M","R","$","R","T","R","T","$","?","M","R","B",null,"M","M","M","$","M","R","?","M","T","?","M","R","M","M","R","B"],"character_chosen":"DEFECT","items_purchased":["Streamline","Poison Potion","Defragment","Conserve Battery","Glacier","Leap","Double Energy","BootSequence","Darkness"],"campfire_rested":4,"item_purchase_floors":[5,5,11,13,24,24,29,38,38],"current_hp_per_floor":[76,60,56,76,76,76,76,54,54,78,78,79,79,73,73,66,87,77,70,70,70,55,81,81,81,81,81,81,81,88,78,78,33,94,94,94,93,93,75,75,75,57,57,57,41,69,70,69,94,0],"gold":344,"neow_bonus":"TEN_PERCENT_HP_BONUS","is_prod":false,"is_daily":false,"chose_seed":false,"campfire_upgraded":6,"win_rate":0.0,"timestamp":1548632525,"path_taken":["M","?","M","?","$","R","M","?","T","R","?","?","?","M","R","BOSS","M","M","?","?","?","R","?","R","T","R","?","$","?","M","R","BOSS","M","M","M","?","M","R","?","M","T","?","M","R","M","M","R","BOSS"],"build_version":"2019-01-23","purchased_purges":1,"victory":false,"max_hp_per_floor":[82,82,82,82,82,82,82,82,82,82,82,87,87,87,87,87,87,87,87,87,87,87,87,87,87,87,87,87,87,94,94,94,94,94,94,94,94,94,94,94,94,94,94,94,94,94,94,94,94,94],"card_choices":[{"not_picked":["Stack","Sweeping Beam"],"picked":"Lockon","floor":1},{"not_picked":["Steam","Barrage"],"picked":"Redo","floor":3},{"not_picked":["Stack","Capacitor"],"picked":"Doom and Gloom","floor":7},{"not_picked":["Streamline","Sweeping Beam"],"picked":"Barrage","floor":8},{"not_picked":["Defragment","Sweeping Beam"],"picked":"Ball Lightning","floor":12},{"not_picked":["Redo","Barrage"],"picked":"Tempest","floor":14},{"not_picked":["Reboot","Thunder Strike"],"picked":"Seek","floor":16},{"not_picked":["Barrage","Ball Lightning+1"],"picked":"Force Field","floor":18},{"not_picked":["Gash","Skim"],"picked":"Static Discharge","floor":19},{"not_picked":["Redo","Gash"],"picked":"Barrage","floor":22},{"not_picked":["Beam Cell","Go for the Eyes+1"],"picked":"Conserve Battery","floor":31},{"not_picked":["Biased Cognition","Reboot"],"picked":"Buffer","floor":33},{"not_picked":["Stack","Sweeping Beam"],"picked":"Self Repair","floor":34},{"not_picked":["Ball Lightning","Gash"],"picked":"Beam Cell+1","floor":34},{"not_picked":["Conserve Battery+1","Tempest"],"picked":"Cold Snap","floor":34},{"not_picked":["Conserve Battery","Gash"],"picked":"Compile Driver+1","floor":34},{"not_picked":["Hologram","Scrape"],"picked":"Coolheaded+1","floor":34},{"not_picked":["Tempest+1","Compile Driver"],"picked":"Streamline+1","floor":35},{"not_picked":["Coolheaded","Cold Snap"],"picked":"Steam","floor":36},{"not_picked":["Redo","Compile Driver+1"],"picked":"Buffer","floor":37},{"not_picked":["Gash","Compile Driver+1"],"picked":"Leap+1","floor":39},{"not_picked":["Ball Lightning+1","Beam Cell+1"],"picked":"Hologram+1","floor":41},{"not_picked":["Steam","Compile Driver+1"],"picked":"Machine Learning","floor":42},{"not_picked":["Self Repair+1","Gash+1"],"picked":"Auto Shields+1","floor":45},{"not_picked":["Coolheaded+1","Beam Cell+1"],"picked":"Steam Power+1","floor":47},{"not_picked":["Go for the Eyes+1","Heatsinks"],"picked":"Barrage+1","floor":48}],"player_experience":5344,"relics_obtained":[{"floor":8,"key":"Odd Mushroom"},{"floor":9,"key":"Centennial Puzzle"},{"floor":26,"key":"Letter Opener"},{"floor":28,"key":"Dodecahedron"},{"floor":41,"key":"Unceasing Top"},{"floor":43,"key":"Toxic Egg 2"}],"event_choices":[{"damage_healed":0,"gold_gain":0,"player_choice":"Entered Light","damage_taken":16,"max_hp_gain":0,"max_hp_loss":0,"event_name":"Shining Light","floor":2,"gold_loss":0,"cards_upgraded":["Defend_B","Zap"]},{"damage_healed":20,"gold_gain":0,"player_choice":"Healed","damage_taken":0,"max_hp_gain":0,"max_hp_loss":0,"event_name":"The Cleric","floor":4,"gold_loss":35},{"damage_healed":0,"gold_gain":0,"player_choice":"Fought Mushrooms","damage_taken":0,"max_hp_gain":0,"max_hp_loss":0,"event_name":"Mushrooms","floor":8,"gold_loss":0},{"damage_healed":0,"gold_gain":0,"player_choice":"Read","damage_taken":0,"max_hp_gain":0,"max_hp_loss":0,"event_name":"The Library","floor":20,"gold_loss":0,"cards_obtained":["Melter"]},{"cards_removed":["Strike_B"],"damage_healed":0,"gold_gain":0,"player_choice":"Purged","damage_taken":0,"max_hp_gain":0,"max_hp_loss":0,"event_name":"Purifier","floor":21,"gold_loss":0},{"damage_healed":0,"gold_gain":0,"player_choice":"Gave Potion","damage_taken":0,"relics_obtained":["Strawberry"],"max_hp_gain":0,"max_hp_loss":0,"event_name":"WeMeetAgain","floor":30,"gold_loss":0},{"damage_healed":0,"gold_gain":0,"player_choice":"Fight","damage_taken":0,"max_hp_gain":0,"max_hp_loss":0,"event_name":"MindBloom","floor":41,"gold_loss":0},{"cards_removed":["Barrage"],"damage_healed":0,"gold_gain":0,"player_choice":"Removed Attack","damage_taken":0,"max_hp_gain":0,"max_hp_loss":0,"event_name":"Falling","floor":44,"gold_loss":0}],"is_beta":false,"boss_relics":[{"not_picked":["Coffee Dripper","White Beast Statue"],"picked":"Velvet Choker"},{"not_picked":["FrozenCore","Astrolabe"],"picked":"Orrery"}],"items_purged_floors":[24],"is_endless":false,"potions_floor_spawned":[8,12,14,16,18,19,36,39,41,42,47],"killed_by":"Awakened One","ascension_level":0}