{"gold_per_floor":[113,113,113,113,126,157,16,31,56,72,105,125,138,170,170,268,268,279,279,279,291,303,337,337,357,434,468,468,468,17,17,17,113,113,133,149,26,36,36],"floor_reached":39,"playtime":2625,"items_purged":["Defend_R"],"score":631,"play_id":"bb8d487b-eac8-4278-8299-ac69dc59307d","local_time":"20190204155838","is_ascension_mode":true,"campfire_choices":[{"data":"Evolve","floor":15,"key":"SMITH"},{"floor":24,"key":"REST"},{"data":"Shrug It Off","floor":29,"key":"SMITH"},{"floor":32,"key":"REST"}],"neow_cost":"NONE","seed_source_timestamp":214318627503,"circlet_count":0,"master_deck":["Defend_R+1","Defend_R+1","Bash","Evolve+1","Twin Strike","Disarm","Immolate","Shrug It Off+1","Shrug It Off","Clothesline","Juggernaut","Wild Strike","Havoc","Immolate","Body Slam+1","Bite+1","Bite+1","Bite+1","Bite+1","Bite+1","Metallicize","Magnetism","Offering","Iron Wave+1"],"relics":["Burning Blood","NeowsBlessing","War Paint","FossilizedHelix","Red Skull","Oddly Smooth Stone","Centennial Puzzle","Orichalcum","Busted Crown","Molten Egg 2","Bottled Tornado","Blue Candle","Toolbox","Eternal Feather"],"potions_floor_usage":[11,14,22,27,33,38,39,39],"damage_taken":[{"damage":0,"enemies":"Cultist","floor":1,"turns":1},{"damage":0,"enemies":"2 Louse","floor":5,"turns":1},{"damage":0,"enemies":"3 Sentries","floor":6,"turns":2},{"damage":0,"enemies":"Small Slimes","floor":8,"turns":3},{"damage":0,"enemies":"Red Slaver","floor":10,"turns":3},{"damage":8,"enemies":"Lagavulin","floor":11,"turns":5},{"damage":5,"enemies":"Gremlin Gang","floor":12,"turns":3},{"damage":0,"enemies":"Lots of Slimes","floor":13,"turns":1},{"damage":16,"enemies":"Gremlin Nob","floor":14,"turns":4},{"damage":22,"enemies":"The Guardian","floor":16,"turns":16},{"damage":23,"enemies":"2 Thieves","floor":18,"turns":3},{"damage":19,"enemies":"Chosen","floor":21,"turns":5},{"damage":0,"enemies":"3 Cultists","floor":22,"turns":3},{"damage":15,"enemies":"Book of Stabbing","floor":23,"turns":6},{"damage":18,"enemies":"Snake Plant","floor":25,"turns":4},{"damage":31,"enemies":"Slavers","floor":27,"turns":3},{"damage":84,"enemies":"Champ","floor":33,"turns":14},{"damage":0,"enemies":"3 Shapes","floor":35,"turns":4},{"damage":6,"enemies":"Orb Walker","floor":36,"turns":3},{"damage":21,"enemies":"Spire Growth","floor":38,"turns":5},{"damage":64,"enemies":"2 Orb Walkers","floor":39,"turns":4}],"seed_played":"-6254274762931953468","potions_obtained":[{"floor":1,"key":"Swift Potion"},{"floor":6,"key":"Block Potion"},{"floor":13,"key":"Explosive Potion"},{"floor":16,"key":"SpeedPotion"},{"floor":21,"key":"Swift Potion"},{"floor":22,"key":"Strength Potion"},{"floor":33,"key":"Swift Potion"},{"floor":35,"key":"BloodPotion"},{"floor":36,"key":"GamblersBrew"}],"is_trial":false,"path_per_floor":["M","?","?","?","M","E","$","M","T","M","E","M","M","E","R","B",null,"M","?","?","M","M","E","R","M","T","E","?","R","$","?","R","B",null,"M","M","$","M","?"],"character_chosen":"IRONCLAD","items_purchased":["Immolate","Metallicize","Toolbox","Magnetism","Iron Wave+1"],"campfire_rested":2,"item_purchase_floors":[7,30,30,30,37],"current_hp_per_floor":[78,78,78,78,80,80,80,80,80,80,78,79,80,70,70,54,74,57,57,57,44,50,41,65,53,53,28,28,28,28,28,44,12,45,56,56,56,47,0],"gold":36,"neow_bonus":"THREE_ENEMY_KILL","is_prod":false,"is_daily":false,"chose_seed":false,"campfire_upgraded":2,"win_rate":0,"timestamp":1549292318,"path_taken":["M","?","?","?","?","E","$","?","T","?","E","M","M","E","R","BOSS","M","?","?","?","M","E","R","M","T","E","?","R","$","?","R","BOSS","M","M","$","M","?"],"build_version":"2019-01-23","purchased_purges":1,"victory":false,"max_hp_per_floor":[80,80,80,80,80,80,80,80,80,80,80,80,80,80,80,80,80,80,80,80,80,80,80,80,80,80,80,56,56,56,56,56,56,56,56,56,56,56,56],"card_choices":[{"not_picked":["Blood for Blood","Heavy Blade"],"picked":"Evolve","floor":1},{"not_picked":["Flame Barrier","Thunderclap"],"picked":"Twin Strike","floor":5},{"not_picked":["Twin Strike","Infernal Blade"],"picked":"Disarm","floor":6},{"not_picked":["Headbutt","Rage"],"picked":"Shrug It Off","floor":8},{"not_picked":["Armaments","Rupture"],"picked":"Shrug It Off","floor":10},{"not_picked":["True Grit","Hemokinesis","Spot Weakness"],"picked":"SKIP","floor":11},{"not_picked":["Flex","Perfected Strike","Armaments"],"picked":"SKIP","floor":12},{"not_picked":["Second Wind","Thunderclap","Warcry"],"picked":"SKIP","floor":13},{"not_picked":["Whirlwind","True Grit"],"picked":"Clothesline","floor":14},{"not_picked":["Reaper","Offering"],"picked":"Juggernaut","floor":16},{"not_picked":[],"picked":"Wild Strike","floor":18},{"not_picked":[],"picked":"Body Slam+1","floor":21},{"not_picked":["Thunderclap"],"picked":"SKIP","floor":22},{"not_picked":["Thunderclap"],"picked":"SKIP","floor":23},{"not_picked":["Second Wind"],"picked":"SKIP","floor":25},{"not_picked":["Dark Embrace"],"picked":"SKIP","floor":27},{"not_picked":[],"picked":"Offering","floor":33},{"not_picked":["Clothesline+1"],"picked":"SKIP","floor":35},{"not_picked":["Heavy Blade+1"],"picked":"SKIP","floor":36},{"not_picked":["Combust+1"],"picked":"SKIP","floor":38}],"player_experience":355588,"relics_obtained":[{"floor":6,"key":"Red Skull"},{"floor":9,"key":"Oddly Smooth Stone"},{"floor":11,"key":"Centennial Puzzle"},{"floor":14,"key":"Orichalcum"},{"floor":23,"key":"Molten Egg 2"},{"floor":26,"key":"Bottled Tornado"},{"floor":27,"key":"Blue Candle"}],"event_choices":[{"damage_healed":0,"gold_gain":0,"player_choice":"Box","damage_taken":0,"relics_obtained":["War Paint"],"max_hp_gain":0,"max_hp_loss":0,"event_name":"Big Fish","floor":2,"gold_loss":0,"cards_obtained":["Regret"]},{"cards_removed":["Regret"],"damage_healed":0,"gold_gain":0,"player_choice":"Forget","damage_taken":0,"max_hp_gain":0,"max_hp_loss":0,"event_name":"Living Wall","floor":3,"gold_loss":0},{"damage_healed":0,"gold_gain":0,"player_choice":"Gave Potion","damage_taken":0,"relics_obtained":["FossilizedHelix"],"max_hp_gain":0,"max_hp_loss":0,"event_name":"WeMeetAgain","floor":4,"gold_loss":0},{"damage_healed":0,"gold_gain":0,"player_choice":"Read","damage_taken":0,"max_hp_gain":0,"max_hp_loss":0,"event_name":"The Library","floor":19,"gold_loss":0,"cards_obtained":["Havoc"]},{"damage_healed":0,"gold_gain":0,"player_choice":"Copied","damage_taken":0,"max_hp_gain":0,"max_hp_loss":0,"event_name":"Duplicator","floor":20,"gold_loss":0,"cards_obtained":["Immolate"]},{"damage_healed":0,"gold_gain":0,"player_choice":"Became a vampire","damage_taken":0,"max_hp_gain":0,"max_hp_loss":24,"event_name":"Vampires","floor":28,"gold_loss":0,"cards_obtained":["Bite","Bite","Bite","Bite","Bite"]},{"cards_removed":["Defend_R"],"damage_healed":0,"gold_gain":0,"player_choice":"Elegance","damage_taken":0,"max_hp_gain":0,"max_hp_loss":0,"event_name":"Back to Basics","floor":31,"gold_loss":0},{"damage_healed":0,"gold_gain":0,"player_choice":"Fight","damage_taken":0,"max_hp_gain":0,"max_hp_loss":0,"event_name":"Mysterious Sphere","floor":39,"gold_loss":0}],"is_beta":false,"boss_relics":[{"not_picked":["Tiny House","Fusion Hammer"],"picked":"Busted Crown"},{"not_picked":["Velvet Choker","Snecko Eye"],"picked":"Eternal Feather"}],"items_purged_floors":[37],"is_endless":false,"potions_floor_spawned":[1,6,13,16,21,22,33,35,36],"killed_by":"2 Orb Walkers","ascension_level":6}