{"gold_per_floor":[214,214,234,71,91,116,116,147,184,214,35,35,0,0,0,95,95,106,123,48,48,9,34,34,34,87,97,110,110,138,206,206,206],"floor_reached":33,"playtime":1537,"items_purged":["Strike_B"],"score":422,"play_id":"45e02d63-3e4d-40d8-834f-cc1b596b282c","local_time":"20190201174727","is_ascension_mode":true,"campfire_choices":[{"data":"Zap","floor":7,"key":"SMITH"},{"data":"Creative AI","floor":15,"key":"SMITH"},{"data":"Amplify","floor":25,"key":"SMITH"},{"data":"Chill","floor":29,"key":"SMITH"},{"floor":32,"key":"REST"}],"neow_cost":"NONE","seed_source_timestamp":17226374605892,"circlet_count":0,"master_deck":["Strike_B","Defend_B","Defend_B","Defend_B+1","Defend_B","Zap+1","Dualcast+1","Sunder","Turbo+1","Finesse","Ball Lightning","FTL","Creative AI+1","FTL","Chill+1","Amplify+1","Turbo+1","Conserve Battery","Static Discharge","Go for the Eyes+1","Self Repair+1"],"relics":["Cracked Core","Ancient Tea Set","MawBank","War Paint","Oddly Smooth Stone","Bird Faced Urn","Runic Pyramid","Blood Vial","Juzu Bracelet","Sundial","Blue Candle"],"potions_floor_usage":[33,33,33],"damage_taken":[{"damage":2,"enemies":"Jaw Worm","floor":1,"turns":3},{"damage":0,"enemies":"Small Slimes","floor":3,"turns":2},{"damage":0,"enemies":"2 Louse","floor":5,"turns":2},{"damage":21,"enemies":"3 Sentries","floor":6,"turns":5},{"damage":31,"enemies":"Gremlin Nob","floor":8,"turns":4},{"damage":8,"enemies":"Blue Slaver","floor":10,"turns":3},{"damage":3,"enemies":"Slime Boss","floor":16,"turns":7},{"damage":6,"enemies":"3 Byrds","floor":18,"turns":5},{"damage":12,"enemies":"Shell Parasite","floor":19,"turns":5},{"damage":36,"enemies":"Book of Stabbing","floor":23,"turns":5},{"damage":14,"enemies":"Centurion and Healer","floor":27,"turns":7},{"damage":20,"enemies":"Snake Plant","floor":28,"turns":5},{"damage":37,"enemies":"Slavers","floor":30,"turns":6},{"damage":99,"enemies":"Automaton","floor":33,"turns":10}],"seed_played":"-858378636326838947","potions_obtained":[{"floor":10,"key":"Regen Potion"},{"floor":27,"key":"AttackPotion"},{"floor":28,"key":"Swift Potion"}],"is_trial":false,"path_per_floor":["M","?","M","$","M","E","R","E","T","M","$","?","?","T","R","B",null,"M","M","?","?","$","E","$","R","T","M","M","R","E","T","R","B"],"character_chosen":"DEFECT","items_purchased":["Finesse","Chill","Oddly Smooth Stone","Static Discharge"],"campfire_rested":1,"item_purchase_floors":[4,11,11,22],"current_hp_per_floor":[66,66,66,66,66,45,45,14,14,6,6,31,31,31,31,50,69,75,75,75,75,75,51,51,51,51,55,51,51,34,34,56,0],"gold":206,"neow_bonus":"HUNDRED_GOLD","is_prod":false,"is_daily":false,"chose_seed":false,"campfire_upgraded":4,"win_rate":0,"timestamp":1549021647,"path_taken":["M","?","M","$","M","E","R","E","T","M","$","?","?","?","R","BOSS","M","M","?","?","?","E","?","R","T","M","M","R","E","?","R","BOSS"],"build_version":"2019-01-23","purchased_purges":1,"victory":false,"max_hp_per_floor":[75,75,75,75,75,75,75,75,75,75,75,75,75,75,75,75,75,75,75,75,75,75,75,75,75,75,75,75,75,75,75,75,75],"card_choices":[{"not_picked":["Leap","Conserve Battery"],"picked":"Sunder","floor":1},{"not_picked":["Streamline","Hologram"],"picked":"Turbo","floor":3},{"not_picked":["Sunder","Storm"],"picked":"Ball Lightning","floor":5},{"not_picked":["Lockon","Auto Shields"],"picked":"FTL","floor":6},{"not_picked":["Coolheaded","Doom and Gloom"],"picked":"Creative AI","floor":8},{"not_picked":["Cold Snap","Streamline"],"picked":"FTL","floor":10},{"not_picked":["Fission","Seek"],"picked":"Amplify","floor":16},{"not_picked":["Rebound","Ball Lightning"],"picked":"Turbo+1","floor":18},{"not_picked":["Ball Lightning+1","Steam"],"picked":"Conserve Battery","floor":19},{"not_picked":["Capacitor","Streamline"],"picked":"Go for the Eyes+1","floor":23},{"not_picked":["Steam Power+1","Compile Driver","Gash"],"picked":"SKIP","floor":27},{"not_picked":["Fusion","Barrage","Rebound"],"picked":"SKIP","floor":28},{"not_picked":["Aggregate+1","Redo"],"picked":"Self Repair+1","floor":30}],"player_experience":711096,"relics_obtained":[{"floor":6,"key":"Ancient Tea Set"},{"floor":8,"key":"MawBank"},{"floor":9,"key":"War Paint"},{"floor":14,"key":"Bird Faced Urn"},{"floor":23,"key":"Blood Vial"},{"floor":26,"key":"Juzu Bracelet"},{"floor":30,"key":"Sundial"},{"floor":31,"key":"Blue Candle"}],"event_choices":[{"damage_healed":0,"gold_gain":0,"player_choice":"Grow","damage_taken":0,"max_hp_gain":0,"max_hp_loss":0,"event_name":"Living Wall","floor":2,"gold_loss":0,"cards_upgraded":["Dualcast"]},{"damage_healed":25,"gold_gain":0,"player_choice":"Banana","damage_taken":0,"max_hp_gain":0,"max_hp_loss":0,"event_name":"Big Fish","floor":12,"gold_loss":0},{"damage_healed":0,"gold_gain":0,"player_choice":"Left Gold","damage_taken":0,"max_hp_gain":0,"max_hp_loss":0,"event_name":"World of Goop","floor":13,"gold_loss":35},{"cards_removed":["Strike_B"],"damage_healed":0,"gold_gain":0,"player_choice":"Gave Gold","damage_taken":0,"max_hp_gain":0,"max_hp_loss":0,"event_name":"Beggar","floor":20,"gold_loss":75},{"cards_removed":["Strike_B"],"damage_healed":0,"gold_gain":0,"player_choice":"Elegance","damage_taken":0,"max_hp_gain":0,"max_hp_loss":0,"event_name":"Back to Basics","floor":21,"gold_loss":0}],"is_beta":false,"boss_relics":[{"not_picked":["Nuclear Battery","Snecko Eye"],"picked":"Runic Pyramid"}],"items_purged_floors":[4],"is_endless":false,"potions_floor_spawned":[10,27,28],"killed_by":"Automaton","ascension_level":9}