{"gold_per_floor":[117,134,152,29,46,46,67,97,97,97,131,131,158,176,176,273,273,288,288,304,53,53],"floor_reached":22,"playtime":1606,"items_purged":["Strike_G","Strike_G"],"score":206,"play_id":"0c6fdd11-b640-4e06-84d1-409e1884616d","local_time":"20190130023751","is_ascension_mode":true,"campfire_choices":[{"data":"Blade Dance","floor":6,"key":"SMITH"},{"data":"Blade Dance","floor":10,"key":"SMITH"},{"data":"PiercingWail","floor":15,"key":"SMITH"}],"neow_cost":"NONE","seed_source_timestamp":1281911664556500,"circlet_count":0,"master_deck":["Defend_G","Defend_G","Defend_G","Defend_G","Defend_G","Strike_G","Strike_G","Survivor","Neutralize","Blur","Blade Dance+1","Slice","Blade Dance+1","PiercingWail+1","Dagger Throw","Deflect","Quick Slash","Envenom","Backflip"],"relics":["Ring of the Snake","Odd Mushroom","Tough Bandages","Paper Crane","Bronze Scales","White Beast Statue","Boot"],"potions_floor_usage":[7,8,11,18],"damage_taken":[{"damage":0,"enemies":"Small Slimes","floor":1,"turns":4},{"damage":0,"enemies":"Jaw Worm","floor":2,"turns":5},{"damage":0,"enemies":"Cultist","floor":3,"turns":4},{"damage":3,"enemies":"Exordium Wildlife","floor":5,"turns":9},{"damage":2,"enemies":"The Mushroom Lair","floor":7,"turns":4},{"damage":18,"enemies":"Gremlin Nob","floor":8,"turns":4},{"damage":27,"enemies":"3 Sentries","floor":11,"turns":13},{"damage":0,"enemies":"Blue Slaver","floor":12,"turns":4},{"damage":0,"enemies":"Lots of Slimes","floor":14,"turns":3},{"damage":15,"enemies":"Hexaghost","floor":16,"turns":13},{"damage":12,"enemies":"2 Thieves","floor":18,"turns":5},{"damage":24,"enemies":"Spheric Guardian","floor":20,"turns":5},{"damage":40,"enemies":"Cultist and Chosen","floor":22,"turns":6}],"seed_played":"6826758366756459632","potions_obtained":[{"floor":1,"key":"Strength Potion"},{"floor":5,"key":"Fire Potion"},{"floor":8,"key":"Regen Potion"},{"floor":16,"key":"AttackPotion"},{"floor":18,"key":"Strength Potion"},{"floor":20,"key":"GamblersBrew"}],"is_trial":false,"path_per_floor":["M","M","M","$","M","R","?","E","T","R","E","M","T","M","R","B",null,"M","?","M","$","M"],"character_chosen":"THE_SILENT","items_purchased":["Blade Dance","Boot"],"campfire_rested":0,"item_purchase_floors":[4,21],"current_hp_per_floor":[70,70,70,70,67,67,65,47,47,47,34,34,34,34,34,19,70,58,58,34,34,0],"gold":53,"neow_bonus":"REMOVE_CARD","is_prod":false,"is_daily":false,"chose_seed":false,"campfire_upgraded":3,"win_rate":0,"timestamp":1548833871,"path_taken":["M","M","M","$","M","R","?","E","T","R","E","M","?","M","R","BOSS","M","?","M","$","M"],"build_version":"2019-01-23","purchased_purges":2,"victory":false,"max_hp_per_floor":[70,70,70,70,70,70,70,70,70,70,70,70,70,70,70,70,70,70,70,70,70,70],"card_choices":[{"not_picked":["Cloak And Dagger","Bane"],"picked":"Blur","floor":1},{"not_picked":["Reflex","Doppelganger"],"picked":"Blade Dance","floor":2},{"not_picked":["Blade Dance","Poisoned Stab"],"picked":"Slice","floor":3},{"not_picked":["Blur","Blade Dance"],"picked":"PiercingWail","floor":5},{"not_picked":["Skewer","Escape Plan"],"picked":"Dagger Throw","floor":7},{"not_picked":["Noxious Fumes","Dodge and Roll"],"picked":"Deflect","floor":8},{"not_picked":["Prepared","Deadly Poison"],"picked":"Quick Slash","floor":11},{"not_picked":["Bane","Dodge and Roll","PiercingWail"],"picked":"SKIP","floor":12},{"not_picked":["Prepared","Infinite Blades","Glass Knife"],"picked":"SKIP","floor":14},{"not_picked":["Unload","Malaise"],"picked":"Envenom","floor":16},{"not_picked":["Poisoned Stab","Finisher"],"picked":"Backflip","floor":18},{"not_picked":["Bane","Eviscerate","Outmaneuver"],"picked":"SKIP","floor":20}],"player_experience":105876,"relics_obtained":[{"floor":7,"key":"Odd Mushroom"},{"floor":8,"key":"Tough Bandages"},{"floor":11,"key":"Paper Crane"},{"floor":13,"key":"Bronze Scales"}],"event_choices":[{"damage_healed":0,"gold_gain":0,"player_choice":"Fought Mushrooms","damage_taken":0,"max_hp_gain":0,"max_hp_loss":0,"event_name":"Mushrooms","floor":7,"gold_loss":0},{"damage_healed":0,"gold_gain":0,"player_choice":"Ignored","damage_taken":0,"max_hp_gain":0,"max_hp_loss":0,"event_name":"Ghosts","floor":19,"gold_loss":0}],"is_beta":false,"boss_relics":[{"not_picked":["Busted Crown","Runic Dome"],"picked":"White Beast Statue"}],"items_purged_floors":[4,21],"is_endless":false,"potions_floor_spawned":[1,5,8,12,16,18,20],"killed_by":"Cultist and Chosen","ascension_level":1}