{"gold_per_floor":[109,109,41,41,59,93,93,109,135,135,135,148,148,160,160,256,256,244,244,294,314,278,278,278,278,278,311,321,321,321,335,335,335],"floor_reached":33,"playtime":1530,"items_purged":[],"score":288,"play_id":"0120b0b0-a88c-4552-9b6b-3e1eef9f122c","local_time":"20190128212728","is_ascension_mode":false,"campfire_choices":[{"floor":7,"key":"REST"},{"floor":11,"key":"REST"},{"data":"Bullet Time","floor":15,"key":"SMITH"},{"floor":23,"key":"REST"},{"data":"Night Terror","floor":25,"key":"SMITH"},{"floor":29,"key":"REST"},{"floor":32,"key":"REST"}],"neow_cost":"PERCENT_DAMAGE","seed_source_timestamp":511576624890627,"circlet_count":0,"master_deck":["Defend_G","Defend_G+1","Defend_G+1","Defend_G","Strike_G","Strike_G","Strike_G","Strike_G","Survivor","Neutralize","Endless Agony","Bullet Time+1","Predator","Well Laid Plans","Backflip","Leg Sweep","Backstab","Grand Finale","Blade Dance+1","Night Terror+1","Distraction","Flying Knee","Infinite Blades","Backflip+1","Outmaneuver+1"],"relics":["Ring of the Snake","Vajra","PreservedInsect","Pantograph","Black Star","Enchiridion","War Paint","Dodecahedron","Singing Bowl"],"potions_floor_usage":[16,27,28,33,33,33],"damage_taken":[{"damage":0,"enemies":"2 Louse","floor":1,"turns":2},{"damage":2,"enemies":"Small Slimes","floor":5,"turns":3},{"damage":44,"enemies":"3 Sentries","floor":6,"turns":12},{"damage":0,"enemies":"Cultist","floor":8,"turns":3},{"damage":1,"enemies":"Exordium Thugs","floor":12,"turns":4},{"damage":0,"enemies":"Red Slaver","floor":14,"turns":2},{"damage":82,"enemies":"Hexaghost","floor":16,"turns":14},{"damage":13,"enemies":"2 Thieves","floor":18,"turns":4},{"damage":21,"enemies":"Shell Parasite","floor":21,"turns":5},{"damage":28,"enemies":"Gremlin Leader","floor":27,"turns":4},{"damage":19,"enemies":"Centurion and Healer","floor":28,"turns":8},{"damage":14,"enemies":"3 Cultists","floor":31,"turns":4},{"damage":91,"enemies":"Champ","floor":33,"turns":11}],"seed_played":"-7042514723732044505","potions_obtained":[{"floor":8,"key":"Weak Potion"},{"floor":12,"key":"PowerPotion"},{"floor":14,"key":"Regen Potion"},{"floor":16,"key":"EssenceOfSteel"},{"floor":27,"key":"AttackPotion"},{"floor":28,"key":"SteroidPotion"},{"floor":31,"key":"Ancient Potion"}],"is_trial":false,"path_per_floor":["M","?","$","?","M","E","R","M","T","?","R","M","$","M","R","B",null,"M","?","?","M","$","R","?","R","T","E","M","R","?","M","R","B"],"character_chosen":"THE_SILENT","items_purchased":["Bullet Time","Infinite Blades"],"campfire_rested":5,"item_purchase_floors":[3,22],"current_hp_per_floor":[63,68,68,68,66,22,48,48,48,48,74,73,73,73,73,7,89,76,76,76,55,55,81,65,65,65,39,20,47,47,33,60,0],"gold":335,"neow_bonus":"TWENTY_PERCENT_HP_BONUS","is_prod":false,"is_daily":false,"chose_seed":false,"campfire_upgraded":2,"win_rate":0.0,"timestamp":1548682048,"path_taken":["M","?","$","?","M","E","R","M","T","?","R","?","?","M","R","BOSS","M","?","?","?","?","R","?","R","T","E","M","R","?","M","R","BOSS"],"build_version":"2019-01-23","purchased_purges":0,"victory":false,"max_hp_per_floor":[84,89,89,89,89,89,89,89,89,89,89,89,89,89,89,89,89,89,89,89,89,89,89,89,89,89,91,91,91,91,91,91,91],"card_choices":[{"not_picked":["Dagger Throw","Prepared"],"picked":"Endless Agony","floor":1},{"not_picked":["Flying Knee","Outmaneuver"],"picked":"Predator","floor":5},{"not_picked":["Blade Dance","Bouncing Flask"],"picked":"Well Laid Plans","floor":6},{"not_picked":["Sucker Punch","Bane"],"picked":"Backflip","floor":8},{"not_picked":["Flying Knee","Reflex"],"picked":"Leg Sweep","floor":12},{"not_picked":["Reflex","Cloak And Dagger"],"picked":"Backstab","floor":14},{"not_picked":["Phantasmal Killer","Night Terror"],"picked":"Grand Finale","floor":16},{"not_picked":["Prepared","Reflex+1"],"picked":"Blade Dance+1","floor":18},{"not_picked":["Outmaneuver","Blade Dance"],"picked":"Flying Knee","floor":21},{"not_picked":["Deflect","Backstab","Tactician"],"picked":"Singing Bowl","floor":27},{"not_picked":["Blade Dance","Deadly Poison"],"picked":"Backflip+1","floor":28},{"not_picked":["Bane+1","Backflip"],"picked":"Outmaneuver+1","floor":31}],"player_experience":164444,"relics_obtained":[{"floor":6,"key":"Vajra"},{"floor":9,"key":"PreservedInsect"},{"floor":24,"key":"Enchiridion"},{"floor":26,"key":"War Paint"},{"floor":27,"key":"Dodecahedron"},{"floor":27,"key":"Singing Bowl"}],"event_choices":[{"damage_healed":0,"gold_gain":0,"player_choice":"Donut","damage_taken":0,"max_hp_gain":5,"max_hp_loss":0,"event_name":"Big Fish","floor":2,"gold_loss":0},{"damage_healed":0,"gold_gain":0,"player_choice":"Ignored","damage_taken":0,"max_hp_gain":0,"max_hp_loss":0,"event_name":"Shining Light","floor":4,"gold_loss":0},{"damage_healed":0,"gold_gain":0,"player_choice":"Gave Potion","damage_taken":0,"relics_obtained":["Pantograph"],"max_hp_gain":0,"max_hp_loss":0,"event_name":"WeMeetAgain","floor":10,"gold_loss":0},{"damage_healed":0,"gold_gain":0,"cards_transformed":["Strike_G","Defend_G"],"player_choice":"Became Test Subject","damage_taken":0,"max_hp_gain":0,"max_hp_loss":0,"event_name":"Drug Dealer","floor":19,"gold_loss":0,"cards_obtained":["Night Terror","Distraction"]},{"damage_healed":0,"gold_gain":100,"player_choice":"Bet on Murderer","damage_taken":0,"max_hp_gain":0,"max_hp_loss":0,"event_name":"The Joust","floor":20,"gold_loss":50},{"damage_healed":0,"gold_gain":0,"player_choice":"Obtained Book","damage_taken":16,"max_hp_gain":0,"max_hp_loss":0,"event_name":"Cursed Tome","floor":24,"gold_loss":0},{"damage_healed":0,"gold_gain":0,"player_choice":"Ignored","damage_taken":0,"max_hp_gain":0,"max_hp_loss":0,"event_name":"Vampires","floor":30,"gold_loss":0}],"is_beta":false,"boss_relics":[{"not_picked":["Astrolabe","Fusion Hammer"],"picked":"Black Star"}],"items_purged_floors":[],"is_endless":false,"potions_floor_spawned":[8,12,14,16,27,28,31],"killed_by":"Champ","ascension_level":0}