{"path_per_floor":["M","M","M","?","M","E","R","E","T","?","?","$","R","M","R","B",null,"M","M","?","M","?","R","M","R","T","M","E","R","?","?","R"],"character_chosen":"DEFECT","items_purchased":["Lantern","Rainbow"],"gold_per_floor":[110,129,144,144,159,198,198,242,242,317,492,110,110,130,130,259,259,282,303,218,231,231,231,247,247,294,313,353,353,353,276,276,276],"floor_reached":33,"campfire_rested":3,"playtime":2284,"item_purchase_floors":[12,12],"current_hp_per_floor":[73,72,70,70,65,29,51,24,24,13,13,13,35,33,33,25,75,66,48,48,21,21,36,44,44,44,44,28,28,19,19,19,0],"items_purged":["Doubt"],"gold":276,"score":300,"play_id":"15830734-83b0-4965-ba15-cb0bbdd24905","local_time":"20180607144623","is_prod":false,"is_daily":false,"chose_seed":false,"is_ascension_mode":false,"campfire_upgraded":3,"win_rate":0.0,"timestamp":1528375583,"campfire_choices":[{"floor":7,"key":"REST"},{"floor":13,"key":"REST"},{"data":"Injury","floor":15,"key":"PURGE"},{"floor":23,"key":"REST"},{"data":"Defragment","floor":25,"key":"SMITH"},{"data":"Rainbow","floor":29,"key":"SMITH"},{"data":"Genetic Algorithm","floor":32,"key":"SMITH"}],"path_taken":["M","M","M","?","M","E","R","E","T","?","?","$","R","M","R","BOSS","M","M","?","M","?","R","?","R","T","M","E","R","?","?","R","BOSS"],"build_version":"2018-05-31","seed_source_timestamp":16324808539156,"purchased_purges":1,"victory":false,"master_deck":["Defend_B","Defend_B","Defend_B","Defend_B","Zap","Dualcast","Melter","Hello World","Conserve Battery","Double Energy","Defragment+1","Hologram","Rainbow+1","White Noise","Machine Learning","Defragment","Glacier","Ball Lightning","Bite","Bite","Bite","Bite","Bite","Sweeping Beam","Force Field","Genetic Algorithm+1","J.A.X."],"max_hp_per_floor":[75,75,75,75,75,75,75,75,75,75,75,75,75,75,75,75,75,75,75,75,75,52,52,52,52,52,52,52,52,52,52,52,52],"relics":["Cracked Core","Golden Idol","Peace Pipe","Mummified Hand","Blue Candle","Lantern","Sozu","Darkstone Periapt","Oddly Smooth Stone","Juzu Bracelet"],"card_choices":[{"not_picked":["Rip and Tear","Conserve Battery"],"picked":"Melter","floor":1},{"not_picked":["Compile Driver","Ball Lightning"],"picked":"Hello World","floor":2},{"not_picked":["Leap","Go for the Eyes"],"picked":"Conserve Battery","floor":3},{"not_picked":["Compile Driver","Coolheaded"],"picked":"Double Energy","floor":5},{"not_picked":["Blizzard","Coolheaded"],"picked":"Defragment","floor":6},{"not_picked":["Chaos","Coolheaded"],"picked":"Hologram","floor":8},{"not_picked":["Reprogram","Cold Snap"],"picked":"White Noise","floor":14},{"not_picked":["Reboot","All For One"],"picked":"Machine Learning","floor":16},{"not_picked":["Beam Cell","Storm"],"picked":"Defragment","floor":18},{"not_picked":["Cold Snap","Ball Lightning"],"picked":"Glacier","floor":19},{"not_picked":["Hologram","Compile Driver"],"picked":"Ball Lightning","floor":21},{"not_picked":["Buffer","Glacier"],"picked":"Sweeping Beam","floor":24},{"not_picked":["Streamline","Barrage"],"picked":"Force Field","floor":27},{"not_picked":["Cold Snap","Doom and Gloom+1"],"picked":"Genetic Algorithm","floor":28}],"player_experience":179024,"potions_floor_usage":[6,6,6,8],"damage_taken":[{"damage":2,"enemies":"2 Louse","floor":1,"turns":3},{"damage":1,"enemies":"Jaw Worm","floor":2,"turns":3},{"damage":2,"enemies":"Small Slimes","floor":3,"turns":4},{"damage":5,"enemies":"Looter","floor":5,"turns":3},{"damage":36,"enemies":"Gremlin Nob","floor":6,"turns":4},{"damage":27,"enemies":"3 Sentries","floor":8,"turns":10},{"damage":2,"enemies":"Blue Slaver","floor":14,"turns":3},{"damage":8,"enemies":"Hexaghost","floor":16,"turns":10},{"damage":16,"enemies":"Shell Parasite","floor":18,"turns":7},{"damage":18,"enemies":"2 Thieves","floor":19,"turns":3},{"damage":27,"enemies":"Slaver and Parasite","floor":21,"turns":7},{"damage":0,"enemies":"Sentry and Sphere","floor":24,"turns":3},{"damage":15,"enemies":"Snake Plant","floor":27,"turns":4},{"damage":24,"enemies":"Gremlin Leader","floor":28,"turns":6},{"damage":54,"enemies":"Automaton","floor":33,"turns":6}],"relics_obtained":[{"floor":6,"key":"Peace Pipe"},{"floor":8,"key":"Mummified Hand"},{"floor":9,"key":"Blue Candle"},{"floor":26,"key":"Oddly Smooth Stone"},{"floor":28,"key":"Juzu Bracelet"}],"event_choices":[{"event_name":"Golden Idol","player_choice":"Take Wound","floor":4,"damage_taken":0},{"event_name":"World of Goop","player_choice":"Gather Gold","floor":10,"damage_taken":0},{"event_name":"Liars Game","player_choice":"agreed","floor":11,"damage_taken":0},{"event_name":"Addict","player_choice":"Obtained Relic","floor":20,"damage_taken":0},{"event_name":"Vampires","player_choice":"Became a vampire","floor":22,"damage_taken":0},{"event_name":"Cursed Tome","player_choice":"Stopped","floor":30,"damage_taken":0},{"event_name":"Drug Dealer","player_choice":"Got JAXXED","floor":31,"damage_taken":0}],"boss_relics":[{"not_picked":["Orrery","Nuclear Battery"],"picked":"Sozu"}],"items_purged_floors":[12],"potions_floor_spawned":[1,2,5,6,18,28],"seed_played":"7882785886405874478","killed_by":"Automaton","ascension_level":0,"potions_obtained":[{"floor":1,"key":"FocusPotion"},{"floor":2,"key":"GamblersBrew"},{"floor":5,"key":"Poison Potion"},{"floor":6,"key":"PowerPotion"}],"is_trial":false}