{"gold_per_floor":[109,109,122,122,134,160,177,210,210,223,223,223,17,37,37,139,139,150,250,250,79,95,95,95,113,113,141,161,191,191,208,208,305,305,323,323],"floor_reached":36,"playtime":2433,"items_purged":["Writhe"],"score":662,"play_id":"007021d5-ddad-420a-9f07-70f7f543ff3e","local_time":"20190124151544","is_ascension_mode":true,"campfire_choices":[{"floor":12,"key":"REST"},{"floor":15,"key":"REST"},{"floor":23,"key":"REST"},{"data":"Chill","floor":30,"key":"SMITH"},{"floor":32,"key":"REST"}],"neow_cost":"NONE","seed_source_timestamp":1103391129024186,"circlet_count":0,"master_deck":["Strike_B","Strike_B","Strike_B","Defend_B","Defend_B","Defend_B","Defend_B","Zap+1","Dualcast","Cold Snap","Ball Lightning","Steam","Go for the Eyes","Go for the Eyes","Echo Form","Glacier","Chill","Creative AI","Glacier+1","Capacitor","Electrodynamics","Capacitor+1","Chill+1","White Noise+1"],"relics":["FrozenCore","NeowsBlessing","Bag of Marbles","Mercury Hourglass","Nunchaku","Mango","OrangePellets","Busted Crown","Pocketwatch","Matryoshka","Orichalcum","Potion Belt","Sundial","Mummified Hand","Singing Bowl"],"potions_floor_usage":[6,6,19,19,22,22,22,22,22,27,29,36,36],"damage_taken":[{"damage":0,"enemies":"Small Slimes","floor":1,"turns":1},{"damage":0,"enemies":"Cultist","floor":3,"turns":1},{"damage":0,"enemies":"Jaw Worm","floor":5,"turns":1},{"damage":18,"enemies":"Gremlin Nob","floor":6,"turns":3},{"damage":20,"enemies":"Large Slime","floor":7,"turns":4},{"damage":18,"enemies":"Lagavulin","floor":8,"turns":4},{"damage":0,"enemies":"3 Louse","floor":10,"turns":2},{"damage":19,"enemies":"Exordium Wildlife","floor":14,"turns":5},{"damage":21,"enemies":"Slime Boss","floor":16,"turns":8},{"damage":3,"enemies":"Spheric Guardian","floor":18,"turns":4},{"damage":33,"enemies":"Colosseum Slavers","floor":19,"turns":4},{"damage":35,"enemies":"Colosseum Nobs","floor":19,"turns":6},{"damage":0,"enemies":"2 Thieves","floor":22,"turns":4},{"damage":3,"enemies":"Cultist and Chosen","floor":25,"turns":6},{"damage":19,"enemies":"Book of Stabbing","floor":27,"turns":6},{"damage":0,"enemies":"Snecko","floor":28,"turns":5},{"damage":0,"enemies":"Gremlin Leader","floor":29,"turns":5},{"damage":0,"enemies":"Shelled Parasite and Fungi","floor":31,"turns":5},{"damage":30,"enemies":"Automaton","floor":33,"turns":9},{"damage":29,"enemies":"3 Darklings","floor":35,"turns":6},{"damage":48,"enemies":"2 Orb Walkers","floor":36,"turns":6}],"seed_played":"-1646425752084563402","potions_obtained":[{"floor":1,"key":"Poison Potion"},{"floor":3,"key":"SkillPotion"},{"floor":7,"key":"LiquidBronze"},{"floor":10,"key":"Poison Potion"},{"floor":25,"key":"Strength Potion"},{"floor":28,"key":"FocusPotion"},{"floor":31,"key":"SteroidPotion"},{"floor":33,"key":"EssenceOfSteel"}],"is_trial":false,"path_per_floor":["M","?","M","?","M","E","M","E","T","M","?","R","$","M","R","B",null,"M","?","?","$","M","R","?","M","T","E","M","E","R","M","R","B",null,"M","?"],"character_chosen":"DEFECT","items_purchased":["OrangePellets","EntropicBrew"],"campfire_rested":4,"item_purchase_floors":[13,21],"current_hp_per_floor":[68,68,68,68,68,50,30,12,26,26,19,45,45,26,52,31,75,72,4,4,4,16,42,42,39,39,20,20,22,22,24,51,23,77,48,0],"gold":323,"neow_bonus":"THREE_ENEMY_KILL","is_prod":false,"is_daily":false,"chose_seed":false,"campfire_upgraded":1,"win_rate":0,"timestamp":1548321344,"path_taken":["M","?","?","?","M","E","M","E","T","M","?","R","$","M","R","BOSS","M","?","?","$","M","R","?","M","T","E","M","E","R","?","R","BOSS","M","?"],"build_version":"2019-01-23","purchased_purges":1,"victory":false,"max_hp_per_floor":[75,75,75,75,75,75,75,75,89,89,89,89,89,89,89,89,89,89,89,89,89,89,89,89,89,89,89,89,91,91,93,93,95,95,95,95],"card_choices":[{"not_picked":["Sweeping Beam","Scrape"],"picked":"Cold Snap","floor":1},{"not_picked":["Gash","Self Repair"],"picked":"Ball Lightning","floor":3},{"not_picked":["Hello World","Hologram"],"picked":"Steam","floor":5},{"not_picked":["Barrage","Rainbow"],"picked":"Go for the Eyes","floor":6},{"not_picked":["Conserve Battery","Leap"],"picked":"Go for the Eyes","floor":7},{"not_picked":["Barrage","Lockon"],"picked":"Echo Form","floor":8},{"not_picked":["Compile Driver","Ball Lightning"],"picked":"Glacier","floor":10},{"not_picked":["Doom and Gloom","Coolheaded"],"picked":"Chill","floor":14},{"not_picked":["Core Surge","Buffer"],"picked":"Creative AI","floor":16},{"not_picked":[],"picked":"Glacier+1","floor":18},{"not_picked":[],"picked":"Capacitor","floor":19},{"not_picked":["Rip and Tear+1"],"picked":"SKIP","floor":22},{"not_picked":[],"picked":"Capacitor+1","floor":25},{"not_picked":["Lockon"],"picked":"SKIP","floor":27},{"not_picked":[],"picked":"Chill","floor":28},{"not_picked":["Gash"],"picked":"Singing Bowl","floor":29},{"not_picked":["Stack"],"picked":"Singing Bowl","floor":31},{"not_picked":["Reboot"],"picked":"Singing Bowl","floor":33},{"not_picked":[],"picked":"White Noise+1","floor":35}],"player_experience":642139,"relics_obtained":[{"floor":6,"key":"Mercury Hourglass"},{"floor":8,"key":"Nunchaku"},{"floor":9,"key":"Mango"},{"floor":19,"key":"Pocketwatch"},{"floor":19,"key":"Matryoshka"},{"floor":26,"key":"Potion Belt"},{"floor":26,"key":"Sundial"},{"floor":27,"key":"Mummified Hand"},{"floor":29,"key":"Singing Bowl"}],"event_choices":[{"damage_healed":0,"gold_gain":0,"player_choice":"Upgraded","damage_taken":0,"max_hp_gain":0,"max_hp_loss":0,"event_name":"Upgrade Shrine","floor":2,"gold_loss":0,"cards_upgraded":["Zap"]},{"damage_healed":0,"gold_gain":0,"player_choice":"Box","damage_taken":0,"relics_obtained":["Bag of Marbles"],"max_hp_gain":0,"max_hp_loss":0,"event_name":"Big Fish","floor":4,"gold_loss":0,"cards_obtained":["Regret"]},{"cards_removed":["Regret"],"damage_healed":0,"gold_gain":0,"player_choice":"Card Removal","damage_taken":7,"max_hp_gain":0,"max_hp_loss":0,"event_name":"Golden Wing","floor":11,"gold_loss":0},{"damage_healed":0,"gold_gain":0,"player_choice":"Fight","damage_taken":0,"max_hp_gain":0,"max_hp_loss":0,"event_name":"Colosseum","floor":19,"gold_loss":0},{"damage_healed":0,"gold_gain":0,"player_choice":"Fought Nobs","damage_taken":0,"max_hp_gain":0,"max_hp_loss":0,"event_name":"Colosseum","floor":19,"gold_loss":0},{"damage_healed":0,"gold_gain":0,"player_choice":"Opened","damage_taken":0,"relics_obtained":["Orichalcum"],"max_hp_gain":0,"max_hp_loss":0,"event_name":"The Mausoleum","floor":20,"gold_loss":0,"cards_obtained":["Writhe"]},{"damage_healed":0,"gold_gain":0,"cards_transformed":["Strike_B"],"player_choice":"Transformed","damage_taken":0,"max_hp_gain":0,"max_hp_loss":0,"event_name":"Transmorgrifier","floor":24,"gold_loss":0,"cards_obtained":["Electrodynamics"]},{"damage_healed":0,"gold_gain":0,"player_choice":"Fight","damage_taken":0,"max_hp_gain":0,"max_hp_loss":0,"event_name":"Mysterious Sphere","floor":36,"gold_loss":0}],"is_beta":false,"boss_relics":[{"not_picked":["Black Star","Ectoplasm"],"picked":"Busted Crown"},{"not_picked":["Coffee Dripper","Philosopher\u0027s Stone"],"picked":"FrozenCore"}],"items_purged_floors":[21],"is_endless":false,"potions_floor_spawned":[1,3,7,10,19,25,28,31,33],"killed_by":"2 Orb Walkers","ascension_level":9}