{"path_per_floor":["M","?","M","M","M","E","?","E","T","M","R","?","R","M","R","B",null,"M","$","?","?","?","M","R","M","T","E","?","?","$","M","R","B",null,"M","T","?","M","?","R","E","R","T","M","M","?","?","M","R","B"],"character_chosen":"IRONCLAD","items_purchased":["Ice Cream","Infernal Blade"],"gold_per_floor":[112,287,302,322,332,365,365,390,439,458,458,458,458,471,471,595,595,595,210,210,210,135,135,135,135,135,135,135,85,52,52,52,52,52,52,52,52,52,52,52,52,52,52,52,52,52,52,52,52,52],"floor_reached":51,"campfire_rested":1,"playtime":4193,"current_hp_per_floor":[72,72,72,72,72,49,67,42,42,48,48,30,51,57,57,39,72,63,63,63,63,63,66,66,65,65,48,48,48,48,50,50,50,50,50,50,50,50,44,44,50,50,50,50,50,50,50,50,50,26],"items_purged":["Doubt"],"gold":52,"score":729,"play_id":"2f727dd9-d366-460c-88fa-ef832456aed3","local_time":"20180510153142","is_prod":false,"is_daily":false,"chose_seed":false,"is_ascension_mode":false,"campfire_upgraded":2,"timestamp":1525959102,"path_taken":["M","?","M","?","M","E","?","E","T","M","R","?","R","M","R","BOSS","M","$","?","?","?","M","R","M","T","E","?","?","$","M","R","BOSS","M","?","?","M","?","R","E","R","T","M","M","?","?","M","R","BOSS"],"build_version":"2018-05-03","seed_source_timestamp":0,"purchased_purges":1,"victory":true,"master_deck":["Defend_R","Defend_R","Defend_R","Bash+1","Shrug It Off","Armaments+1","Inflame","Iron Wave","Parasite","Demon Form+1","Heavy Blade","Shrug It Off","Iron Wave+1","Flex","Seeing Red","Battle Trance","Offering","Bite+1","Bite","Bite","Bite","Bite","Infernal Blade","Offering","Metallicize+1","Decay","Dual Wield+1","Madness","Madness","Pommel Strike+1","Infernal Blade","Rage","Fire Breathing+1"],"max_hp_per_floor":[72,72,72,72,72,72,72,72,72,72,72,72,72,72,72,72,72,72,72,72,72,72,72,72,72,72,72,50,50,50,50,50,50,50,50,50,50,50,50,50,50,50,50,50,50,50,50,50,50,50],"relics":["Burning Blood","Shovel","Juzu Bracelet","Mercury Hourglass","Prayer Wheel","Lantern","Ectoplasm","Ice Cream","Anchor","Mummified Hand","Question Card","Pantograph","Cursed Key","Pen Nib","Whetstone","Magic Flower","Tiny Chest","Bag of Marbles","Spirit Poop","Centennial Puzzle"],"card_choices":[{"not_picked":["Heavy Blade","True Grit"],"picked":"Shrug It Off","floor":1.0},{"not_picked":["Havoc","Hemokinesis"],"picked":"Armaments","floor":3.0},{"not_picked":["Uppercut","Cleave"],"picked":"Inflame","floor":4.0},{"not_picked":["Havoc","Clash"],"picked":"Iron Wave","floor":6.0},{"not_picked":["Power Through","Infernal Blade"],"picked":"Demon Form","floor":8.0},{"not_picked":["Shockwave","Armaments"],"picked":"Heavy Blade","floor":10.0},{"not_picked":["Clothesline","Power Through"],"picked":"Shrug It Off","floor":14.0},{"not_picked":["Armaments","Battle Trance"],"picked":"Iron Wave","floor":18.0},{"not_picked":["Power Through","Searing Blow"],"picked":"Flex","floor":23.0},{"not_picked":["Iron Wave","Second Wind"],"picked":"Seeing Red","floor":25.0},{"not_picked":["Blood for Blood","Perfected Strike"],"picked":"Battle Trance","floor":26.0},{"not_picked":["Clash","Havoc","Feel No Pain"],"picked":"Offering","floor":27.0},{"not_picked":["Demon Form","Impervious","Immolate"],"picked":"Offering","floor":33.0},{"not_picked":["Evolve","Reckless Charge","Rage"],"picked":"Metallicize","floor":35.0},{"not_picked":["True Grit","Thunderclap","Pommel Strike"],"picked":"Dual Wield","floor":36.0},{"not_picked":["Flex","Uppercut","True Grit"],"picked":"Pommel Strike","floor":41.0},{"not_picked":["Entrench","Anger","Havoc"],"picked":"Infernal Blade","floor":43.0},{"not_picked":["Pommel Strike","Clothesline","Entrench"],"picked":"Rage","floor":44.0},{"not_picked":["Immolate","True Grit","Warcry"],"picked":"Fire Breathing","floor":48.0}],"player_experience":93539,"potions_floor_usage":[50],"damage_taken":[{"damage":6.0,"enemies":"Jaw Worm","floor":1.0,"turns":6.0},{"damage":1.0,"enemies":"2 Louse","floor":3.0,"turns":3.0},{"damage":3.0,"enemies":"Cultist","floor":4.0,"turns":5.0},{"damage":0.0,"enemies":"Red Slaver","floor":5.0,"turns":5.0},{"damage":29.0,"enemies":"Gremlin Nob","floor":6.0,"turns":5.0},{"damage":31.0,"enemies":"3 Sentries","floor":8.0,"turns":11.0},{"damage":0.0,"enemies":"3 Louse","floor":10.0,"turns":3.0},{"damage":0.0,"enemies":"Large Slime","floor":14.0,"turns":5.0},{"damage":24.0,"enemies":"Hexaghost","floor":16.0,"turns":9.0},{"damage":15.0,"enemies":"Spheric Guardian","floor":18.0,"turns":5.0},{"damage":3.0,"enemies":"Shell Parasite","floor":23.0,"turns":5.0},{"damage":7.0,"enemies":"Centurion and Healer","floor":25.0,"turns":6.0},{"damage":23.0,"enemies":"Slavers","floor":27.0,"turns":5.0},{"damage":8.0,"enemies":"Slaver and Parasite","floor":31.0,"turns":4.0},{"damage":5.0,"enemies":"Champ","floor":33.0,"turns":6.0},{"damage":4.0,"enemies":"3 Shapes","floor":35.0,"turns":3.0},{"damage":8.0,"enemies":"3 Darklings","floor":38.0,"turns":4.0},{"damage":8.0,"enemies":"Giant Head","floor":41.0,"turns":5.0},{"damage":20.0,"enemies":"Sphere and 2 Shapes","floor":44.0,"turns":4.0},{"damage":22.0,"enemies":"Maw","floor":45.0,"turns":5.0},{"damage":10.0,"enemies":"3 Darklings","floor":48.0,"turns":2.0},{"damage":62,"enemies":"Time Eater","floor":50,"turns":9}],"event_choices":[{"event_name":"Liars Game","player_choice":"agreed","floor":2.0,"damage_taken":0.0},{"event_name":"Mushrooms","player_choice":"Healed and dodged fight","floor":7.0,"damage_taken":0.0},{"event_name":"Golden Idol","player_choice":"Take Damage","floor":12.0,"damage_taken":0.0},{"event_name":"The Mausoleum","player_choice":"Yes","floor":20.0,"damage_taken":0.0},{"event_name":"Ghosts","player_choice":"Ignored","floor":21.0,"damage_taken":0.0},{"event_name":"Beggar","player_choice":"Gave Gold","floor":22.0,"damage_taken":0.0},{"event_name":"Vampires","player_choice":"Became a vampire","floor":28.0,"damage_taken":0.0},{"event_name":"The Joust","player_choice":"Bet on Owner","floor":29.0,"damage_taken":0.0},{"event_name":"Winding Halls","player_choice":"Embrace Madness","floor":39.0,"damage_taken":0.0},{"event_name":"Bonfire Elementals","player_choice":"CURSE","floor":46.0,"damage_taken":0.0},{"event_name":"The Moai Head","player_choice":"Gave Idol","floor":47.0,"damage_taken":0.0}],"boss_relics":[],"potions_floor_spawned":[3,5,8,16,18,25,27,31,44,45],"seed_played":"-1107625237448373825","ascension_level":0,"is_trial":false}