{"gold_per_floor":[116,38,68,68,68,112,112,37,37,52,92,92,92,108,108,108],"floor_reached":16,"playtime":488,"items_purged":["Strike_G"],"score":157,"play_id":"c277d216-7b76-4d0f-9019-1197c31e0ed3","local_time":"20190129133111","is_ascension_mode":true,"campfire_choices":[{"data":"Sucker Punch","floor":7,"key":"SMITH"},{"data":"Flechettes","floor":13,"key":"SMITH"},{"floor":15,"key":"REST"}],"neow_cost":"NONE","seed_source_timestamp":1531070961438800,"circlet_count":0,"master_deck":["Defend_G","Defend_G","Defend_G","Defend_G","Defend_G","Strike_G","Strike_G","Strike_G","Survivor","Neutralize","Footwork","Caltrops","Sucker Punch+1","Flechettes+1","Caltrops","Calculated Gamble"],"relics":["Ring of the Snake","NeowsBlessing","Tiny Chest","Golden Idol","Boot","Blood Vial","Potion Belt"],"potions_floor_usage":[11],"damage_taken":[{"damage":0,"enemies":"2 Louse","floor":1,"turns":1},{"damage":0,"enemies":"Gremlin Nob","floor":6,"turns":1},{"damage":0,"enemies":"Jaw Worm","floor":10,"turns":1},{"damage":27,"enemies":"3 Sentries","floor":11,"turns":10},{"damage":0,"enemies":"Cultist","floor":14,"turns":3},{"damage":52,"enemies":"Slime Boss","floor":16,"turns":12}],"seed_played":"-45554158676486370","potions_obtained":[{"floor":6,"key":"EssenceOfSteel"},{"floor":11,"key":"SpeedPotion"},{"floor":14,"key":"Swift Potion"}],"is_trial":false,"path_per_floor":["M","$","?","$","?","E","R","$","T","M","E","?","R","M","R","B"],"character_chosen":"THE_SILENT","items_purchased":["Caltrops"],"campfire_rested":1,"item_purchase_floors":[2],"current_hp_per_floor":[70,70,67,67,50,50,50,50,50,52,27,27,27,29,50,0],"gold":108,"neow_bonus":"THREE_ENEMY_KILL","is_prod":false,"is_daily":false,"chose_seed":false,"campfire_upgraded":2,"win_rate":0,"timestamp":1548747071,"path_taken":["M","$","?","$","?","E","R","?","T","?","E","?","R","M","R","BOSS"],"build_version":"2019-01-23","purchased_purges":1,"victory":false,"max_hp_per_floor":[70,70,70,70,70,70,70,70,70,70,70,70,70,70,70,70],"card_choices":[{"not_picked":["Quick Slash","PiercingWail"],"picked":"Footwork","floor":1},{"not_picked":["Underhanded Strike","Slice"],"picked":"Sucker Punch","floor":6},{"not_picked":["Tactician","All Out Attack"],"picked":"Flechettes","floor":10},{"not_picked":["Prepared","Flechettes"],"picked":"Caltrops","floor":11},{"not_picked":["Sucker Punch","Slice"],"picked":"Calculated Gamble","floor":14}],"player_experience":684899,"relics_obtained":[{"floor":6,"key":"Boot"},{"floor":9,"key":"Blood Vial"},{"floor":11,"key":"Potion Belt"}],"event_choices":[{"damage_healed":0,"gold_gain":0,"player_choice":"Success","damage_taken":3,"relics_obtained":["Tiny Chest"],"max_hp_gain":0,"max_hp_loss":0,"event_name":"Scrap Ooze","floor":3,"gold_loss":0},{"damage_healed":0,"gold_gain":0,"player_choice":"Take Damage","damage_taken":17,"relics_obtained":["Golden Idol"],"max_hp_gain":0,"max_hp_loss":0,"event_name":"Golden Idol","floor":5,"gold_loss":0},{"cards_removed":["Strike_G"],"damage_healed":0,"gold_gain":0,"player_choice":"Forget","damage_taken":0,"max_hp_gain":0,"max_hp_loss":0,"event_name":"Living Wall","floor":12,"gold_loss":0}],"is_beta":false,"boss_relics":[],"items_purged_floors":[8],"is_endless":false,"potions_floor_spawned":[6,11,14],"killed_by":"Slime Boss","ascension_level":4}