{"path_per_floor":["M","?","$","M","M","R","E","R","T","$","E","$","R","M","R","B",null,"M","?","?","M","?"],"character_chosen":"IRONCLAD","items_purchased":[],"gold_per_floor":[118,118,43,56,76,76,105,105,105,5,31,31,31,45,45,145,145,155,155,155,170,170,170],"floor_reached":23,"campfire_rested":0,"playtime":1292,"current_hp_per_floor":[80,80,80,80,80,80,64,64,64,64,56,56,56,57,57,16,80,80,65,65,61,45,0],"items_purged":["Injury","Strike_R"],"gold":170,"score":197,"play_id":"8519d96a-42f9-458a-8f84-f573ba0083d7","local_time":"20180507151819","is_prod":false,"is_daily":false,"chose_seed":false,"is_ascension_mode":false,"campfire_upgraded":4,"timestamp":1525699099,"path_taken":["M","?","?","M","M","R","E","R","T","$","E","?","R","M","R","BOSS","M","?","?","M","?","E"],"build_version":"2018-05-03","seed_source_timestamp":0,"purchased_purges":2,"victory":false,"master_deck":["Strike_R","Strike_R","Strike_R","Defend_R","Defend_R","Defend_R","Defend_R","Bash","Twin Strike+1","Twin Strike+1","Twin Strike+1","Iron Wave+1","Cleave+1","Barricade+1","Armaments+1","Writhe","Cleave"],"max_hp_per_floor":[80,80,80,80,80,80,80,80,80,80,80,80,80,80,80,80,80,80,85,85,85,85,85],"relics":["Burning Blood","Gambling Chip","Frozen Egg 2","Dodecahedron","Sozu","Self Forming Clay"],"card_choices":[{"not_picked":["Heavy Blade","Disarm"],"picked":"Twin Strike","floor":1.0},{"not_picked":["Metallicize","Clothesline"],"picked":"Twin Strike","floor":4.0},{"not_picked":["True Grit","Burning Pact"],"picked":"Twin Strike","floor":7.0},{"not_picked":["Ghostly Armor","Dropkick"],"picked":"Iron Wave","floor":11.0},{"not_picked":["Twin Strike","Flex"],"picked":"Cleave","floor":14.0},{"not_picked":["Feed","Impervious"],"picked":"Barricade","floor":16.0},{"not_picked":["Wild Strike","Cleave"],"picked":"Armaments","floor":18},{"not_picked":["Anger","Evolve"],"picked":"Cleave","floor":21}],"player_experience":70893,"potions_floor_usage":[],"damage_taken":[{"damage":2.0,"enemies":"2 Louse","floor":1.0,"turns":3.0},{"damage":1.0,"enemies":"Cultist","floor":4.0,"turns":3.0},{"damage":6.0,"enemies":"Jaw Worm","floor":5.0,"turns":3.0},{"damage":22.0,"enemies":"3 Sentries","floor":7.0,"turns":8.0},{"damage":14.0,"enemies":"Gremlin Nob","floor":11.0,"turns":3.0},{"damage":5.0,"enemies":"Large Slime","floor":14.0,"turns":4.0},{"damage":47.0,"enemies":"Hexaghost","floor":16.0,"turns":11.0},{"damage":0,"enemies":"Shell Parasite","floor":18,"turns":4},{"damage":10,"enemies":"2 Thieves","floor":21,"turns":3},{"damage":49,"enemies":"Gremlin Leader","floor":23,"turns":3}],"event_choices":[{"event_name":"Accursed Blacksmith","player_choice":"Forge","floor":2.0,"damage_taken":0.0},{"event_name":"Forgotten Altar","player_choice":"Shed Blood","floor":19,"damage_taken":0},{"event_name":"The Mausoleum","player_choice":"Yes","floor":20,"damage_taken":0},{"event_name":"Cursed Tome","player_choice":"Obtained Book","floor":22,"damage_taken":0}],"boss_relics":[{"not_picked":["Philosopher\u0027s Stone","Snecko Eye"],"picked":"Sozu"}],"potions_floor_spawned":[4,14,21],"seed_played":"-2766205738395528576","killed_by":"Gremlin Leader","ascension_level":0,"is_trial":false}