{"gold_per_floor":[114,114,127,142,67,99,99,119,173,25,25,44,79,91,91,91],"floor_reached":16,"playtime":740,"items_purged":["Self Repair","Strike_B"],"score":179,"play_id":"400bd99e-4ddb-4bac-b451-3c431db39e6b","local_time":"20190122230408","is_ascension_mode":true,"campfire_choices":[{"data":"Streamline","floor":7,"key":"SMITH"},{"data":"Turbo","floor":11,"key":"SMITH"},{"floor":15,"key":"REST"}],"neow_cost":"NONE","seed_source_timestamp":299984727430942,"circlet_count":0,"master_deck":["AscendersBane","Strike_B","Strike_B","Strike_B","Defend_B","Defend_B","Defend_B","Zap","Dualcast","Meteor Strike","Self Repair","Leap","Streamline+1","Genetic Algorithm","Turbo+1","Double Energy","Conserve Battery","Leap"],"relics":["Cracked Core","Sundial","Dream Catcher","Smiling Mask"],"potions_floor_usage":[6,16],"damage_taken":[{"damage":10,"enemies":"Small Slimes","floor":1,"turns":4},{"damage":6,"enemies":"Cultist","floor":3,"turns":4},{"damage":0,"enemies":"2 Louse","floor":4,"turns":3},{"damage":45,"enemies":"Lagavulin","floor":6,"turns":9},{"damage":11,"enemies":"Gremlin Gang","floor":8,"turns":5},{"damage":0,"enemies":"2 Fungi Beasts","floor":12,"turns":3},{"damage":33,"enemies":"3 Sentries","floor":13,"turns":8},{"damage":7,"enemies":"Looter","floor":14,"turns":4},{"damage":36,"enemies":"Hexaghost","floor":16,"turns":9}],"seed_played":"-4779746785770906084","potions_obtained":[{"floor":1,"key":"Poison Potion"},{"floor":13,"key":"PowerPotion"}],"is_trial":false,"path_per_floor":["?","M","$","M"],"character_chosen":"DEFECT","items_purchased":["Turbo"],"campfire_rested":1,"item_purchase_floors":[10],"current_hp_per_floor":[58,58,66,75,75,37,37,33,33,33,33,40,14,14,36,0],"gold":91,"neow_bonus":"ONE_RANDOM_RARE_CARD","is_prod":false,"is_daily":false,"chose_seed":false,"campfire_upgraded":2,"win_rate":0,"timestamp":1548194648,"path_taken":["M","?","M","?","?","E","R","M","T","$","R","M","E","?","R","BOSS"],"build_version":"2019-01-20","purchased_purges":2,"victory":false,"max_hp_per_floor":[75,75,75,75,75,75,75,75,75,75,75,75,75,75,75,75],"card_choices":[{"not_picked":["Cold Snap","Ball Lightning"],"picked":"Self Repair","floor":1},{"not_picked":["Go for the Eyes","Compile Driver"],"picked":"Leap","floor":3},{"not_picked":["Rebound","Beam Cell","Reprogram"],"picked":"SKIP","floor":4},{"not_picked":["Hello World","Fission"],"picked":"Streamline","floor":6},{"not_picked":["Stack","Undo"],"picked":"Genetic Algorithm","floor":8},{"not_picked":["Gash","Streamline"],"picked":"Double Energy","floor":12},{"not_picked":["Stack","Consume"],"picked":"Conserve Battery","floor":13},{"not_picked":["Genetic Algorithm","Rip and Tear","Steam Power"],"picked":"SKIP","floor":14},{"not_picked":["Defragment","Genetic Algorithm"],"picked":"Leap","floor":15}],"player_experience":611565,"relics_obtained":[{"floor":6,"key":"Sundial"},{"floor":9,"key":"Dream Catcher"},{"floor":13,"key":"Smiling Mask"}],"event_choices":[{"damage_healed":0,"gold_gain":0,"cards_transformed":["Defend_B"],"player_choice":"Transformed","damage_taken":0,"max_hp_gain":0,"max_hp_loss":0,"event_name":"Transmorgrifier","floor":2,"gold_loss":0,"cards_obtained":["Self Repair"]}],"is_beta":true,"boss_relics":[],"items_purged_floors":[5,10],"is_endless":false,"potions_floor_spawned":[1,13],"killed_by":"Hexaghost","ascension_level":12}