{"gold_per_floor":[109,62,62,73,91,91,107,182,182,107,107,136,151,177,177,276,276,291,381,400,419,429,429,39,39,89,89,104,119,129,163,163,163],"floor_reached":33,"playtime":2642,"items_purged":["Strike_G","Strike_G"],"score":293,"play_id":"0b8ec3e5-8b7c-4a1f-ae76-0a453ebbc3dc","local_time":"20190201034419","is_ascension_mode":true,"campfire_choices":[{"data":"Blade Dance","floor":6.0,"key":"SMITH"},{"data":"Dodge and Roll","floor":11.0,"key":"SMITH"},{"data":"Blade Dance","floor":15.0,"key":"SMITH"},{"data":"Choke","floor":23.0,"key":"SMITH"},{"data":"Deflect","floor":27.0,"key":"SMITH"},{"floor":32.0,"key":"REST"}],"neow_cost":"NONE","seed_source_timestamp":1457364368713000,"circlet_count":0,"master_deck":["Defend_G","Defend_G","Defend_G","Defend_G","Defend_G","Strike_G","Strike_G","Strike_G","Survivor","Neutralize","Unload","Blade Dance+1","Blade Dance+1","Backflip","Dodge and Roll+1","Infinite Blades","PiercingWail","After Image","Cloak And Dagger+1","Deflect+1","Choke+1","Writhe","Normality","Choke"],"special_seed":0,"relics":["Ring of the Snake","Ninja Scroll","Gremlin Horn","Happy Flower","Cursed Key","Gambling Chip","Bag of Preparation","Smiling Mask","Ancient Tea Set"],"potions_floor_usage":[33],"damage_taken":[{"damage":4.0,"enemies":"2 Louse","floor":1.0,"turns":2.0},{"damage":2.0,"enemies":"Cultist","floor":4.0,"turns":4.0},{"damage":1.0,"enemies":"Small Slimes","floor":5.0,"turns":3.0},{"damage":4.0,"enemies":"Exordium Wildlife","floor":7.0,"turns":3.0},{"damage":9.0,"enemies":"Lagavulin","floor":12.0,"turns":5.0},{"damage":0.0,"enemies":"Exordium Thugs","floor":13.0,"turns":3.0},{"damage":4.0,"enemies":"3 Sentries","floor":14.0,"turns":6.0},{"damage":14.0,"enemies":"Hexaghost","floor":16.0,"turns":13.0},{"damage":0.0,"enemies":"Chosen","floor":18.0,"turns":5.0},{"damage":0.0,"enemies":"3 Byrds","floor":20.0,"turns":4.0},{"damage":14.0,"enemies":"Cultist and Chosen","floor":21.0,"turns":9.0},{"damage":0.0,"enemies":"Snake Plant","floor":22.0,"turns":9.0},{"damage":0.0,"enemies":"Shelled Parasite and Fungi","floor":28.0,"turns":4.0},{"damage":0.0,"enemies":"Chosen and Byrds","floor":29.0,"turns":5.0},{"damage":12.0,"enemies":"Centurion and Healer","floor":30.0,"turns":6.0},{"damage":22.0,"enemies":"Slavers","floor":31.0,"turns":7.0},{"damage":45,"enemies":"Champ","floor":33,"turns":11}],"seed_played":"-7798095917919714077","potions_obtained":[{"floor":3.0,"key":"PowerPotion"},{"floor":3.0,"key":"Poison Potion"},{"floor":3.0,"key":"Fire Potion"},{"floor":12.0,"key":"Fire Potion"},{"floor":13.0,"key":"AttackPotion"},{"floor":16.0,"key":"SteroidPotion"},{"floor":20.0,"key":"Weak Potion"},{"floor":28.0,"key":"Strength Potion"},{"floor":31.0,"key":"GhostInAJar"}],"is_trial":false,"path_per_floor":["M","$","?","M","M","R","M","?","T","$","R","E","M","E","R","B",null,"M","?","M","M","M","R","$","?","T","R","M","M","M","E","R","B"],"character_chosen":"THE_SILENT","items_purchased":["Blade Dance","Gambling Chip"],"campfire_rested":1,"item_purchase_floors":[2,24],"current_hp_per_floor":[66,66,66,64,63,63,59,48,48,48,48,39,39,35,35,21,70,70,56,56,42,42,42,42,42,42,42,42,42,30,8,29,0],"gold":163,"neow_bonus":"ONE_RANDOM_RARE_CARD","is_prod":false,"is_daily":false,"chose_seed":false,"campfire_upgraded":5,"win_rate":0,"timestamp":1549010659,"path_taken":["M","$","?","M","?","R","M","?","T","?","R","E","?","E","R","BOSS","M","?","M","?","M","R","$","?","T","R","M","M","M","E","R","BOSS"],"build_version":"2019-01-23","purchased_purges":2,"victory":false,"max_hp_per_floor":[70,70,70,70,70,70,70,70,70,70,70,70,70,70,70,70,70,70,70,70,70,70,70,70,70,70,70,70,70,70,70,70,70],"card_choices":[{"not_picked":["Deflect","Dodge and Roll"],"picked":"Blade Dance","floor":1.0},{"not_picked":["Noxious Fumes","Underhanded Strike","Deadly Poison"],"picked":"SKIP","floor":4.0},{"not_picked":["Calculated Gamble","Caltrops"],"picked":"Backflip","floor":5.0},{"not_picked":["Caltrops","Prepared"],"picked":"Dodge and Roll","floor":7.0},{"not_picked":["Reflex","Heel Hook"],"picked":"Infinite Blades","floor":12.0},{"not_picked":["Acrobatics","Prepared","Setup"],"picked":"SKIP","floor":13.0},{"not_picked":["Cloak And Dagger","Outmaneuver"],"picked":"PiercingWail","floor":14.0},{"not_picked":["Malaise","Storm of Steel"],"picked":"After Image","floor":16.0},{"not_picked":["Masterful Stab","Outmaneuver","Underhanded Strike+1"],"picked":"SKIP","floor":18.0},{"not_picked":["Eviscerate+1","Bouncing Flask"],"picked":"Cloak And Dagger+1","floor":20.0},{"not_picked":["Caltrops","Dodge and Roll"],"picked":"Deflect","floor":21.0},{"not_picked":["Blur","Backflip"],"picked":"Choke","floor":22.0},{"not_picked":["Dash+1","PiercingWail","Sucker Punch"],"picked":"SKIP","floor":28.0},{"not_picked":["Calculated Gamble+1","Venomology"],"picked":"Choke","floor":29.0},{"not_picked":["Backflip+1","Dagger Spray","Backstab"],"picked":"SKIP","floor":30.0},{"not_picked":["Tactician","Endless Agony","Blur"],"picked":"SKIP","floor":31.0}],"player_experience":178563,"relics_obtained":[{"floor":9.0,"key":"Ninja Scroll"},{"floor":12.0,"key":"Gremlin Horn"},{"floor":14.0,"key":"Happy Flower"},{"floor":26.0,"key":"Smiling Mask"},{"floor":31.0,"key":"Ancient Tea Set"}],"event_choices":[{"damage_healed":0.0,"max_hp_gain":0.0,"max_hp_loss":0.0,"gold_gain":0.0,"event_name":"Lab","player_choice":"Got Potions","floor":3.0,"gold_loss":0.0,"damage_taken":0.0},{"damage_healed":0.0,"max_hp_gain":0.0,"max_hp_loss":0.0,"gold_gain":75.0,"event_name":"World of Goop","player_choice":"Gather Gold","floor":8.0,"gold_loss":0.0,"damage_taken":11.0},{"damage_healed":0.0,"max_hp_gain":0.0,"max_hp_loss":0.0,"gold_gain":90.0,"event_name":"Knowing Skull","player_choice":"GOLD ","floor":19.0,"potions_obtained":[],"gold_loss":0.0,"damage_taken":14.0,"cards_obtained":[]},{"damage_healed":0.0,"max_hp_gain":0.0,"max_hp_loss":0.0,"gold_gain":0.0,"event_name":"The Mausoleum","player_choice":"Opened","floor":25.0,"gold_loss":0.0,"damage_taken":0.0,"relics_obtained":["Bag of Preparation"],"cards_obtained":["Writhe"]}],"is_beta":false,"boss_relics":[{"not_picked":["Orrery","Empty Cage"],"picked":"Cursed Key"}],"items_purged_floors":[10,24],"is_endless":false,"potions_floor_spawned":[5,7,12,13,16,20,28,31],"killed_by":"Champ","ascension_level":1}