{"gold_per_floor":[119,194,144,157,157,157,171,186,258,258,283,295,295,305,305,401,401,384,100,119,119,135,165,165,190,190,37,54,54,71,71,71,71],"floor_reached":33,"playtime":2140,"items_purged":["Strike_G"],"score":287,"play_id":"a4ab92e5-30de-4994-aaca-ef6b0dc4e462","local_time":"20190129031342","is_ascension_mode":false,"campfire_choices":[{"data":"Flying Knee","floor":6,"key":"SMITH"},{"data":"Dagger Spray","floor":10,"key":"SMITH"},{"data":"Dodge and Roll","floor":13,"key":"SMITH"},{"data":"Sucker Punch","floor":15,"key":"SMITH"},{"data":"Apotheosis","floor":24,"key":"SMITH"},{"floor":29,"key":"REST"},{"floor":32,"key":"REST"}],"neow_cost":"NONE","seed_source_timestamp":1197128148826000,"circlet_count":0,"master_deck":["Defend_G","Defend_G","Defend_G","Defend_G","Defend_G","Strike_G","Strike_G","Survivor","Neutralize","Sucker Punch","Flying Knee+1","Dagger Spray+1","Malaise","Sucker Punch+1","Dodge and Roll+1","Prepared","Burst","Backstab","Apotheosis+1","Dash","Bouncing Flask","Quick Slash+1","Backflip","Die Die Die"],"relics":["Ring of the Snake","Pantograph","Bronze Scales","HoveringKite","Bag of Marbles","Ninja Scroll","Gambling Chip","Anchor"],"potions_floor_usage":[11,16,16,22,25,25],"damage_taken":[{"damage":0,"enemies":"2 Louse","floor":1,"turns":3},{"damage":0,"enemies":"Small Slimes","floor":4,"turns":4},{"damage":0,"enemies":"Jaw Worm","floor":7,"turns":4},{"damage":0,"enemies":"2 Fungi Beasts","floor":8,"turns":3},{"damage":18,"enemies":"3 Sentries","floor":11,"turns":10},{"damage":6,"enemies":"Exordium Thugs","floor":12,"turns":4},{"damage":0,"enemies":"Exordium Wildlife","floor":14,"turns":2},{"damage":48,"enemies":"Slime Boss","floor":16,"turns":17},{"damage":4,"enemies":"2 Thieves","floor":18,"turns":5},{"damage":0,"enemies":"Chosen","floor":20,"turns":5},{"damage":36,"enemies":"Centurion and Healer","floor":22,"turns":10},{"damage":11,"enemies":"Book of Stabbing","floor":23,"turns":7},{"damage":3,"enemies":"Gremlin Leader","floor":25,"turns":6},{"damage":9,"enemies":"Cultist and Chosen","floor":28,"turns":4},{"damage":5,"enemies":"Snecko","floor":30,"turns":4},{"damage":80,"enemies":"Automaton","floor":33,"turns":8}],"seed_played":"-5440156756588439984","potions_obtained":[{"floor":4,"key":"Fire Potion"},{"floor":8,"key":"FearPotion"},{"floor":11,"key":"SkillPotion"},{"floor":12,"key":"GhostInAJar"},{"floor":18,"key":"GamblersBrew"},{"floor":20,"key":"Swift Potion"},{"floor":23,"key":"PowerPotion"}],"is_trial":false,"path_per_floor":["M","?","?","M","?","R","M","M","T","R","E","M","R","M","R","B",null,"M","$","M","?","M","E","R","E","T","$","M","R","M","?","R","B"],"character_chosen":"THE_SILENT","items_purchased":["Apotheosis","Dash","Anchor"],"campfire_rested":2,"item_purchase_floors":[19,19,27],"current_hp_per_floor":[70,59,59,59,64,64,64,64,64,64,46,40,40,40,40,17,75,71,71,71,71,35,24,24,21,21,21,12,34,29,29,51,0],"gold":71,"neow_bonus":"REMOVE_CARD","is_prod":false,"is_daily":false,"chose_seed":false,"campfire_upgraded":5,"win_rate":0.0,"timestamp":1548749622,"path_taken":["M","?","?","M","?","R","M","M","T","R","E","M","R","M","R","BOSS","M","$","M","?","M","E","R","E","T","$","M","R","M","?","R","BOSS"],"build_version":"2019-01-23","purchased_purges":1,"victory":false,"max_hp_per_floor":[70,70,70,70,75,75,75,75,75,75,75,75,75,75,75,75,75,75,75,75,75,75,75,75,75,75,75,75,75,75,75,75,75],"card_choices":[{"not_picked":["Crippling Poison","Underhanded Strike"],"picked":"Sucker Punch","floor":1},{"not_picked":["Leg Sweep","Dodge and Roll"],"picked":"Flying Knee","floor":4},{"not_picked":["PiercingWail","Predator"],"picked":"Dagger Spray","floor":7},{"not_picked":["All Out Attack","Endless Agony"],"picked":"Malaise","floor":8},{"not_picked":["Storm of Steel","Escape Plan"],"picked":"Sucker Punch","floor":11},{"not_picked":["Slice","Sucker Punch"],"picked":"Dodge and Roll","floor":12},{"not_picked":["Storm of Steel","Crippling Poison"],"picked":"Prepared","floor":14},{"not_picked":["Malaise","Venomology"],"picked":"Burst","floor":16},{"not_picked":["Deadly Poison+1","Dodge and Roll"],"picked":"Backstab","floor":18},{"not_picked":["Outmaneuver","PiercingWail"],"picked":"Bouncing Flask","floor":20},{"not_picked":["Dagger Throw+1","Dodge and Roll"],"picked":"Quick Slash+1","floor":22},{"not_picked":["Storm of Steel","Corpse Explosion"],"picked":"Backflip","floor":23},{"not_picked":["Dagger Spray+1","Catalyst"],"picked":"Die Die Die","floor":25},{"not_picked":["Dash","Finisher","PiercingWail"],"picked":"SKIP","floor":28},{"not_picked":["Dagger Throw+1","PiercingWail","Tactician"],"picked":"SKIP","floor":30}],"player_experience":72344,"relics_obtained":[{"floor":9,"key":"Pantograph"},{"floor":11,"key":"Bronze Scales"},{"floor":23,"key":"Bag of Marbles"},{"floor":25,"key":"Ninja Scroll"},{"floor":26,"key":"Gambling Chip"}],"event_choices":[{"damage_healed":0,"gold_gain":75,"player_choice":"Gather Gold","damage_taken":11,"max_hp_gain":0,"max_hp_loss":0,"event_name":"World of Goop","floor":2,"gold_loss":0},{"cards_removed":["Strike_G"],"damage_healed":0,"gold_gain":0,"player_choice":"Card Removal","damage_taken":0,"max_hp_gain":0,"max_hp_loss":0,"event_name":"The Cleric","floor":3,"gold_loss":50},{"damage_healed":0,"gold_gain":0,"player_choice":"Donut","damage_taken":0,"max_hp_gain":5,"max_hp_loss":0,"event_name":"Big Fish","floor":5,"gold_loss":0},{"damage_healed":0,"gold_gain":0,"player_choice":"Ignored","damage_taken":0,"max_hp_gain":0,"max_hp_loss":0,"event_name":"Vampires","floor":21,"gold_loss":0}],"is_beta":false,"boss_relics":[{"not_picked":["Fusion Hammer","Cursed Key"],"picked":"HoveringKite"}],"items_purged_floors":[19],"is_endless":false,"potions_floor_spawned":[4,8,11,12,18,20,23],"killed_by":"Automaton","ascension_level":0}