{"gold_per_floor":[11,22,22,22,22,22,32,43,122,122,139,139,139,156,156,228,228,243,243,243,243,263,263,53,53,53,69,69,69],"floor_reached":29,"playtime":1111,"items_purged":[],"score":419,"play_id":"d5ca373d-e596-4a92-9567-1b1ded37af0e","local_time":"20190203123613","is_ascension_mode":true,"campfire_choices":[{"data":"Battle Trance","floor":6,"key":"SMITH"},{"data":"Fire Breathing","floor":10,"key":"SMITH"},{"data":"Burning Pact","floor":12,"key":"SMITH"},{"data":"Inflame","floor":15,"key":"SMITH"},{"floor":23,"key":"REST"},{"data":"Armaments","floor":25,"key":"SMITH"}],"neow_cost":"NO_GOLD","seed_source_timestamp":1298774859780753,"circlet_count":0,"master_deck":["AscendersBane","Strike_R","Strike_R","Strike_R","Strike_R","Defend_R","Defend_R","Defend_R","Defend_R","Bash","Battle Trance+1","Anger+1","Burning Pact+1","Fire Breathing+1","Anger","Inflame+1","Brutality","Armaments+1","Writhe","Pommel Strike","Havoc","Ghostly Armor"],"relics":["Burning Blood","Bird Faced Urn","Pear","Mark of Pain","Strawberry","Enchiridion","Bag of Marbles","Torii"],"potions_floor_usage":[22,22,27,29],"damage_taken":[{"damage":2,"enemies":"2 Louse","floor":1,"turns":4},{"damage":4,"enemies":"Jaw Worm","floor":2,"turns":4},{"damage":1,"enemies":"Cultist","floor":7,"turns":3},{"damage":6,"enemies":"2 Fungi Beasts","floor":8,"turns":4},{"damage":22,"enemies":"Exordium Thugs","floor":11,"turns":5},{"damage":14,"enemies":"Large Slime","floor":14,"turns":5},{"damage":49,"enemies":"Hexaghost","floor":16,"turns":6},{"damage":20,"enemies":"Spheric Guardian","floor":18,"turns":4},{"damage":13,"enemies":"3 Byrds","floor":22,"turns":4},{"damage":64,"enemies":"Snecko","floor":27,"turns":5},{"damage":15,"enemies":"Colosseum Slavers","floor":29,"turns":1}],"seed_played":"-8827498973262912127","potions_obtained":[{"floor":1,"key":"LiquidBronze"},{"floor":8,"key":"Swift Potion"},{"floor":16,"key":"Poison Potion"},{"floor":22,"key":"PowerPotion"},{"floor":27,"key":"PowerPotion"}],"is_trial":false,"path_per_floor":["M","M","?","?","$","R","M","M","T","R","M","R","?","M","R","B",null,"M","?","?","?","M","R","$","R","T","M","?","?"],"character_chosen":"IRONCLAD","items_purchased":["Havoc","Bag of Marbles"],"campfire_rested":1,"item_purchase_floors":[24,24],"current_hp_per_floor":[72,74,79,79,79,79,80,80,90,90,74,74,74,68,68,29,75,67,74,53,24,25,55,55,55,55,7,7,0],"gold":69,"neow_bonus":"ONE_RARE_RELIC","is_prod":false,"is_daily":false,"chose_seed":false,"campfire_upgraded":5,"win_rate":0,"timestamp":1549193773,"path_taken":["M","M","?","?","?","R","M","M","T","R","?","R","?","M","R","BOSS","M","?","?","?","M","R","$","R","T","M","?","?"],"build_version":"2019-01-23","purchased_purges":0,"victory":false,"max_hp_per_floor":[75,75,80,80,80,80,80,80,90,90,90,90,90,90,90,90,90,90,97,97,102,102,102,102,102,102,102,102,102],"card_choices":[{"not_picked":["Spot Weakness","Warcry"],"picked":"Battle Trance","floor":1},{"not_picked":["Twin Strike","Corruption"],"picked":"Anger","floor":2},{"not_picked":["Sentinel","Anger"],"picked":"Burning Pact","floor":7},{"not_picked":["Clash","Burning Pact"],"picked":"Fire Breathing","floor":8},{"not_picked":["Warcry","Heavy Blade"],"picked":"Anger","floor":11},{"not_picked":["Whirlwind","Ghostly Armor"],"picked":"Inflame","floor":14},{"not_picked":["Impervious","Berserk"],"picked":"Brutality","floor":16},{"not_picked":["Headbutt","Cleave"],"picked":"Armaments","floor":18},{"not_picked":["Second Wind","True Grit"],"picked":"Pommel Strike","floor":22},{"not_picked":["Dropkick","Thunderclap"],"picked":"Ghostly Armor","floor":27}],"player_experience":689576,"relics_obtained":[{"floor":9,"key":"Pear"},{"floor":20,"key":"Enchiridion"},{"floor":26,"key":"Torii"}],"event_choices":[{"damage_healed":0,"gold_gain":0,"player_choice":"Donut","damage_taken":0,"max_hp_gain":5,"max_hp_loss":0,"event_name":"Big Fish","floor":3,"gold_loss":0},{"cards_removed":["Strike_R"],"damage_healed":0,"gold_gain":0,"player_choice":"Forget","damage_taken":0,"max_hp_gain":0,"max_hp_loss":0,"event_name":"Living Wall","floor":4,"gold_loss":0},{"damage_healed":0,"gold_gain":0,"player_choice":"Upgraded","damage_taken":0,"max_hp_gain":0,"max_hp_loss":0,"event_name":"Upgrade Shrine","floor":13,"gold_loss":0,"cards_upgraded":["Anger"]},{"damage_healed":0,"gold_gain":0,"player_choice":"Opened","damage_taken":0,"relics_obtained":["Strawberry"],"max_hp_gain":0,"max_hp_loss":0,"event_name":"The Mausoleum","floor":19,"gold_loss":0,"cards_obtained":["Writhe"]},{"damage_healed":0,"gold_gain":0,"player_choice":"Obtained Book","damage_taken":21,"max_hp_gain":0,"max_hp_loss":0,"event_name":"Cursed Tome","floor":20,"gold_loss":0},{"damage_healed":0,"gold_gain":0,"player_choice":"Shed Blood","damage_taken":34,"max_hp_gain":5,"max_hp_loss":0,"event_name":"Forgotten Altar","floor":21,"gold_loss":0},{"damage_healed":0,"gold_gain":0,"player_choice":"Fight","damage_taken":0,"max_hp_gain":0,"max_hp_loss":0,"event_name":"Colosseum","floor":29,"gold_loss":0}],"is_beta":true,"boss_relics":[{"not_picked":["Runic Dome","Empty Cage"],"picked":"Mark of Pain"}],"items_purged_floors":[],"is_endless":false,"potions_floor_spawned":[1,8,16,22,27],"killed_by":"Colosseum Slavers","ascension_level":17}