{"gold_per_floor":[116,136,14,29,47,47,122,122,122,136,106,106,122,134,134,229,229,247,260,260,11,0,0,20,20,20,37,307,319,339,350,350,350],"floor_reached":33,"playtime":2744,"items_purged":["Strike_R","Strike_R"],"score":255,"play_id":"ad0d4a97-982a-4464-aa0b-d8e850bc3008","local_time":"20181110111104","is_ascension_mode":true,"campfire_choices":[{"floor":6,"key":"RECALL"},{"data":"Armaments","floor":8,"key":"SMITH"},{"data":"Anger","floor":12,"key":"SMITH"},{"data":"Pommel Strike","floor":15,"key":"SMITH"},{"data":"Bash","floor":23,"key":"SMITH"},{"data":"Anger","floor":25,"key":"SMITH"},{"floor":32,"key":"REST"}],"neow_cost":"NONE","seed_source_timestamp":260294549737182,"circlet_count":0,"master_deck":["Strike_R","Defend_R","Defend_R","Defend_R","Bash+1","Dramatic Entrance","Anger+1","Fire Breathing","Shrug It Off","Pommel Strike+1","Armaments+1","Reaper","Infernal Blade","Spot Weakness","Offering+1","Carnage+1","Pummel+1","Second Wind+1","Infernal Blade","Anger+1","Shrug It Off","Flame Barrier","Warcry+1","Battle Trance"],"relics":["Burning Blood","Astrolabe","Membership Card","Mercury Hourglass"],"potions_floor_usage":[11,27,29,33,33],"damage_taken":[{"damage":2,"enemies":"2 Louse","floor":1,"turns":2},{"damage":1,"enemies":"Jaw Worm","floor":2,"turns":3},{"damage":1,"enemies":"Cultist","floor":4,"turns":4},{"damage":0,"enemies":"Exordium Wildlife","floor":5,"turns":2},{"damage":0,"enemies":"Exordium Thugs","floor":10,"turns":4},{"damage":8,"enemies":"Large Slime","floor":13,"turns":3},{"damage":4,"enemies":"2 Fungi Beasts","floor":14,"turns":3},{"damage":34,"enemies":"The Guardian","floor":16,"turns":8},{"damage":33,"enemies":"2 Thieves","floor":18,"turns":4},{"damage":16,"enemies":"Shell Parasite","floor":19,"turns":4},{"damage":6,"enemies":"Snecko","floor":24,"turns":3},{"damage":6,"enemies":"Shelled Parasite and Fungi","floor":27,"turns":4},{"damage":9,"enemies":"Snake Plant","floor":29,"turns":3},{"damage":23,"enemies":"Sentry and Sphere","floor":30,"turns":4},{"damage":9,"enemies":"Centurion and Healer","floor":31,"turns":3},{"damage":44,"enemies":"Champ","floor":33,"turns":5}],"seed_played":"6042299630898619141","potions_obtained":[{"floor":2,"key":"SpeedPotion"},{"floor":11,"key":"SpeedPotion"},{"floor":11,"key":"Fruit Juice"},{"floor":14,"key":"Strength Potion"},{"floor":16,"key":"Block Potion"},{"floor":29,"key":"Energy Potion"},{"floor":30,"key":"PowerPotion"}],"is_trial":false,"path_per_floor":["M","M","$","M","M","R","?","R","T","M","?","R","M","M","R","B",null,"M","M","?","$","?","R","M","R","T","M","?","M","M","M","R","B"],"character_chosen":"IRONCLAD","items_purchased":["Shrug It Off","Membership Card"],"campfire_rested":1,"item_purchase_floors":[3,21],"current_hp_per_floor":[80,80,80,80,80,80,69,69,69,75,80,80,78,85,85,67,85,68,58,58,58,58,58,64,64,64,64,32,29,12,9,34,0],"gold":350,"neow_bonus":"RANDOM_COLORLESS","is_prod":false,"is_daily":false,"chose_seed":false,"campfire_upgraded":5,"win_rate":1,"timestamp":1541844664,"path_taken":["M","M","$","M","M","R","?","R","T","M","?","R","?","M","R","BOSS","M","M","?","?","?","R","?","R","T","M","?","M","?","M","R","BOSS"],"build_version":"2018-11-08","purchased_purges":2,"victory":false,"max_hp_per_floor":[80,80,80,80,80,80,80,80,80,80,85,85,85,85,85,85,85,85,85,85,85,85,85,85,85,85,85,85,85,85,85,85,85],"card_choices":[{"not_picked":["Rage","Sword Boomerang"],"picked":"Anger","floor":1},{"not_picked":["Heavy Blade","Sword Boomerang"],"picked":"Fire Breathing","floor":2},{"not_picked":["Flex","Anger"],"picked":"Pommel Strike","floor":4},{"not_picked":["Dropkick","Pommel Strike"],"picked":"Armaments","floor":5},{"not_picked":["Cleave","Iron Wave"],"picked":"Reaper","floor":10},{"not_picked":["Pummel","Pommel Strike"],"picked":"Infernal Blade","floor":13},{"not_picked":["Body Slam","Clothesline"],"picked":"Spot Weakness","floor":14},{"not_picked":["Brutality","Berserk"],"picked":"Offering","floor":16},{"not_picked":["Heavy Blade+1","Headbutt"],"picked":"Infernal Blade","floor":18},{"not_picked":["Second Wind","Body Slam"],"picked":"Anger","floor":19},{"not_picked":["Thunderclap","Hemokinesis"],"picked":"Shrug It Off","floor":24},{"not_picked":["Whirlwind","Combust"],"picked":"Flame Barrier","floor":27},{"not_picked":["True Grit","Blood for Blood","Pummel"],"picked":"SKIP","floor":29},{"not_picked":["Fire Breathing","Dual Wield"],"picked":"Warcry+1","floor":30},{"not_picked":["Pommel Strike+1","Whirlwind"],"picked":"Battle Trance","floor":31}],"player_experience":15277,"relics_obtained":[{"floor":26,"key":"Mercury Hourglass"}],"event_choices":[{"damage_healed":0,"gold_gain":75,"player_choice":"Gather Gold","damage_taken":11,"max_hp_gain":0,"max_hp_loss":0,"event_name":"World of Goop","floor":7,"gold_loss":0},{"damage_healed":0,"gold_gain":0,"player_choice":"Bought 2 Potions","damage_taken":0,"max_hp_gain":0,"max_hp_loss":0,"event_name":"The Woman in Blue","floor":11,"gold_loss":0},{"damage_healed":0,"gold_gain":0,"player_choice":"Upgraded","damage_taken":0,"max_hp_gain":0,"max_hp_loss":0,"event_name":"Upgrade Shrine","floor":20,"gold_loss":0,"cards_upgraded":["Offering"]},{"damage_healed":0,"gold_gain":0,"player_choice":"Paid Fearfully","damage_taken":0,"max_hp_gain":0,"max_hp_loss":0,"event_name":"Masked Bandits","floor":22,"gold_loss":11},{"damage_healed":0,"gold_gain":270,"player_choice":"GOLD GOLD GOLD ","damage_taken":32,"max_hp_gain":0,"max_hp_loss":0,"event_name":"Knowing Skull","floor":28,"potions_obtained":[],"gold_loss":0,"cards_obtained":[]}],"is_beta":true,"boss_relics":[{"not_picked":["Coffee Dripper","Eternal Feather"],"picked":"Astrolabe"}],"items_purged_floors":[3,21],"is_endless":false,"potions_floor_spawned":[2,14,16,29,30],"killed_by":"Champ","ascension_level":1}