{"gold_per_floor":[362,362,375,3,3,31,45,78,101,101,129,129,129,149,149,248,298,309,319,319,65,81,106,116,134,160,260,86,86,86],"floor_reached":30,"playtime":1768,"items_purged":["Parasite","Strike_R","Strike_R"],"score":375,"play_id":"01a67eaf-d3ec-404b-8f28-b9639cf8f2f3","local_time":"20181014102129","is_ascension_mode":true,"campfire_choices":[{"data":"Rampage","floor":10,"key":"SMITH"},{"data":"Shrug It Off","floor":12,"key":"SMITH"},{"floor":15,"key":"REST"}],"neow_cost":"CURSE","seed_source_timestamp":352372781815559,"circlet_count":0,"master_deck":["Strike_R","Strike_R+1","Strike_R+1","Defend_R","Defend_R","Defend_R","Defend_R","Bash+1","Iron Wave","Rampage+1","Flash of Steel","Finesse","Power Through+1","Shrug It Off+1","Headbutt","Double Tap","Shrug It Off","Whirlwind+1","Warcry","Warcry"],"relics":["Burning Blood","Medical Kit","Pen Nib","Strawberry","Juzu Bracelet","Boot","Tiny House","Anchor","Ornamental Fan","Potion Belt"],"potions_floor_usage":[8,16,19,23,24,24],"damage_taken":[{"damage":7,"enemies":"2 Louse","floor":1,"turns":4},{"damage":1,"enemies":"Cultist","floor":3,"turns":3},{"damage":38,"enemies":"Lagavulin","floor":6,"turns":5},{"damage":0,"enemies":"Jaw Worm","floor":7,"turns":4},{"damage":8,"enemies":"Gremlin Nob","floor":8,"turns":3},{"damage":25,"enemies":"Lagavulin","floor":11,"turns":6},{"damage":6,"enemies":"3 Louse","floor":14,"turns":3},{"damage":5,"enemies":"Slime Boss","floor":16,"turns":10},{"damage":1,"enemies":"Spheric Guardian","floor":18,"turns":3},{"damage":12,"enemies":"Shell Parasite","floor":19,"turns":4},{"damage":8,"enemies":"Centurion and Healer","floor":22,"turns":7},{"damage":31,"enemies":"Gremlin Leader","floor":23,"turns":9},{"damage":34,"enemies":"Chosen and Byrds","floor":24,"turns":7},{"damage":0,"enemies":"Snake Plant","floor":25,"turns":3},{"damage":39,"enemies":"Book of Stabbing","floor":30,"turns":6}],"seed_played":"1670592988422839191","potions_obtained":[{"floor":6,"key":"BloodPotion"},{"floor":7,"key":"FearPotion"},{"floor":11,"key":"SkillPotion"},{"floor":14,"key":"GamblersBrew"},{"floor":16,"key":"Fire Potion"},{"floor":19,"key":"Block Potion"}],"is_trial":false,"path_per_floor":["M","?","M","$","?","E","M","E","T","R","E","R","?","M","R","B",null,"M","M","?","$","M","E","M","M","T","?","$","?"],"character_chosen":"IRONCLAD","items_purchased":["Medical Kit","Finesse","Anchor","Warcry"],"campfire_rested":1,"item_purchase_floors":[4,4,21,28],"current_hp_per_floor":[71,71,76,76,61,29,35,40,40,40,21,21,21,21,46,47,80,85,79,79,79,77,52,32,38,38,38,38,38,0],"gold":86,"neow_bonus":"TWO_FIFTY_GOLD","is_prod":false,"is_daily":false,"chose_seed":false,"campfire_upgraded":2,"win_rate":0,"timestamp":1539505289,"path_taken":["M","?","M","$","?","E","M","E","T","R","E","R","?","M","R","BOSS","M","M","?","$","M","E","M","M","T","?","$","?","E"],"build_version":"2018-10-11","purchased_purges":3,"victory":false,"max_hp_per_floor":[80,80,80,77,77,77,77,84,84,84,84,84,84,84,84,84,89,89,89,89,89,89,89,89,89,89,89,89,89,89],"card_choices":[{"not_picked":["Warcry","Bloodletting"],"picked":"Iron Wave","floor":1},{"not_picked":["Carnage","Hemokinesis","Searing Blow"],"picked":"SKIP","floor":3},{"not_picked":["Bloodletting","Perfected Strike"],"picked":"Power Through","floor":6},{"not_picked":["Armaments","Clash"],"picked":"Shrug It Off","floor":7},{"not_picked":["Body Slam","True Grit","Heavy Blade"],"picked":"SKIP","floor":8},{"not_picked":["Evolve","Pummel"],"picked":"Headbutt","floor":11},{"not_picked":["Clash","Headbutt","Body Slam"],"picked":"SKIP","floor":14},{"not_picked":["Exhume","Bludgeon"],"picked":"Double Tap","floor":16},{"not_picked":["Sword Boomerang","Warcry"],"picked":"Shrug It Off","floor":17},{"not_picked":["Second Wind","Hemokinesis"],"picked":"Whirlwind+1","floor":18},{"not_picked":["Dual Wield","Headbutt","Clash"],"picked":"SKIP","floor":19},{"not_picked":["Wild Strike","Headbutt+1","Clash+1"],"picked":"SKIP","floor":22},{"not_picked":["Wild Strike","Havoc","Flex"],"picked":"SKIP","floor":23},{"not_picked":["Immolate","Cleave"],"picked":"Warcry","floor":24},{"not_picked":["Pommel Strike+1","Clash","Uppercut"],"picked":"SKIP","floor":25}],"player_experience":225093,"relics_obtained":[{"floor":6,"key":"Pen Nib"},{"floor":8,"key":"Strawberry"},{"floor":9,"key":"Juzu Bracelet"},{"floor":11,"key":"Boot"},{"floor":23,"key":"Ornamental Fan"},{"floor":26,"key":"Potion Belt"}],"event_choices":[{"event_name":"Match and Keep!","player_choice":"2 cards matched","floor":2,"damage_taken":0},{"event_name":"Shining Light","player_choice":"Entered Light","floor":5,"damage_taken":0},{"event_name":"Upgrade Shrine","player_choice":"Upgraded","floor":13,"damage_taken":0},{"event_name":"Match and Keep!","player_choice":"0 cards matched","floor":20,"damage_taken":0},{"event_name":"Golden Shrine","player_choice":"Pray","floor":27,"damage_taken":0},{"event_name":"The Mausoleum","player_choice":"No","floor":29,"damage_taken":0}],"is_beta":true,"boss_relics":[{"not_picked":["Snecko Eye","Philosopher\u0027s Stone"],"picked":"Tiny House"}],"items_purged_floors":[4,21,28],"is_endless":false,"potions_floor_spawned":[6,7,11,14,16,18,19],"killed_by":"Book of Stabbing","ascension_level":8}