{"gold_per_floor":[99,99,25,25,25,25,25,25,25,25,25,25,25,25,25,25,25,25,25,25,25,25,25,25,25,25,25,25,25,25,25],"floor_reached":31,"playtime":2256,"items_purged":[],"score":306,"play_id":"98d3308b-70d0-4a91-93c4-fc412d2a53bd","local_time":"20190205143131","is_ascension_mode":true,"campfire_choices":[{"floor":6,"key":"RECALL"},{"data":"Footwork","floor":10,"key":"SMITH"},{"data":"Neutralize","floor":13,"key":"SMITH"},{"data":"Sucker Punch","floor":15,"key":"SMITH"},{"floor":23,"key":"REST"},{"floor":28,"key":"REST"}],"neow_cost":"NONE","seed_source_timestamp":350391301651321,"circlet_count":0,"master_deck":["Defend_G","Defend_G","Defend_G","Defend_G","Defend_G","Strike_G","Strike_G","Strike_G","Strike_G","Strike_G","Survivor","Neutralize+1","Blur","Dodge and Roll","Footwork+1","Regret","Sucker Punch+1","Leg Sweep+1","Dodge and Roll+1","Wraith Form v2","Dagger Throw+1","Dagger Spray","Pain","Deadly Poison+1","Backstab","Dagger Throw+1","Bane","Poisoned Stab"],"relics":["Ectoplasm","Bag of Preparation","Regal Pillow","Toxic Egg 2","Tiny Chest","Meat on the Bone","Fusion Hammer","WarpedTongs","Happy Flower"],"potions_floor_usage":[16,16],"damage_taken":[{"damage":3,"enemies":"Jaw Worm","floor":1,"turns":5},{"damage":0,"enemies":"Small Slimes","floor":2,"turns":4},{"damage":1,"enemies":"2 Louse","floor":8,"turns":4},{"damage":2,"enemies":"Blue Slaver","floor":12,"turns":5},{"damage":13,"enemies":"Gremlin Nob","floor":14,"turns":7},{"damage":41,"enemies":"Slime Boss","floor":16,"turns":25},{"damage":6,"enemies":"Shell Parasite","floor":18,"turns":17},{"damage":4,"enemies":"3 Byrds","floor":21,"turns":6},{"damage":31,"enemies":"Snecko","floor":22,"turns":8},{"damage":14,"enemies":"Book of Stabbing","floor":24,"turns":9},{"damage":6,"enemies":"Shelled Parasite and Fungi","floor":25,"turns":6},{"damage":13,"enemies":"Centurion and Healer","floor":27,"turns":9},{"damage":11,"enemies":"3 Cultists","floor":29,"turns":8},{"damage":66,"enemies":"Gremlin Leader","floor":31,"turns":8}],"seed_played":"5519219578219363165","potions_obtained":[{"floor":12,"key":"Swift Potion"},{"floor":14,"key":"Dexterity Potion"},{"floor":24,"key":"Energy Potion"},{"floor":29,"key":"SpeedPotion"}],"is_trial":false,"path_per_floor":["M","M","$","?","?","R","?","M","T","R","T","M","R","E","R","B",null,"M","?","?","M","M","R","E","M","T","M","R","M","$","E"],"character_chosen":"THE_SILENT","items_purchased":["Footwork"],"campfire_rested":2,"item_purchase_floors":[3],"current_hp_per_floor":[67,67,67,67,64,64,64,63,63,63,63,61,61,48,48,19,70,64,64,64,60,41,70,56,50,50,37,70,59,59,0],"gold":25,"neow_bonus":"BOSS_RELIC","is_prod":false,"is_daily":false,"chose_seed":false,"campfire_upgraded":3,"win_rate":0,"timestamp":1549373491,"path_taken":["M","M","$","?","?","R","?","M","T","R","?","M","R","E","R","BOSS","M","?","?","M","M","R","E","?","T","M","R","M","$","E"],"build_version":"2019-01-23","purchased_purges":0,"victory":false,"max_hp_per_floor":[70,70,70,70,70,70,70,70,70,70,70,70,70,70,70,70,70,70,70,70,70,70,70,70,70,70,70,70,70,70,70],"card_choices":[{"not_picked":["PiercingWail","Backflip"],"picked":"Blur","floor":1},{"not_picked":["Tactician","Endless Agony"],"picked":"Dodge and Roll","floor":2},{"not_picked":["Bouncing Flask","Deflect"],"picked":"Sucker Punch","floor":8},{"not_picked":["Slice","Finisher"],"picked":"Leg Sweep+1","floor":12},{"not_picked":["Infinite Blades","Heel Hook"],"picked":"Dodge and Roll+1","floor":14},{"not_picked":["Tools of the Trade","Envenom"],"picked":"Wraith Form v2","floor":16},{"not_picked":["Finisher+1","Choke+1"],"picked":"Dagger Throw+1","floor":18},{"not_picked":["Dagger Spray","Underhanded Strike"],"picked":"Deadly Poison+1","floor":21},{"not_picked":["Poisoned Stab","Slice"],"picked":"Backstab","floor":22},{"not_picked":["Night Terror+1","Blade Dance+1"],"picked":"Dagger Throw+1","floor":24},{"not_picked":["Underhanded Strike","Deflect+1","Slice"],"picked":"SKIP","floor":25},{"not_picked":["Slice","Acrobatics+1"],"picked":"Bane","floor":27},{"not_picked":["Wraith Form v2","Deflect+1"],"picked":"Poisoned Stab","floor":29}],"player_experience":561433,"relics_obtained":[{"floor":9,"key":"Toxic Egg 2"},{"floor":11,"key":"Tiny Chest"},{"floor":14,"key":"Meat on the Bone"},{"floor":24,"key":"Happy Flower"}],"event_choices":[{"damage_healed":0,"gold_gain":0,"player_choice":"Leave","damage_taken":0,"max_hp_gain":0,"max_hp_loss":0,"event_name":"The Cleric","floor":4,"gold_loss":0},{"damage_healed":0,"gold_gain":0,"player_choice":"Success","damage_taken":3,"relics_obtained":["Bag of Preparation"],"max_hp_gain":0,"max_hp_loss":0,"event_name":"Scrap Ooze","floor":5,"gold_loss":0},{"damage_healed":0,"gold_gain":0,"player_choice":"Box","damage_taken":0,"relics_obtained":["Regal Pillow"],"max_hp_gain":0,"max_hp_loss":0,"event_name":"Big Fish","floor":7,"gold_loss":0,"cards_obtained":["Regret"]},{"damage_healed":0,"gold_gain":0,"player_choice":"Read","damage_taken":0,"max_hp_gain":0,"max_hp_loss":0,"event_name":"The Library","floor":19,"gold_loss":0,"cards_obtained":["Dagger Spray"]},{"damage_healed":0,"gold_gain":0,"player_choice":"Rummage","damage_taken":0,"relics_obtained":["WarpedTongs"],"max_hp_gain":0,"max_hp_loss":0,"event_name":"Accursed Blacksmith","floor":20,"gold_loss":0,"cards_obtained":["Pain"]}],"is_beta":false,"boss_relics":[{"not_picked":["Tiny House","Runic Dome"],"picked":"Fusion Hammer"}],"items_purged_floors":[],"is_endless":false,"potions_floor_spawned":[12,14,24,29],"killed_by":"Gremlin Leader","ascension_level":4}