{"path_per_floor":["M","?","?","M","M","R","E","?","T","M","$","E","R","M","R","B",null,"M","?","M","$","M","R","M","M","T","R","M","?","E","M","R","B",null,"M","M","$","M","M","E","?","R","T","?","M","M","M","M","R","B"],"character_chosen":"IRONCLAD","items_purchased":["Anchor","Inflame"],"gold_per_floor":[116,116,116,134,154,154,186,186,233,248,25,59,59,77,77,179,179,199,199,218,78,88,88,98,117,167,167,186,186,218,236,236,334,334,353,367,242,259,270,299,299,299,299,299,309,320,335,348,348,348],"floor_reached":51,"campfire_rested":2,"playtime":4357,"current_hp_per_floor":[80,80,82,79,83,83,51,44,44,35,35,15,43,49,49,29,94,86,67,71,71,69,69,75,72,72,72,78,78,59,53,97,39,99,79,78,78,77,83,22,87,87,87,87,60,59,65,71,71,56],"items_purged":["Defend_R","Defend_R","Strike_R"],"gold":348,"score":690,"play_id":"5702a298-1449-4dbe-a583-fadaf79a2fa8","local_time":"20180507163130","is_prod":false,"is_daily":false,"chose_seed":false,"is_ascension_mode":false,"campfire_upgraded":6,"timestamp":1525703490,"path_taken":["M","?","?","M","?","R","E","?","T","M","?","E","R","M","R","BOSS","M","?","M","$","M","R","M","M","T","R","?","?","E","?","R","BOSS","M","M","$","M","M","E","?","R","T","?","M","M","M","?","R","BOSS"],"build_version":"2018-05-03","seed_source_timestamp":1434196508139,"purchased_purges":4,"victory":true,"master_deck":["Strike_R","Strike_R","Strike_R","Defend_R","Defend_R","Flex","Flex","True Grit+1","Headbutt+1","Shrug It Off","Shrug It Off","Iron Wave+1","Bludgeon","Inflame+1","Spot Weakness+1","Headbutt+1","Heavy Blade+1","Heavy Blade","Limit Break+1","Seeing Red+1","Demon Form+1","Shrug It Off+1","Flex+1"],"max_hp_per_floor":[80,80,94,94,94,94,94,94,94,94,94,94,94,94,94,94,94,94,99,99,99,99,99,99,99,99,99,99,99,99,99,99,99,99,99,99,99,99,99,99,87,87,87,87,87,87,87,87,87,87],"relics":["Burning Blood","Bag of Preparation","Mango","Happy Flower","Bag of Marbles","Anchor","Dream Catcher","Velvet Choker","Bronze Scales","Regal Pillow","Black Star","Centennial Puzzle","Darkstone Periapt","Gremlin Horn"],"card_choices":[{"not_picked":["Sever Soul","Perfected Strike"],"picked":"Flex","floor":1},{"not_picked":["Combust","Headbutt"],"picked":"Flex","floor":4},{"not_picked":["Dual Wield","Metallicize"],"picked":"True Grit","floor":5},{"not_picked":["Flex","Perfected Strike"],"picked":"Headbutt","floor":10},{"not_picked":["Sword Boomerang","Wild Strike"],"picked":"Shrug It Off","floor":12},{"not_picked":["Evolve","Power Through"],"picked":"Shrug It Off","floor":13},{"not_picked":["Power Through","Rupture"],"picked":"Iron Wave","floor":14},{"not_picked":["Reaper","Brutality"],"picked":"Bludgeon","floor":16},{"not_picked":["Reckless Charge","Flex"],"picked":"Spot Weakness","floor":24},{"not_picked":["True Grit","Clothesline"],"picked":"Headbutt","floor":25},{"not_picked":["Pommel Strike","Blood for Blood"],"picked":"Heavy Blade","floor":28},{"not_picked":["Pommel Strike","Evolve"],"picked":"Heavy Blade","floor":30},{"not_picked":["Blood for Blood","Headbutt"],"picked":"Limit Break","floor":31},{"not_picked":["Wild Strike","Armaments"],"picked":"Seeing Red","floor":32},{"not_picked":["Reaper","Feed"],"picked":"Demon Form","floor":33},{"not_picked":["Warcry","Perfected Strike"],"picked":"Shrug It Off","floor":45},{"not_picked":["Thunderclap","Wild Strike"],"picked":"Flex","floor":46}],"player_experience":72185,"potions_floor_usage":[16,16,16,35,38,39,48,50],"damage_taken":[{"damage":1,"enemies":"2 Louse","floor":1,"turns":3},{"damage":9,"enemies":"Jaw Worm","floor":4,"turns":3},{"damage":2,"enemies":"Cultist","floor":5,"turns":3},{"damage":38,"enemies":"3 Sentries","floor":7,"turns":14},{"damage":15,"enemies":"Large Slime","floor":10,"turns":7},{"damage":26,"enemies":"Lagavulin","floor":12,"turns":5},{"damage":0,"enemies":"Looter","floor":14,"turns":3},{"damage":26,"enemies":"Slime Boss","floor":16,"turns":9},{"damage":14,"enemies":"Spheric Guardian","floor":18,"turns":6},{"damage":2,"enemies":"Shell Parasite","floor":20,"turns":4},{"damage":8,"enemies":"3 Cultists","floor":22,"turns":6},{"damage":0,"enemies":"Snake Plant","floor":24,"turns":4},{"damage":9,"enemies":"Centurion and Healer","floor":25,"turns":6},{"damage":0,"enemies":"Snecko","floor":28,"turns":4},{"damage":25,"enemies":"Slavers","floor":30,"turns":4},{"damage":12,"enemies":"3 Cultists","floor":31,"turns":4},{"damage":64,"enemies":"Automaton","floor":33,"turns":7},{"damage":32,"enemies":"3 Darklings","floor":35,"turns":5},{"damage":7,"enemies":"Orb Walker","floor":36,"turns":3},{"damage":19,"enemies":"3 Darklings","floor":38,"turns":6},{"damage":0,"enemies":"4 Shapes","floor":39,"turns":4},{"damage":67,"enemies":"2 Orb Walkers","floor":40,"turns":5},{"damage":33,"enemies":"Maw","floor":45,"turns":7},{"damage":7,"enemies":"3 Darklings","floor":46,"turns":4},{"damage":0,"enemies":"4 Shapes","floor":47,"turns":4},{"damage":0,"enemies":"Maw","floor":48,"turns":4},{"damage":36,"enemies":"Awakened One","floor":50,"turns":7}],"event_choices":[{"event_name":"Big Fish","player_choice":"Box","floor":2,"damage_taken":0},{"event_name":"Scrap Ooze","player_choice":"success","floor":3,"damage_taken":12},{"event_name":"Golden Wing","player_choice":"Card Removal","floor":8,"damage_taken":0},{"event_name":"Forgotten Altar","player_choice":"Shed Blood","floor":19,"damage_taken":0},{"event_name":"Vampires","player_choice":"Ignored","floor":29,"damage_taken":0},{"event_name":"The Moai Head","player_choice":"Heal","floor":41,"damage_taken":0}],"boss_relics":[{"not_picked":["Orrery","Runic Cube"],"picked":"Velvet Choker"},{"not_picked":["Eternal Feather","Black Blood"],"picked":"Black Star"}],"potions_floor_spawned":[1,10,14,18,20,30,35,38,40,47,48],"seed_played":"-3012945794449322915","ascension_level":0,"is_trial":false}