{"gold_per_floor":[144,144,144,189,289,289,334,379,379,448,493,518,518,567,567,892,892,941,941,990,30,79,79],"floor_reached":23,"playtime":2218,"items_purged":[],"score":258,"play_id":"e57e39d4-b7ae-47d1-8ca1-885d59c9e6da","local_time":"20180702123816","daily_mods":["Insanity","Midas","Vintage"],"is_ascension_mode":false,"campfire_choices":[{"floor":6,"key":"REST"},{"floor":15,"key":"REST"}],"neow_cost":"","seed_source_timestamp":678397312552059,"circlet_count":0,"master_deck":["Compile Driver","FTL","Barrage","Hologram","Electrodynamics","White Noise","Self Repair","Seek","Blizzard","Chaos","Creative AI","Rebound","Auto Shields","Tempest","Loop","Rainbow","Heatsinks","Rebound","Lockon","Go for the Eyes","Capacitor","Steam Power","Darkness","Double Energy","Leap","Doom and Gloom","Biased Cognition","Defend_B+1","Darkness","Rebound+1","Fission","Thunder Strike","Lockon","Force Field","Buffer","Barrage","Amplify+1","Coolheaded","Lockon+1","Biased Cognition","Blizzard+1","Thunder Strike+1","Sunder","Meteor Strike","Core Surge","Auto Shields","Rainbow","Streamline","Reinforced Body","Fusion","Echo Form","Secret Weapon","Beam Cell+1","Doom and Gloom+1"],"special_seed":17714,"relics":["Cracked Core","Lantern","Anchor","Pear","The Courier","Gremlin Horn","Strawberry","Whetstone","Golden Idol","Mercury Hourglass","Molten Egg 2","Inserter","Ornamental Fan","Bottled Lightning","Blue Candle","Turnip","Pantograph","Potion Belt"],"potions_floor_usage":[],"damage_taken":[{"damage":9,"enemies":"Jaw Worm","floor":1,"turns":2},{"damage":3,"enemies":"Small Slimes","floor":4,"turns":3},{"damage":0,"enemies":"Cultist","floor":7,"turns":3},{"damage":0,"enemies":"2 Fungi Beasts","floor":8,"turns":3},{"damage":15,"enemies":"Exordium Thugs","floor":11,"turns":3},{"damage":0,"enemies":"Large Slime","floor":14,"turns":5},{"damage":30,"enemies":"Slime Boss","floor":16,"turns":8},{"damage":30,"enemies":"Spheric Guardian","floor":18,"turns":4},{"damage":22,"enemies":"2 Thieves","floor":20,"turns":5},{"damage":12,"enemies":"Snecko","floor":22,"turns":4},{"damage":34,"enemies":"Slavers","floor":23,"turns":3}],"seed_played":"9042137749875392319","potions_obtained":[{"floor":4,"key":"Explosive Potion"},{"floor":8,"key":"SpeedPotion"},{"floor":14,"key":"Ancient Potion"},{"floor":20,"key":"Fire Potion"},{"floor":22,"key":"EntropicBrew"}],"is_trial":false,"path_per_floor":["M","?","?","M","?","R","M","M","T","?","M","T","?","M","R","B",null,"M","?","M","$","M"],"character_chosen":"DEFECT","items_purchased":["Blue Candle","Secret Weapon","Turnip","Pantograph","Beam Cell+1","Doom and Gloom+1"],"campfire_rested":2,"item_purchase_floors":[21,21,21,21,21,21],"current_hp_per_floor":[66,66,51,48,48,70,80,80,80,80,72,72,72,72,85,55,85,62,62,40,40,28,0],"gold":79,"neow_bonus":"","is_prod":false,"is_daily":true,"chose_seed":false,"campfire_upgraded":0,"win_rate":0.0,"timestamp":1530527896,"path_taken":["M","?","?","M","?","R","?","M","T","?","?","?","?","M","R","BOSS","M","?","M","$","M","E"],"build_version":"2018-06-28","purchased_purges":0,"victory":false,"max_hp_per_floor":[75,75,75,75,75,75,85,85,85,85,92,92,85,85,85,85,85,85,85,85,85,85,85],"card_choices":[{"not_picked":["Creative AI","Buffer"],"picked":"Echo Form","floor":16}],"player_experience":33834,"relics_obtained":[{"floor":1,"key":"Lantern"},{"floor":4,"key":"Anchor"},{"floor":7,"key":"Pear"},{"floor":8,"key":"The Courier"},{"floor":9,"key":"Gremlin Horn"},{"floor":11,"key":"Strawberry"},{"floor":12,"key":"Whetstone"},{"floor":14,"key":"Mercury Hourglass"},{"floor":16,"key":"Molten Egg 2"},{"floor":18,"key":"Ornamental Fan"},{"floor":20,"key":"Bottled Lightning"},{"floor":22,"key":"Potion Belt"}],"event_choices":[{"event_name":"Living Wall","player_choice":"Grow","floor":2,"damage_taken":0},{"event_name":"Shining Light","player_choice":"Entered Light","floor":3,"damage_taken":0},{"event_name":"Golden Shrine","player_choice":"Pray","floor":5,"damage_taken":0},{"event_name":"Golden Wing","player_choice":"Gained Gold","floor":10,"damage_taken":0},{"event_name":"Golden Idol","player_choice":"Lose Max HP","floor":13,"damage_taken":0},{"event_name":"Back to Basics","player_choice":"Simplicity","floor":19,"damage_taken":0}],"boss_relics":[{"not_picked":["Orrery","Ectoplasm"],"picked":"Inserter"}],"items_purged_floors":[],"is_endless":false,"potions_floor_spawned":[4,8,14,20,22],"killed_by":"Slavers","ascension_level":0}