{"gold_per_floor":[130,161,186,198,210,222,265,301,313,341,353,378,390,433,445,581,593,629,641,653,683,714,726,779,791,858,870],"floor_reached":27,"playtime":3035,"items_purged":[],"score":243,"play_id":"63e13cf0-0dfd-4955-9254-da8cb65f05c1","local_time":"20190131150331","is_ascension_mode":false,"campfire_choices":[{"floor":6.0,"key":"REST"},{"data":"Self Repair","floor":11.0,"key":"SMITH"},{"floor":13.0,"key":"REST"},{"data":"Machine Learning","floor":15.0,"key":"SMITH"},{"floor":23.0,"key":"REST"},{"floor":25,"key":"REST"}],"neow_cost":"NONE","seed_source_timestamp":0,"circlet_count":0,"master_deck":["Strike_B","Strike_B","Strike_B","Defend_B","Defend_B","Defend_B","Defend_B","Zap","Dualcast","Leap","Leap","Glacier+1","Go for the Eyes","White Noise","Self Repair+1","Ball Lightning","Machine Learning+1","Rainbow","Conserve Battery+1","Storm","Reboot"],"special_seed":0,"relics":["Cracked Core","MawBank","Golden Idol","Bottled Lightning","Dodecahedron","Bottled Tornado","Inserter","Anchor","Orichalcum"],"potions_floor_usage":[],"damage_taken":[{"damage":6.0,"enemies":"Jaw Worm","floor":1.0,"turns":3.0},{"damage":1.0,"enemies":"Cultist","floor":2.0,"turns":3.0},{"damage":0.0,"enemies":"2 Louse","floor":3.0,"turns":3.0},{"damage":9.0,"enemies":"3 Sentries","floor":7.0,"turns":17.0},{"damage":6.0,"enemies":"Exordium Thugs","floor":8.0,"turns":6.0},{"damage":3.0,"enemies":"Blue Slaver","floor":10.0,"turns":4.0},{"damage":7.0,"enemies":"Lots of Slimes","floor":12.0,"turns":5.0},{"damage":25.0,"enemies":"Gremlin Nob","floor":14.0,"turns":6.0},{"damage":22.0,"enemies":"Hexaghost","floor":16.0,"turns":14.0},{"damage":13.0,"enemies":"Chosen","floor":18.0,"turns":5.0},{"damage":33.0,"enemies":"3 Byrds","floor":21.0,"turns":7.0},{"damage":12.0,"enemies":"Shelled Parasite and Fungi","floor":22.0,"turns":9.0},{"damage":65.0,"enemies":"Book of Stabbing","floor":24.0,"turns":13.0},{"damage":49,"enemies":"Gremlin Leader","floor":27,"turns":4}],"seed_played":"5645648102109554616","potions_obtained":[{"floor":7.0,"key":"FearPotion"},{"floor":8.0,"key":"FairyPotion"},{"floor":10.0,"key":"SkillPotion"},{"floor":12.0,"key":"EssenceOfSteel"},{"floor":16.0,"key":"FearPotion"}],"is_trial":false,"path_per_floor":["M","M","M","?","?","R","E","M","T","M","R","M","R","E","R","B",null,"M","?","$","M","M","R","E","R","T","E"],"character_chosen":"DEFECT","items_purchased":[],"campfire_rested":4,"item_purchase_floors":[],"current_hp_per_floor":[69,68,68,50,50,72,63,57,57,54,54,47,69,54,54,42,75,72,72,72,49,47,69,14,36,36,0],"gold":870,"neow_bonus":"RANDOM_COMMON_RELIC","is_prod":false,"is_daily":false,"chose_seed":false,"campfire_upgraded":2,"win_rate":0.0,"timestamp":1548918211,"path_taken":["M","M","M","?","?","R","E","M","T","M","R","M","R","E","R","BOSS","M","?","$","M","M","R","E","R","T","E"],"build_version":"2019-01-23","purchased_purges":0,"victory":false,"max_hp_per_floor":[75,75,75,75,75,75,75,75,75,75,75,75,75,75,75,75,75,75,75,75,75,75,75,75,75,75,75],"card_choices":[{"not_picked":["Barrage","Hologram"],"picked":"Leap","floor":1.0},{"not_picked":["Blizzard","Redo"],"picked":"Leap","floor":2.0},{"not_picked":["White Noise","Melter"],"picked":"Glacier","floor":3.0},{"not_picked":["Sweeping Beam","Rebound"],"picked":"Go for the Eyes","floor":7.0},{"not_picked":["Stack","Chaos"],"picked":"White Noise","floor":8.0},{"not_picked":["Rebound","Static Discharge"],"picked":"Self Repair","floor":10.0},{"not_picked":["Stack","Hologram"],"picked":"Ball Lightning","floor":12.0},{"not_picked":["Chill","Ball Lightning"],"picked":"Machine Learning","floor":14.0},{"not_picked":["Buffer","Machine Learning"],"picked":"Rainbow","floor":16.0},{"not_picked":["Leap","Rebound+1"],"picked":"Conserve Battery+1","floor":18.0},{"not_picked":["Redo","Aggregate"],"picked":"Storm","floor":21.0},{"not_picked":["Beam Cell+1","Coolheaded","Sweeping Beam"],"picked":"SKIP","floor":22.0},{"not_picked":["Gash","Lockon"],"picked":"Reboot","floor":24.0}],"player_experience":210274,"relics_obtained":[{"floor":7.0,"key":"Bottled Lightning"},{"floor":9.0,"key":"Dodecahedron"},{"floor":14.0,"key":"Bottled Tornado"},{"floor":24.0,"key":"Anchor"},{"floor":26,"key":"Orichalcum"}],"event_choices":[{"damage_healed":0.0,"max_hp_gain":0.0,"max_hp_loss":0.0,"gold_gain":0.0,"event_name":"Golden Idol","player_choice":"Take Damage","floor":4.0,"gold_loss":0.0,"damage_taken":18.0,"relics_obtained":["Golden Idol"]},{"damage_healed":0.0,"max_hp_gain":0.0,"max_hp_loss":0.0,"gold_gain":0.0,"event_name":"Upgrade Shrine","player_choice":"Upgraded","floor":5.0,"gold_loss":0.0,"damage_taken":0.0,"cards_upgraded":["Glacier"]},{"cards_removed":["Strike_B"],"damage_healed":0.0,"max_hp_gain":0.0,"max_hp_loss":0.0,"gold_gain":0.0,"event_name":"Back to Basics","player_choice":"Elegance","floor":19.0,"gold_loss":0.0,"damage_taken":0.0}],"is_beta":false,"boss_relics":[{"not_picked":["Ectoplasm","Velvet Choker"],"picked":"Inserter"}],"items_purged_floors":[],"is_endless":false,"potions_floor_spawned":[7,8,10,12,16,21,22],"killed_by":"Gremlin Leader","ascension_level":0}