{"gold_per_floor":[118,193,210,210,210,210,237,237,237,249,89,100,21,40,40,136,136,149,149,149,160,160,160,194,194,194,206,206,206,2,16,16,112,112,127,144,144,159,159,159,0,0,27,45,45,45,45,45,45,45],"floor_reached":50,"playtime":4183,"items_purged":["Dualcast"],"score":506,"play_id":"99778149-2e00-4e1a-9053-f8e5f34b5c34","local_time":"20190204164330","is_ascension_mode":false,"campfire_choices":[{"floor":6,"key":"RECALL"},{"data":"Electrodynamics","floor":8,"key":"SMITH"},{"data":"Darkness","floor":15,"key":"SMITH"},{"data":"Echo Form","floor":23,"key":"SMITH"},{"floor":25,"key":"REST"},{"floor":28,"key":"REST"},{"floor":32,"key":"REST"},{"floor":40,"key":"REST"},{"floor":42,"key":"REST"},{"floor":45,"key":"REST"},{"floor":49,"key":"REST"}],"neow_cost":"NONE","seed_source_timestamp":269983353350003,"circlet_count":0,"master_deck":["Defend_B+1","Defend_B","Defend_B+1","Defend_B","Zap","Steam","Electrodynamics+1","Cold Snap","Capacitor","Darkness+1","All For One","Steam","Coolheaded","Coolheaded","Echo Form+1","Coolheaded+1","Gash+1","Fusion+1","Genetic Algorithm","White Noise","Beam Cell","RitualDagger","Steam+1","Writhe","Loop","Conserve Battery","Rainbow","Hologram+1","Turbo","Storm","Creative AI","Mayhem"],"relics":["FrozenCore","War Paint","Art of War","Astrolabe","Nloth\u0027s Gift","Du-Vu Doll","Pocketwatch","Red Mask","Bag of Preparation"],"potions_floor_usage":[24,31,33,38],"damage_taken":[{"damage":0,"enemies":"2 Louse","floor":1,"turns":1},{"damage":0,"enemies":"Small Slimes","floor":3,"turns":1},{"damage":0,"enemies":"Lagavulin","floor":7,"turns":1},{"damage":3,"enemies":"Jaw Worm","floor":10,"turns":2},{"damage":2,"enemies":"Blue Slaver","floor":12,"turns":3},{"damage":8,"enemies":"Gremlin Gang","floor":14,"turns":3},{"damage":9,"enemies":"The Guardian","floor":16,"turns":13},{"damage":23,"enemies":"2 Thieves","floor":18,"turns":3},{"damage":7,"enemies":"Spheric Guardian","floor":21,"turns":5},{"damage":40,"enemies":"Slavers","floor":24,"turns":9},{"damage":27,"enemies":"Centurion and Healer","floor":27,"turns":9},{"damage":6,"enemies":"Snake Plant","floor":31,"turns":4},{"damage":20,"enemies":"Champ","floor":33,"turns":14},{"damage":22,"enemies":"3 Darklings","floor":35,"turns":7},{"damage":2,"enemies":"3 Shapes","floor":36,"turns":5},{"damage":39,"enemies":"Transient","floor":38,"turns":5},{"damage":41,"enemies":"4 Shapes","floor":44,"turns":5},{"damage":84,"enemies":"Donu and Deca","floor":50,"turns":6}],"seed_played":"1043724482144938326","potions_obtained":[{"floor":7,"key":"Swift Potion"},{"floor":10,"key":"Regen Potion"},{"floor":12,"key":"Fire Potion"},{"floor":18,"key":"Poison Potion"},{"floor":24,"key":"FairyPotion"},{"floor":33,"key":"Dexterity Potion"},{"floor":35,"key":"Swift Potion"},{"floor":44,"key":"SkillPotion"}],"is_trial":false,"path_per_floor":["M","?","M","?","?","R","E","R","T","M","$","M","$","M","R","B",null,"M","?","?","M","?","R","E","R","T","M","R","?","$","M","R","B",null,"M","M","?","M","?","R","?","R","T","M","R","?","$","?","R","B"],"character_chosen":"DEFECT","items_purchased":["Capacitor","Darkness","Cold Snap","Steam","Coolheaded","Loop","Conserve Battery"],"campfire_rested":7,"item_purchase_floors":[11,11,11,13,13,30,30],"current_hp_per_floor":[75,64,64,57,57,57,57,57,57,54,54,52,52,44,44,35,75,52,52,52,45,39,39,11,33,33,6,28,28,28,22,44,24,75,53,51,51,12,12,34,34,56,56,15,37,37,37,37,59,0],"gold":45,"neow_bonus":"THREE_ENEMY_KILL","is_prod":false,"is_daily":false,"chose_seed":false,"campfire_upgraded":3,"win_rate":0,"timestamp":1549295010,"path_taken":["M","?","M","?","?","R","E","R","T","M","$","M","?","M","R","BOSS","M","?","?","?","?","R","E","R","T","M","R","?","$","M","R","BOSS","M","M","?","M","?","R","?","R","T","?","R","?","$","?","R","BOSS"],"build_version":"2019-01-23","purchased_purges":1,"victory":false,"max_hp_per_floor":[75,75,75,75,75,75,75,75,75,75,75,75,75,75,75,75,75,75,75,75,75,75,75,75,75,75,75,75,75,75,75,75,75,75,75,75,75,75,75,75,75,75,75,75,75,75,75,75,75,75],"card_choices":[{"not_picked":["Barrage","Undo"],"picked":"Steam","floor":1},{"not_picked":["Stack","Beam Cell"],"picked":"Cold Snap","floor":3},{"not_picked":["Storm","Auto Shields"],"picked":"Electrodynamics","floor":7},{"not_picked":["Leap","Gash"],"picked":"Cold Snap","floor":10},{"not_picked":["Hologram","Streamline"],"picked":"All For One","floor":12},{"not_picked":["Sweeping Beam","Heatsinks"],"picked":"Coolheaded","floor":14},{"not_picked":["Hyperbeam","Thunder Strike"],"picked":"Echo Form","floor":16},{"not_picked":["Turbo+1","Streamline"],"picked":"Genetic Algorithm","floor":18},{"not_picked":["Chaos+1","Fission"],"picked":"Beam Cell","floor":21},{"not_picked":["Aggregate","Rebound"],"picked":"Steam+1","floor":24},{"not_picked":["Coolheaded","Rebound","Compile Driver"],"picked":"SKIP","floor":27},{"not_picked":["Rebound","Barrage","Melter+1"],"picked":"SKIP","floor":31},{"not_picked":["Electrodynamics","Core Surge"],"picked":"Rainbow","floor":33},{"not_picked":["Gash+1","Ball Lightning"],"picked":"Hologram+1","floor":35},{"not_picked":["Conserve Battery+1","Rip and Tear"],"picked":"Turbo","floor":36},{"not_picked":["Turbo","Biased Cognition"],"picked":"Storm","floor":38},{"not_picked":["Melter","Doom and Gloom+1"],"picked":"Creative AI","floor":44},{"not_picked":["Madness","The Bomb"],"picked":"Mayhem","floor":46}],"player_experience":544863,"relics_obtained":[{"floor":7,"key":"War Paint"},{"floor":9,"key":"Art of War"},{"floor":24,"key":"Du-Vu Doll"},{"floor":43,"key":"Bag of Preparation"}],"event_choices":[{"damage_healed":0,"gold_gain":75,"player_choice":"Gather Gold","damage_taken":11,"max_hp_gain":0,"max_hp_loss":0,"event_name":"World of Goop","floor":2,"gold_loss":0},{"cards_removed":["Strike_B"],"damage_healed":0,"gold_gain":0,"player_choice":"Card Removal","damage_taken":7,"max_hp_gain":0,"max_hp_loss":0,"event_name":"Golden Wing","floor":4,"gold_loss":0},{"cards_removed":["Strike_B"],"damage_healed":0,"gold_gain":0,"player_choice":"Forget","damage_taken":0,"max_hp_gain":0,"max_hp_loss":0,"event_name":"Living Wall","floor":5,"gold_loss":0},{"damage_healed":0,"gold_gain":0,"player_choice":"Read","damage_taken":0,"max_hp_gain":0,"max_hp_loss":0,"event_name":"The Library","floor":19,"gold_loss":0,"cards_obtained":["White Noise"]},{"damage_healed":0,"gold_gain":0,"player_choice":"Traded Relic","damage_taken":0,"relics_obtained":["Nloth\u0027s Gift"],"max_hp_gain":0,"max_hp_loss":0,"event_name":"N\u0027loth","floor":20,"relics_lost":["NeowsBlessing"],"gold_loss":0},{"damage_healed":0,"gold_gain":0,"player_choice":"Joined the Cult","damage_taken":6,"max_hp_gain":0,"max_hp_loss":0,"event_name":"Nest","floor":22,"gold_loss":0,"cards_obtained":["RitualDagger"]},{"damage_healed":0,"gold_gain":0,"player_choice":"Opened","damage_taken":0,"relics_obtained":["Pocketwatch"],"max_hp_gain":0,"max_hp_loss":0,"event_name":"The Mausoleum","floor":29,"gold_loss":0,"cards_obtained":["Writhe"]},{"damage_healed":0,"gold_gain":0,"player_choice":"Ignored","damage_taken":0,"max_hp_gain":0,"max_hp_loss":0,"event_name":"Mysterious Sphere","floor":37,"gold_loss":0},{"cards_removed":["Cold Snap"],"damage_healed":0,"gold_gain":0,"player_choice":"Removed Attack","damage_taken":0,"max_hp_gain":0,"max_hp_loss":0,"event_name":"Falling","floor":39,"gold_loss":0},{"damage_healed":0,"gold_gain":0,"player_choice":"Paid","damage_taken":0,"relics_obtained":["Red Mask"],"max_hp_gain":0,"max_hp_loss":0,"event_name":"Tomb of Lord Red Mask","floor":41,"gold_loss":159},{"damage_healed":0,"gold_gain":0,"player_choice":"Memory 1","damage_taken":0,"max_hp_gain":0,"max_hp_loss":0,"event_name":"SensoryStone","floor":46,"gold_loss":0},{"damage_healed":0,"gold_gain":0,"player_choice":"Ignored","damage_taken":0,"max_hp_gain":0,"max_hp_loss":0,"event_name":"The Moai Head","floor":48,"gold_loss":0}],"is_beta":false,"boss_relics":[{"not_picked":["Cursed Key","Pandora\u0027s Box"],"picked":"Astrolabe"},{"not_picked":["Velvet Choker","Coffee Dripper"],"picked":"FrozenCore"}],"items_purged_floors":[30],"is_endless":false,"potions_floor_spawned":[7,10,12,18,24,33,35,36,44],"killed_by":"Donu and Deca","ascension_level":0}