{"gold_per_floor":[111,61,61,77,95,129,60,93,93,93,18,93,93,44,44,139,139,157,182,182,199,218,252,269,297,323,323,233,233,249,109,109,208,208,220,235,57,57,17,17,37,55,55,55,55,69,69],"floor_reached":47,"playtime":1394,"items_purged":["Strike_B","Strike_B"],"score":546,"play_id":"e9b1d5e0-ccc5-4201-8183-0c035ac9e07b","local_time":"20190203025021","is_ascension_mode":false,"campfire_choices":[{"data":"Zap","floor":10.0,"key":"SMITH"},{"data":"Sunder","floor":13.0,"key":"SMITH"},{"data":"Go for the Eyes","floor":15.0,"key":"SMITH"},{"data":"Beam Cell","floor":27.0,"key":"SMITH"},{"data":"Tempest","floor":29.0,"key":"SMITH"},{"data":"Capacitor","floor":32.0,"key":"SMITH"},{"data":"Defragment","floor":40.0,"key":"SMITH"}],"neow_cost":"NONE","seed_source_timestamp":6969650458942,"circlet_count":0,"master_deck":["Defend_B","Defend_B","Defend_B","Defend_B","Zap+1","FTL","Sunder+1","Ball Lightning","Core Surge","Tempest+1","Go for the Eyes+1","Beam Cell+1","Core Surge","Leap+1","Steam Power","Sunder+1","Ball Lightning","FTL","Streamline+1","Streamline+1","Fusion+1","Conserve Battery","Capacitor+1","Electrodynamics","Compile Driver","Ball Lightning+1","Defragment+1","Conserve Battery","Ball Lightning","Glacier+1","Recycle","Magnetism","Flash of Steel","Enlightenment","Beam Cell+1"],"special_seed":0,"relics":["Cracked Core","NeowsBlessing","Shuriken","Gambling Chip","StoneCalendar","Eternal Feather","Red Mask","Gremlin Horn","Vajra","DataDisk","Sozu","Pen Nib","Dodecahedron"],"potions_floor_usage":[],"damage_taken":[{"damage":0.0,"enemies":"2 Louse","floor":1.0,"turns":1.0},{"damage":0.0,"enemies":"Cultist","floor":4.0,"turns":1.0},{"damage":0.0,"enemies":"Small Slimes","floor":5.0,"turns":1.0},{"damage":21.0,"enemies":"Lagavulin","floor":6.0,"turns":5.0},{"damage":6.0,"enemies":"Gremlin Nob","floor":8.0,"turns":3.0},{"damage":3.0,"enemies":"The Guardian","floor":16.0,"turns":7.0},{"damage":6.0,"enemies":"Chosen","floor":18.0,"turns":2.0},{"damage":3.0,"enemies":"Masked Bandits","floor":19.0,"turns":3.0},{"damage":8.0,"enemies":"Shell Parasite","floor":21.0,"turns":3.0},{"damage":0.0,"enemies":"Centurion and Healer","floor":22.0,"turns":4.0},{"damage":11.0,"enemies":"Gremlin Leader","floor":23.0,"turns":5.0},{"damage":0.0,"enemies":"Snecko","floor":24.0,"turns":3.0},{"damage":15.0,"enemies":"Book of Stabbing","floor":25.0,"turns":4.0},{"damage":6.0,"enemies":"Cultist and Chosen","floor":30.0,"turns":3.0},{"damage":34.0,"enemies":"Champ","floor":33.0,"turns":8.0},{"damage":19.0,"enemies":"3 Darklings","floor":35.0,"turns":3.0},{"damage":0.0,"enemies":"Orb Walker","floor":36.0,"turns":2.0},{"damage":1.0,"enemies":"4 Shapes","floor":41.0,"turns":2.0},{"damage":20.0,"enemies":"Jaw Worm Horde","floor":42.0,"turns":3.0},{"damage":18.0,"enemies":"Maw","floor":46.0,"turns":6.0},{"damage":25,"enemies":"Reptomancer","floor":47,"turns":2}],"seed_played":"4363798835401598770","potions_obtained":[{"floor":1.0,"key":"EssenceOfSteel"},{"floor":6.0,"key":"FearPotion"},{"floor":16.0,"key":"PowerPotion"},{"floor":18.0,"key":"Poison Potion"},{"floor":23.0,"key":"Energy Potion"},{"floor":30.0,"key":"Poison Potion"},{"floor":33.0,"key":"Strength Potion"}],"is_trial":false,"path_per_floor":["M","?","?","M","M","E","$","E","T","R","$","?","R","$","R","B",null,"M","?","?","M","M","E","M","E","T","R","?","R","M","$","R","B",null,"M","M","$","?","?","R","M","M","T","?","T","M","E"],"character_chosen":"DEFECT","items_purchased":["Tempest","Beam Cell","Capacitor","Defragment","Conserve Battery","Ball Lightning"],"campfire_rested":0,"item_purchase_floors":[7,14,31,37,37,37],"current_hp_per_floor":[75,75,75,75,75,54,54,48,48,48,48,41,41,41,41,38,75,69,66,66,58,58,47,47,32,32,44,44,56,50,50,62,28,75,56,56,56,56,56,71,70,50,50,40,40,22,0],"gold":69,"neow_bonus":"THREE_ENEMY_KILL","is_prod":false,"is_daily":false,"chose_seed":false,"campfire_upgraded":7,"win_rate":0,"timestamp":1549183821,"path_taken":["M","?","?","M","?","E","$","E","T","R","?","?","R","$","R","BOSS","M","?","?","M","?","E","M","E","T","R","?","R","M","$","R","BOSS","M","M","$","?","?","R","?","M","T","?","?","?","E"],"build_version":"2019-01-23","purchased_purges":2,"victory":false,"max_hp_per_floor":[75,75,75,75,75,75,75,75,75,75,75,75,75,75,75,75,75,75,75,75,75,75,75,75,75,75,75,75,75,75,75,75,75,75,75,75,75,75,75,75,75,75,75,75,75,75,75],"card_choices":[{"not_picked":["Force Field","Blizzard"],"picked":"FTL","floor":1.0},{"not_picked":["Steam Power","Steam"],"picked":"Sunder","floor":4.0},{"not_picked":["Coolheaded","Genetic Algorithm"],"picked":"Ball Lightning","floor":5.0},{"not_picked":["Heatsinks","Blizzard"],"picked":"Core Surge","floor":6.0},{"not_picked":["Static Discharge","Barrage"],"picked":"Go for the Eyes","floor":8.0},{"not_picked":["Fission","Multi-Cast"],"picked":"Core Surge","floor":16.0},{"not_picked":["Melter+1","Coolheaded"],"picked":"Leap+1","floor":18.0},{"not_picked":["Double Energy","Aggregate"],"picked":"Steam Power","floor":19.0},{"not_picked":["Sweeping Beam","Beam Cell"],"picked":"Ball Lightning","floor":21.0},{"not_picked":["Barrage","Sweeping Beam"],"picked":"FTL","floor":22.0},{"not_picked":["Multi-Cast","Genetic Algorithm"],"picked":"Streamline+1","floor":23.0},{"not_picked":["Steam Power","Redo+1"],"picked":"Streamline","floor":24.0},{"not_picked":["Blizzard+1","Static Discharge"],"picked":"Fusion+1","floor":25.0},{"not_picked":["Steam","Beam Cell+1"],"picked":"Conserve Battery","floor":30.0},{"not_picked":["Rainbow","Creative AI"],"picked":"Electrodynamics","floor":33.0},{"not_picked":["Gash","Sweeping Beam+1"],"picked":"Compile Driver","floor":35.0},{"not_picked":["Go for the Eyes","Consume+1"],"picked":"Ball Lightning+1","floor":36.0},{"not_picked":["Reprogram+1","Darkness"],"picked":"Glacier+1","floor":41.0},{"not_picked":["Undo","Auto Shields"],"picked":"Recycle","floor":42.0},{"not_picked":["Swift Strike","Discovery"],"picked":"Magnetism","floor":44.0},{"not_picked":["Secret Technique","Bandage Up"],"picked":"Flash of Steel","floor":44.0},{"not_picked":["Impatience","Purity"],"picked":"Enlightenment","floor":44.0},{"not_picked":["Compile Driver+1","Redo+1"],"picked":"Beam Cell+1","floor":46.0}],"player_experience":711452,"relics_obtained":[{"floor":6.0,"key":"Shuriken"},{"floor":8.0,"key":"Gambling Chip"},{"floor":9.0,"key":"StoneCalendar"},{"floor":19.0,"key":"Red Mask"},{"floor":23.0,"key":"Gremlin Horn"},{"floor":25.0,"key":"Vajra"},{"floor":26.0,"key":"DataDisk"},{"floor":43.0,"key":"Pen Nib"},{"floor":45.0,"key":"Dodecahedron"}],"event_choices":[{"cards_removed":["Strike_B"],"damage_healed":0.0,"max_hp_gain":0.0,"max_hp_loss":0.0,"gold_gain":0.0,"event_name":"The Cleric","player_choice":"Card Removal","floor":2.0,"gold_loss":50.0,"damage_taken":0.0},{"damage_healed":0.0,"max_hp_gain":0.0,"max_hp_loss":0.0,"gold_gain":0.0,"event_name":"NoteForYourself","player_choice":"Ignored","floor":3.0,"gold_loss":0.0,"damage_taken":0.0},{"damage_healed":0.0,"max_hp_gain":0.0,"max_hp_loss":0.0,"gold_gain":75.0,"event_name":"FaceTrader","player_choice":"Touch","floor":12.0,"gold_loss":0.0,"damage_taken":7.0},{"damage_healed":0.0,"max_hp_gain":0.0,"max_hp_loss":0.0,"gold_gain":0.0,"event_name":"Masked Bandits","player_choice":"Fought Bandits","floor":19.0,"gold_loss":0.0,"damage_taken":0.0},{"damage_healed":0.0,"max_hp_gain":0.0,"max_hp_loss":0.0,"gold_gain":0.0,"event_name":"Duplicator","player_choice":"Copied","floor":20.0,"gold_loss":0.0,"damage_taken":0.0,"cards_obtained":["Sunder"]},{"cards_removed":["Strike_B"],"damage_healed":0.0,"max_hp_gain":0.0,"max_hp_loss":0.0,"gold_gain":0.0,"event_name":"Designer","player_choice":"Upgrade and Remove","floor":28.0,"gold_loss":90.0,"damage_taken":0.0,"cards_upgraded":["Streamline"]},{"cards_removed":["Dualcast"],"damage_healed":0.0,"max_hp_gain":0.0,"max_hp_loss":0.0,"gold_gain":0.0,"event_name":"Falling","player_choice":"Removed Skill","floor":38.0,"gold_loss":0.0,"damage_taken":0.0},{"damage_healed":0.0,"max_hp_gain":0.0,"max_hp_loss":0.0,"gold_gain":0.0,"event_name":"The Woman in Blue","player_choice":"Bought 3 Potions","floor":39.0,"gold_loss":0.0,"damage_taken":0.0},{"damage_healed":0.0,"max_hp_gain":0.0,"max_hp_loss":0.0,"gold_gain":0.0,"event_name":"SensoryStone","player_choice":"Memory 3","floor":44.0,"gold_loss":0.0,"damage_taken":10.0}],"is_beta":false,"boss_relics":[{"not_picked":["Black Star","Tiny House"],"picked":"Eternal Feather"},{"not_picked":["Cursed Key","White Beast Statue"],"picked":"Sozu"}],"items_purged_floors":[11,31],"is_endless":false,"potions_floor_spawned":[1,6,16,18,23,30,33,35,41,42],"killed_by":"Reptomancer","ascension_level":0}