{"gold_per_floor":[114,133,133,45,65,65,94,51,51,66,77,77,96,96,96,96],"floor_reached":16,"playtime":711,"items_purged":[],"score":204,"play_id":"e580f35e-06ee-43a6-aa03-9a00698cdcb7","local_time":"20190121210848","is_ascension_mode":true,"campfire_choices":[{"data":"Cloak And Dagger","floor":6.0,"key":"SMITH"},{"data":"1","floor":12.0,"key":"LIFT"},{"floor":15.0,"key":"REST"}],"neow_cost":"NONE","seed_source_timestamp":713449454262200,"circlet_count":0,"master_deck":["AscendersBane","Defend_G","Defend_G","Defend_G","Defend_G","Defend_G","Strike_G","Strike_G","Strike_G","Strike_G","Strike_G","Survivor","Neutralize","Deadly Poison","Cloak And Dagger+1","Accuracy","Well Laid Plans","Clumsy","Dash","Bullet Time"],"special_seed":0,"relics":["Cursed Key","Ginger","Girya"],"potions_floor_usage":[16,16],"damage_taken":[{"damage":6.0,"enemies":"2 Louse","floor":1.0,"turns":3.0},{"damage":0.0,"enemies":"Cultist","floor":2.0,"turns":4.0},{"damage":8.0,"enemies":"Jaw Worm","floor":5.0,"turns":5.0},{"damage":14.0,"enemies":"3 Sentries","floor":7.0,"turns":9.0},{"damage":5.0,"enemies":"2 Fungi Beasts","floor":10.0,"turns":4.0},{"damage":6.0,"enemies":"3 Louse","floor":11.0,"turns":4.0},{"damage":3.0,"enemies":"Red Slaver","floor":13.0,"turns":3.0},{"damage":40,"enemies":"Hexaghost","floor":16,"turns":9}],"seed_played":"2147961255224212055","potions_obtained":[{"floor":3.0,"key":"Swift Potion"},{"floor":3.0,"key":"FearPotion"},{"floor":5.0,"key":"Strength Potion"},{"floor":7.0,"key":"FearPotion"},{"floor":13.0,"key":"Dexterity Potion"}],"is_trial":false,"path_per_floor":["M","M","?","$","M","R","E","$","T","M","M","R","M","?","R","B"],"character_chosen":"THE_SILENT","items_purchased":["Accuracy","Well Laid Plans"],"campfire_rested":1,"item_purchase_floors":[4,8],"current_hp_per_floor":[53,53,53,53,45,45,31,31,31,26,20,20,17,17,36,0],"gold":96,"neow_bonus":"BOSS_RELIC","is_prod":false,"is_daily":false,"chose_seed":false,"campfire_upgraded":1,"win_rate":0,"timestamp":1548122928,"path_taken":["M","M","?","$","M","R","E","$","T","M","?","R","M","?","R","BOSS"],"build_version":"2019-01-17v2","purchased_purges":0,"victory":false,"max_hp_per_floor":[66,66,66,66,66,66,66,66,66,66,66,66,66,66,66,66],"card_choices":[{"not_picked":["Slice","Acrobatics"],"picked":"Deadly Poison","floor":1.0},{"not_picked":["Outmaneuver","Dagger Spray"],"picked":"Cloak And Dagger","floor":2.0},{"not_picked":["Slice","Sucker Punch","Underhanded Strike"],"picked":"SKIP","floor":5.0},{"not_picked":["Heel Hook","Setup","Slice"],"picked":"SKIP","floor":7.0},{"not_picked":["Acrobatics","Choke"],"picked":"Dash","floor":10.0},{"not_picked":["Endless Agony","Eviscerate"],"picked":"Bullet Time","floor":11.0},{"not_picked":["Poisoned Stab","Setup","Heel Hook"],"picked":"SKIP","floor":13.0}],"player_experience":509160,"relics_obtained":[{"floor":7.0,"key":"Ginger"},{"floor":9.0,"key":"Girya"}],"event_choices":[{"damage_healed":0.0,"max_hp_gain":0.0,"max_hp_loss":0.0,"gold_gain":0.0,"event_name":"Lab","player_choice":"Got Potions","floor":3.0,"gold_loss":0.0,"damage_taken":0.0},{"damage_healed":0.0,"max_hp_gain":0.0,"max_hp_loss":0.0,"gold_gain":0.0,"event_name":"Shining Light","player_choice":"Ignored","floor":14.0,"gold_loss":0.0,"damage_taken":0.0}],"is_beta":false,"boss_relics":[],"items_purged_floors":[],"is_endless":false,"potions_floor_spawned":[5,7,13],"killed_by":"Hexaghost","ascension_level":20}