{"gold_per_floor":[114,114,132,132,149,149,161,173,173,231,231,266,266,277,277,354,354,369,380,380,34,34,34,34],"floor_reached":24,"playtime":917,"items_purged":[],"score":450,"play_id":"e73ad688-da21-4e5d-97bf-1c17cbadd66f","local_time":"20190205150559","is_ascension_mode":true,"campfire_choices":[{"data":"Perfected Strike","floor":6,"key":"SMITH"},{"data":"Shrug It Off","floor":11,"key":"SMITH"},{"data":"Clothesline","floor":13,"key":"SMITH"},{"floor":15,"key":"REST"},{"floor":23,"key":"REST"}],"neow_cost":"NONE","seed_source_timestamp":1480764240227311,"circlet_count":0,"master_deck":["AscendersBane","Strike_R","Strike_R","Strike_R","Strike_R","Strike_R","Defend_R","Defend_R","Bash+1","Perfected Strike+1","Offering","Clothesline+1","Shrug It Off+1","Pommel Strike","Twin Strike","Twin Strike","Perfected Strike","Madness","Writhe"],"relics":["Black Blood","The Courier","Tiny Chest","Champion Belt","Nilry\u0027s Codex","Orichalcum","Lantern","Pen Nib"],"potions_floor_usage":[12,12,16,18,24],"damage_taken":[{"damage":2,"enemies":"Cultist","floor":1,"turns":4},{"damage":6,"enemies":"2 Louse","floor":3,"turns":3},{"damage":7,"enemies":"Jaw Worm","floor":5,"turns":3},{"damage":14,"enemies":"Large Slime","floor":7,"turns":3},{"damage":11,"enemies":"Looter","floor":8,"turns":3},{"damage":27,"enemies":"3 Sentries","floor":10,"turns":8},{"damage":0,"enemies":"Gremlin Nob","floor":12,"turns":2},{"damage":8,"enemies":"Exordium Thugs","floor":14,"turns":3},{"damage":29,"enemies":"Slime Boss","floor":16,"turns":8},{"damage":27,"enemies":"Shell Parasite","floor":18,"turns":4},{"damage":17,"enemies":"3 Byrds","floor":19,"turns":6},{"damage":44,"enemies":"Book of Stabbing","floor":24,"turns":5}],"seed_played":"-8239708767197448038","potions_obtained":[{"floor":8,"key":"Energy Potion"},{"floor":10,"key":"AttackPotion"},{"floor":14,"key":"FearPotion"},{"floor":16,"key":"Block Potion"},{"floor":18,"key":"GamblersBrew"}],"is_trial":false,"path_per_floor":["M","?","M","?","M","R","M","M","T","E","R","E","R","M","R","B",null,"M","M","?","$","?","R","E"],"character_chosen":"IRONCLAD","items_purchased":["Orichalcum","Lantern","Madness"],"campfire_rested":2,"item_purchase_floors":[21,21,21],"current_hp_per_floor":[72,72,72,72,71,71,63,58,58,37,37,43,43,41,63,40,66,49,42,21,21,21,43,0],"gold":34,"neow_bonus":"UPGRADE_CARD","is_prod":false,"is_daily":false,"chose_seed":false,"campfire_upgraded":3,"win_rate":0,"timestamp":1549375559,"path_taken":["M","?","?","?","M","R","?","M","T","E","R","E","R","?","R","BOSS","M","M","?","$","?","R","E"],"build_version":"2019-01-23","purchased_purges":0,"victory":false,"max_hp_per_floor":[75,75,75,75,75,75,75,75,75,75,75,75,75,75,75,75,75,75,75,75,75,75,75,75],"card_choices":[{"not_picked":["Pommel Strike","Shrug It Off"],"picked":"Perfected Strike","floor":1},{"not_picked":["Sword Boomerang","Rupture","Iron Wave"],"picked":"SKIP","floor":3},{"not_picked":["Hemokinesis","Thunderclap"],"picked":"Clothesline","floor":5},{"not_picked":["Clothesline","Armaments"],"picked":"Shrug It Off","floor":7},{"not_picked":["Havoc","Body Slam","Clash"],"picked":"SKIP","floor":8},{"not_picked":["Feel No Pain","Twin Strike"],"picked":"Pommel Strike","floor":10},{"not_picked":["Anger","Wild Strike"],"picked":"Twin Strike","floor":12},{"not_picked":["Sword Boomerang","Headbutt","Fire Breathing"],"picked":"SKIP","floor":14},{"not_picked":["Anger","Rupture+1"],"picked":"Twin Strike","floor":18},{"not_picked":["Blood for Blood","Sever Soul"],"picked":"Perfected Strike","floor":19}],"player_experience":712563,"relics_obtained":[{"floor":9,"key":"The Courier"},{"floor":10,"key":"Tiny Chest"},{"floor":12,"key":"Champion Belt"},{"floor":20,"key":"Nilry\u0027s Codex"}],"event_choices":[{"damage_healed":0,"gold_gain":0,"cards_transformed":["Defend_R"],"player_choice":"Transformed","damage_taken":0,"max_hp_gain":0,"max_hp_loss":0,"event_name":"Transmorgrifier","floor":2,"gold_loss":0,"cards_obtained":["Offering"]},{"cards_removed":["Defend_R"],"damage_healed":0,"gold_gain":0,"player_choice":"Purged","damage_taken":0,"max_hp_gain":0,"max_hp_loss":0,"event_name":"Purifier","floor":4,"gold_loss":0},{"damage_healed":0,"gold_gain":0,"player_choice":"Obtained Book","damage_taken":21,"max_hp_gain":0,"max_hp_loss":0,"event_name":"Cursed Tome","floor":20,"gold_loss":0},{"damage_healed":0,"gold_gain":0,"player_choice":"Opened","damage_taken":0,"relics_obtained":["Pen Nib"],"max_hp_gain":0,"max_hp_loss":0,"event_name":"The Mausoleum","floor":22,"gold_loss":0,"cards_obtained":["Writhe"]}],"is_beta":true,"boss_relics":[{"not_picked":["Tiny House","Runic Dome"],"picked":"Black Blood"}],"items_purged_floors":[],"is_endless":false,"potions_floor_spawned":[8,10,14,16,18],"killed_by":"Book of Stabbing","ascension_level":19}