{"gold_per_floor":[111,128,128,142,165,165,21,59,59,73,73],"floor_reached":11,"playtime":426,"items_purged":[],"score":86,"play_id":"93368f62-e108-42c1-81c4-f58732e0b22b","local_time":"20190203181230","is_ascension_mode":true,"campfire_choices":[{"data":"White Noise","floor":6,"key":"SMITH"}],"neow_cost":"NONE","seed_source_timestamp":1684769919447800,"circlet_count":0,"master_deck":["Strike_B","Strike_B","Strike_B","Strike_B","Defend_B","Defend_B","Defend_B","Defend_B","Zap","Dualcast","Thunder Strike","Redo","Melter","White Noise+1","Tempest","Leap"],"relics":["Cracked Core","Golden Idol","PreservedInsect","Ornamental Fan","Blue Candle"],"potions_floor_usage":[11],"damage_taken":[{"damage":0,"enemies":"2 Louse","floor":1,"turns":3},{"damage":0,"enemies":"Small Slimes","floor":2,"turns":2},{"damage":2,"enemies":"Jaw Worm","floor":4,"turns":3},{"damage":14,"enemies":"Exordium Wildlife","floor":5,"turns":4},{"damage":25,"enemies":"Lagavulin","floor":8,"turns":5},{"damage":11,"enemies":"Looter","floor":10,"turns":3},{"damage":8,"enemies":"Gremlin Nob","floor":11,"turns":2}],"seed_played":"-3735400664989007301","potions_obtained":[{"floor":2,"key":"Swift Potion"},{"floor":10,"key":"Swift Potion"}],"is_trial":false,"path_per_floor":["M","M","?","M","M","R","$","E","T","M","E"],"character_chosen":"DEFECT","items_purchased":["PreservedInsect"],"campfire_rested":0,"item_purchase_floors":[7],"current_hp_per_floor":[75,75,57,55,41,41,41,16,16,5,0],"gold":73,"neow_bonus":"ONE_RANDOM_RARE_CARD","is_prod":false,"is_daily":false,"chose_seed":false,"campfire_upgraded":1,"win_rate":0,"timestamp":1549235550,"path_taken":["M","M","?","M","M","R","$","E","T","M","E"],"build_version":"2019-01-23","purchased_purges":0,"victory":false,"max_hp_per_floor":[75,75,75,75,75,75,75,75,75,75,75],"card_choices":[{"not_picked":["Conserve Battery","Sweeping Beam"],"picked":"Redo","floor":1},{"not_picked":["Glacier","Gash"],"picked":"Melter","floor":2},{"not_picked":["Skim","Double Energy"],"picked":"White Noise","floor":4},{"not_picked":["Glacier","Compile Driver"],"picked":"Tempest","floor":5},{"not_picked":["Storm","Genetic Algorithm"],"picked":"Leap","floor":8},{"not_picked":["Hello World","Aggregate","Steam Power"],"picked":"SKIP","floor":10}],"player_experience":206925,"relics_obtained":[{"floor":8,"key":"Ornamental Fan"},{"floor":9,"key":"Blue Candle"}],"event_choices":[{"damage_healed":0,"gold_gain":0,"player_choice":"Take Damage","damage_taken":18,"relics_obtained":["Golden Idol"],"max_hp_gain":0,"max_hp_loss":0,"event_name":"Golden Idol","floor":3,"gold_loss":0}],"is_beta":false,"boss_relics":[],"items_purged_floors":[],"is_endless":false,"potions_floor_spawned":[2,10],"killed_by":"Gremlin Nob","ascension_level":3}