{"gold_per_floor":[114,214,239,254,254,254,254,292,367,229,267,267,305,324,324,449,449,468,457,476,495,195,195,233,233,308,327,327,365,384,403,403,528,528,547,547,566,1565,1565,1565,1603,1603,1603,1603,586,586,586,136,136,136],"floor_reached":51,"playtime":2810,"items_purged":["Strike_B","Strike_B"],"score":1004,"play_id":"4cfc0744-392e-4ea3-a40c-77b3b758b692","local_time":"20180720184138","daily_mods":["Diverse","Cursed Run","Night Terrors"],"is_ascension_mode":false,"campfire_choices":[{"data":"Pommel Strike","floor":6,"key":"SMITH"},{"data":"Rainbow","floor":12,"key":"SMITH"},{"floor":15,"key":"REST"},{"data":"True Grit","floor":23,"key":"SMITH"},{"data":"Crippling Poison","floor":25,"key":"SMITH"},{"data":"Loop","floor":32,"key":"SMITH"},{"data":"Burst","floor":40,"key":"SMITH"},{"data":"Reinforced Body","floor":42,"key":"SMITH"},{"data":"Entrench","floor":44,"key":"SMITH"},{"data":"Shockwave","floor":49,"key":"SMITH"}],"neow_cost":"","seed_source_timestamp":0,"circlet_count":0,"master_deck":["Strike_B","Defend_B","Defend_B","Defend_B","Defend_B","Zap","Dualcast","Pommel Strike+1","Clumsy","Prepared","Injury","Regret","Shockwave+1","Normality","Rainbow+1","Loop+1","Crippling Poison+1","True Grit+1","Injury","Sucker Punch","Reinforced Body+1","Regret","Poisoned Stab","Streamline+1","Whirlwind+1","Normality","Burst+1","Shrug It Off+1","Sweeping Beam+1","Normality","Normality","Entrench+1","Clumsy","Master of Strategy","Coolheaded","Parasite","Writhe","Normality"],"special_seed":17732,"relics":["Cursed Key","Darkstone Periapt","Du-Vu Doll","Anchor","Golden Idol","Gremlin Horn","DataDisk","Mummified Hand","Emotion Chip","Orichalcum","Coffee Dripper","Centennial Puzzle","Boot","Matryoshka","Dream Catcher","Dodecahedron","Mercury Hourglass","Sozu","Pen Nib","Potion Belt","Ornamental Fan","Sling","Singing Bowl","Pear","Meat on the Bone","Oddly Smooth Stone","Runic Capacitor"],"potions_floor_usage":[8,27,33,33],"damage_taken":[{"damage":2,"enemies":"Small Slimes","floor":1,"turns":3},{"damage":0,"enemies":"Cultist","floor":4,"turns":3},{"damage":18,"enemies":"Gremlin Nob","floor":8,"turns":4},{"damage":18,"enemies":"3 Sentries","floor":11,"turns":4},{"damage":30,"enemies":"Lagavulin","floor":13,"turns":5},{"damage":0,"enemies":"Jaw Worm","floor":14,"turns":2},{"damage":22,"enemies":"The Guardian","floor":16,"turns":9},{"damage":1,"enemies":"Spheric Guardian","floor":18,"turns":3},{"damage":3,"enemies":"2 Thieves","floor":19,"turns":4},{"damage":11,"enemies":"3 Cultists","floor":20,"turns":4},{"damage":14,"enemies":"Snake Plant","floor":21,"turns":5},{"damage":4,"enemies":"Book of Stabbing","floor":24,"turns":5},{"damage":16,"enemies":"Slaver and Parasite","floor":27,"turns":6},{"damage":36,"enemies":"Gremlin Leader","floor":29,"turns":6},{"damage":3,"enemies":"Centurion and Healer","floor":30,"turns":4},{"damage":3,"enemies":"3 Cultists","floor":31,"turns":4},{"damage":28,"enemies":"Champ","floor":33,"turns":9},{"damage":4,"enemies":"3 Darklings","floor":35,"turns":4},{"damage":23,"enemies":"3 Shapes","floor":37,"turns":3},{"damage":13,"enemies":"Nemesis","floor":41,"turns":7},{"damage":104,"enemies":"Awakened One","floor":50,"turns":10}],"seed_played":"-1497029972376068251","potions_obtained":[{"floor":1,"key":"Block Potion"},{"floor":16,"key":"Fire Potion"},{"floor":18,"key":"EssenceOfSteel"},{"floor":20,"key":"Weak Potion"},{"floor":27,"key":"Fire Potion"},{"floor":30,"key":"Regen Potion"}],"is_trial":false,"path_per_floor":["M","?","T","M","?","R","T","E","T","$","E","R","E","M","R","B",null,"M","M","M","M","$","R","E","R","T","M","?","E","M","M","R","B",null,"M","?","M","?","?","R","E","R","T","R","$","T","?","$","R","B"],"character_chosen":"DEFECT","items_purchased":["Rainbow","Loop","Centennial Puzzle","Boot","Sling","Singing Bowl","Pear","Master of Strategy","Coolheaded","Oddly Smooth Stone","Runic Capacitor"],"campfire_rested":1,"item_purchase_floors":[10,10,22,22,45,45,45,45,45,48,48],"current_hp_per_floor":[73,73,79,79,85,85,91,73,79,79,61,61,31,31,94,78,100,99,96,85,71,71,71,67,67,73,57,92,56,53,50,50,43,112,108,108,85,97,97,97,84,84,90,90,100,106,149,149,149,63],"gold":136,"neow_bonus":"","is_prod":false,"is_daily":true,"chose_seed":false,"campfire_upgraded":9,"win_rate":0,"timestamp":1532104898,"path_taken":["M","?","?","?","?","R","?","E","T","$","E","R","E","M","R","BOSS","M","M","M","?","$","R","E","R","T","M","?","E","M","M","R","BOSS","M","?","?","?","?","R","E","R","T","R","?","?","?","$","R","BOSS"],"build_version":"2018-07-19v2","purchased_purges":2,"victory":true,"max_hp_per_floor":[75,75,81,81,87,87,93,93,99,99,99,99,99,99,94,100,100,100,100,100,100,100,100,100,100,106,106,106,106,106,106,106,112,112,112,112,112,124,124,124,124,124,130,130,140,146,152,152,152,158],"card_choices":[{"not_picked":["Spot Weakness","Self Repair"],"picked":"Pommel Strike","floor":1},{"not_picked":["Clash","Deadly Poison"],"picked":"Prepared","floor":4},{"not_picked":["Thunderclap","Bludgeon"],"picked":"Shockwave","floor":8},{"not_picked":["Second Wind","Infinite Blades","Burning Pact"],"picked":"SKIP","floor":11},{"not_picked":["Clothesline","Second Wind"],"picked":"Crippling Poison","floor":13},{"not_picked":["Steam","Seeing Red"],"picked":"True Grit","floor":14},{"not_picked":["Scrape+1","Recycle+1","Reprogram"],"picked":"SKIP","floor":18},{"not_picked":["Infinite Blades","Eviscerate+1","Heel Hook+1"],"picked":"SKIP","floor":19},{"not_picked":["Streamline","Havoc"],"picked":"Sucker Punch","floor":20},{"not_picked":["Glacier","Chill"],"picked":"Reinforced Body","floor":21},{"not_picked":["Distraction","Wild Strike","True Grit"],"picked":"SKIP","floor":24},{"not_picked":["Compile Driver","Second Wind"],"picked":"Poisoned Stab","floor":27},{"not_picked":["Reinforced Body","Reckless Charge"],"picked":"Streamline+1","floor":29},{"not_picked":["Evolve","Dagger Throw","Endless Agony"],"picked":"SKIP","floor":30},{"not_picked":["Beam Cell","Feel No Pain"],"picked":"Whirlwind+1","floor":31},{"not_picked":["Phantasmal Killer","Wraith Form v2"],"picked":"Burst","floor":33},{"not_picked":["PiercingWail","Skim+1"],"picked":"Shrug It Off+1","floor":35},{"not_picked":["Self Repair+1","Burning Pact"],"picked":"Sweeping Beam+1","floor":37},{"not_picked":["Perfected Strike+1","Skim"],"picked":"Entrench","floor":41}],"player_experience":139032,"relics_obtained":[{"floor":3,"key":"Anchor"},{"floor":7,"key":"Gremlin Horn"},{"floor":8,"key":"DataDisk"},{"floor":9,"key":"Mummified Hand"},{"floor":11,"key":"Emotion Chip"},{"floor":13,"key":"Orichalcum"},{"floor":24,"key":"Matryoshka"},{"floor":26,"key":"Dream Catcher"},{"floor":26,"key":"Dodecahedron"},{"floor":29,"key":"Mercury Hourglass"},{"floor":41,"key":"Pen Nib"},{"floor":43,"key":"Potion Belt"},{"floor":43,"key":"Ornamental Fan"},{"floor":46,"key":"Meat on the Bone"}],"event_choices":[{"event_name":"Wheel of Change","player_choice":"Gold","floor":2,"damage_taken":0},{"event_name":"Golden Idol","player_choice":"Take Wound","floor":5,"damage_taken":0},{"event_name":"The Library","player_choice":"Heal","floor":28,"damage_taken":0},{"event_name":"Falling","player_choice":"Removed Attack","floor":36,"damage_taken":0},{"event_name":"MindBloom","player_choice":"Gold","floor":38,"damage_taken":0},{"event_name":"Tomb of Lord Red Mask","player_choice":"Ignored","floor":39,"damage_taken":0},{"event_name":"Winding Halls","player_choice":"Writhe","floor":47,"damage_taken":0}],"is_beta":false,"boss_relics":[{"not_picked":["Orrery","Pandora\u0027s Box"],"picked":"Coffee Dripper"},{"not_picked":["Empty Cage","Velvet Choker"],"picked":"Sozu"}],"items_purged_floors":[45,48],"is_endless":false,"potions_floor_spawned":[1,16,18,20,24,27,30,35,41],"ascension_level":0}