{"gold_per_floor":[118,129,99,114,133,133,167,187,255,255,255,99,117,17,17,122,122,133,98,98,98,113,148,148,173,173,173],"floor_reached":27,"playtime":2131,"items_purged":["Strike_G","Strike_G"],"score":253,"play_id":"ef3e5551-8ab4-4241-bcf2-99f7a6f75a23","local_time":"20190128222106","is_ascension_mode":false,"campfire_choices":[{"data":"Footwork","floor":6,"key":"SMITH"},{"data":"Dash","floor":10,"key":"SMITH"},{"data":"Finisher","floor":15,"key":"SMITH"},{"floor":24,"key":"REST"}],"neow_cost":"NONE","seed_source_timestamp":1179582457147300,"circlet_count":0,"master_deck":["Defend_G","Defend_G","Defend_G","Defend_G","Defend_G","Strike_G","Strike_G","Survivor","Neutralize","Footwork+1","Dash+1","Finisher+1","All Out Attack","Flying Knee+1","Well Laid Plans+1","Phantasmal Killer","Dagger Throw","Noxious Fumes+1","Distraction","Injury"],"relics":["Ring of the Snake","Blood Vial","Frozen Egg 2","Cursed Key","Tough Bandages","Dream Catcher","Paper Crane"],"potions_floor_usage":[7,13,13,16,23,23,23],"damage_taken":[{"damage":0,"enemies":"Jaw Worm","floor":1,"turns":8},{"damage":0,"enemies":"Cultist","floor":2,"turns":5},{"damage":0,"enemies":"Small Slimes","floor":4,"turns":5},{"damage":0,"enemies":"Blue Slaver","floor":5,"turns":5},{"damage":18,"enemies":"Gremlin Nob","floor":7,"turns":6},{"damage":5,"enemies":"3 Louse","floor":8,"turns":2},{"damage":0,"enemies":"Large Slime","floor":13,"turns":6},{"damage":31,"enemies":"Hexaghost","floor":16,"turns":17},{"damage":18,"enemies":"Chosen","floor":18,"turns":7},{"damage":4,"enemies":"2 Thieves","floor":19,"turns":5},{"damage":6,"enemies":"Shelled Parasite and Fungi","floor":22,"turns":8},{"damage":22,"enemies":"Slavers","floor":23,"turns":7},{"damage":16,"enemies":"Book of Stabbing","floor":25,"turns":7},{"damage":28,"enemies":"Sentry and Sphere","floor":27,"turns":7}],"seed_played":"-5546223669278410108","potions_obtained":[{"floor":3,"key":"AttackPotion"},{"floor":3,"key":"Block Potion"},{"floor":4,"key":"Explosive Potion"},{"floor":5,"key":"SpeedPotion"},{"floor":8,"key":"Block Potion"},{"floor":13,"key":"SpeedPotion"},{"floor":18,"key":"LiquidBronze"},{"floor":22,"key":"AttackPotion"},{"floor":25,"key":"SteroidPotion"}],"is_trial":false,"path_per_floor":["M","M","?","M","M","R","E","M","T","R","?","$","M","$","R","B",null,"M","M","?","?","M","E","R","E","T","M"],"character_chosen":"THE_SILENT","items_purchased":["Well Laid Plans+1"],"campfire_rested":1,"item_purchase_floors":[12],"current_hp_per_floor":[70,70,70,70,70,70,52,49,49,49,49,49,51,51,51,22,70,52,50,37,37,33,13,35,21,21,0],"gold":173,"neow_bonus":"REMOVE_CARD","is_prod":false,"is_daily":false,"chose_seed":false,"campfire_upgraded":3,"win_rate":0.0,"timestamp":1548732066,"path_taken":["M","M","?","M","?","R","E","M","T","R","?","$","?","$","R","BOSS","M","M","?","?","M","E","R","E","T","M"],"build_version":"2019-01-23","purchased_purges":2,"victory":false,"max_hp_per_floor":[70,70,70,70,70,70,70,70,70,70,70,70,70,70,70,70,70,70,70,75,75,75,75,75,75,75,75],"card_choices":[{"not_picked":["Outmaneuver","Slice"],"picked":"Footwork","floor":1},{"not_picked":["Choke","Cloak And Dagger"],"picked":"Dash","floor":2},{"not_picked":["Underhanded Strike","Riddle With Holes"],"picked":"Finisher","floor":4},{"not_picked":["Masterful Stab","Expertise","Crippling Poison"],"picked":"SKIP","floor":5},{"not_picked":["Cloak And Dagger","PiercingWail"],"picked":"All Out Attack","floor":7},{"not_picked":["Dagger Throw","Prepared"],"picked":"Flying Knee","floor":8},{"not_picked":["PiercingWail","Reflex","Slice"],"picked":"SKIP","floor":13},{"not_picked":["Glass Knife","Doppelganger"],"picked":"Phantasmal Killer","floor":16},{"not_picked":["Finisher","Calculated Gamble","Acrobatics"],"picked":"SKIP","floor":18},{"not_picked":["Flying Knee","Prepared","Dodge and Roll"],"picked":"SKIP","floor":19},{"not_picked":["Poisoned Stab","Underhanded Strike"],"picked":"Dagger Throw","floor":22},{"not_picked":["Finisher","Dodge and Roll"],"picked":"Noxious Fumes+1","floor":23},{"not_picked":["Dodge and Roll","Poisoned Stab"],"picked":"Distraction","floor":25}],"player_experience":55333,"relics_obtained":[{"floor":7,"key":"Blood Vial"},{"floor":9,"key":"Frozen Egg 2"},{"floor":23,"key":"Tough Bandages"},{"floor":25,"key":"Dream Catcher"},{"floor":26,"key":"Paper Crane"}],"event_choices":[{"damage_healed":0,"gold_gain":0,"player_choice":"Bought 2 Potions","damage_taken":0,"max_hp_gain":0,"max_hp_loss":0,"event_name":"The Woman in Blue","floor":3,"gold_loss":0},{"damage_healed":0,"gold_gain":0,"player_choice":"Upgraded","damage_taken":0,"max_hp_gain":0,"max_hp_loss":0,"event_name":"Upgrade Shrine","floor":11,"gold_loss":0,"cards_upgraded":["Flying Knee"]},{"damage_healed":0,"gold_gain":0,"player_choice":"Shed Blood","damage_taken":18,"max_hp_gain":5,"max_hp_loss":0,"event_name":"Forgotten Altar","floor":20,"gold_loss":0},{"damage_healed":0,"gold_gain":0,"player_choice":"Ignored","damage_taken":0,"max_hp_gain":0,"max_hp_loss":0,"event_name":"Ghosts","floor":21,"gold_loss":0}],"is_beta":false,"boss_relics":[{"not_picked":["Lizard Tail","Tiny House"],"picked":"Cursed Key"}],"items_purged_floors":[12,14],"is_endless":false,"potions_floor_spawned":[4,5,8,13,18,22,25],"killed_by":"Sentry and Sphere","ascension_level":0}