{"gold_per_floor":[116,128,143,127,146,180,180,232,232,245,258,138,155,180,180,283,283,301,301,301,316,330,330,343,343,389,42,42,73,86,100,100,100],"floor_reached":33,"playtime":2680,"items_purged":["Strike_R"],"score":336,"play_id":"84906127-aa20-401b-a0e5-883ec4cd1592","local_time":"20190130223654","is_ascension_mode":true,"campfire_choices":[{"data":"Armaments","floor":7,"key":"SMITH"},{"data":"Heavy Blade","floor":15,"key":"SMITH"},{"floor":23,"key":"REST"},{"data":"Whirlwind","floor":25,"key":"SMITH"},{"data":"Ghostly Armor","floor":32,"key":"SMITH"}],"neow_cost":"NONE","seed_source_timestamp":1352780147812200,"circlet_count":0,"master_deck":["Strike_R","Strike_R","Strike_R","Defend_R+1","Defend_R","Defend_R+1","Defend_R","Bash","Whirlwind+1","Armaments+1","Flex","Headbutt","Immolate","Anger","Rampage","Heavy Blade+1","Intimidate","Iron Wave","Impervious","True Grit","Ghostly Armor+1","Body Slam+1","Inflame","Iron Wave"],"relics":["Burning Blood","Singing Bowl","Vajra","Unceasing Top","Mercury Hourglass","Black Star","Enchiridion","Juzu Bracelet","Happy Flower","Lee\u0027s Waffle","Art of War","War Paint"],"potions_floor_usage":[6,14,16,18,22,22,22,33,33],"damage_taken":[{"damage":6,"enemies":"Cultist","floor":1,"turns":4},{"damage":4,"enemies":"Small Slimes","floor":2,"turns":4},{"damage":1,"enemies":"2 Louse","floor":3,"turns":2},{"damage":13,"enemies":"Exordium Thugs","floor":4,"turns":4},{"damage":0,"enemies":"3 Louse","floor":5,"turns":1},{"damage":22,"enemies":"3 Sentries","floor":6,"turns":6},{"damage":6,"enemies":"Looter","floor":10,"turns":3},{"damage":0,"enemies":"Large Slime","floor":11,"turns":4},{"damage":5,"enemies":"Red Slaver","floor":13,"turns":3},{"damage":20,"enemies":"Gremlin Nob","floor":14,"turns":4},{"damage":37,"enemies":"The Guardian","floor":16,"turns":9},{"damage":16,"enemies":"Shell Parasite","floor":18,"turns":4},{"damage":21,"enemies":"Spheric Guardian","floor":21,"turns":5},{"damage":24,"enemies":"Centurion and Healer","floor":22,"turns":5},{"damage":18,"enemies":"Snake Plant","floor":24,"turns":5},{"damage":33,"enemies":"Slavers","floor":29,"turns":5},{"damage":29,"enemies":"Shelled Parasite and Fungi","floor":30,"turns":5},{"damage":0,"enemies":"3 Cultists","floor":31,"turns":3},{"damage":79,"enemies":"Champ","floor":33,"turns":10}],"seed_played":"-8293071595230841393","potions_obtained":[{"floor":1,"key":"Explosive Potion"},{"floor":4,"key":"Block Potion"},{"floor":10,"key":"Ancient Potion"},{"floor":13,"key":"Explosive Potion"},{"floor":14,"key":"SteroidPotion"},{"floor":16,"key":"SteroidPotion"},{"floor":18,"key":"BloodPotion"},{"floor":29,"key":"GamblersBrew"},{"floor":30,"key":"AttackPotion"}],"is_trial":false,"path_per_floor":["M","M","M","M","M","E","R","T","T","M","M","$","M","E","R","B",null,"M","?","?","M","M","R","M","R","T","$","?","E","M","M","R","B"],"character_chosen":"IRONCLAD","items_purchased":["Iron Wave","Happy Flower","Lee\u0027s Waffle"],"campfire_rested":1,"item_purchase_floors":[12,27,27],"current_hp_per_floor":[80,80,80,73,79,63,63,63,63,63,69,69,72,58,58,29,84,74,58,42,27,17,43,31,31,31,96,96,71,50,56,56,0],"gold":100,"neow_bonus":"THREE_CARDS","is_prod":false,"is_daily":false,"chose_seed":false,"campfire_upgraded":4,"win_rate":0,"timestamp":1548905814,"path_taken":["M","M","M","M","M","E","R","?","T","?","M","$","M","E","R","BOSS","M","?","?","M","M","R","M","R","T","$","?","E","M","M","R","BOSS"],"build_version":"2019-01-23","purchased_purges":1,"victory":false,"max_hp_per_floor":[80,80,80,80,80,80,80,80,80,80,80,80,82,82,82,84,84,84,84,89,89,89,89,89,89,89,96,96,98,100,100,100,100],"card_choices":[{"not_picked":["Perfected Strike","Burning Pact"],"picked":"Whirlwind","floor":0},{"not_picked":["Sentinel","Wild Strike"],"picked":"Armaments","floor":1},{"not_picked":["Heavy Blade","Armaments"],"picked":"Flex","floor":2},{"not_picked":["Flex","Battle Trance"],"picked":"Headbutt","floor":3},{"not_picked":["Armaments","Burning Pact"],"picked":"Immolate","floor":4},{"not_picked":["Twin Strike","Fire Breathing"],"picked":"Anger","floor":5},{"not_picked":["Disarm","Warcry"],"picked":"Rampage","floor":6},{"not_picked":["Sword Boomerang","Intimidate"],"picked":"Heavy Blade","floor":10},{"not_picked":["Seeing Red","Twin Strike"],"picked":"Intimidate","floor":11},{"not_picked":["Anger","Wild Strike","Heavy Blade"],"picked":"Singing Bowl","floor":13},{"not_picked":["Headbutt","Battle Trance"],"picked":"Impervious","floor":14},{"not_picked":["Berserk","Juggernaut","Offering"],"picked":"Singing Bowl","floor":16},{"not_picked":["Perfected Strike","Headbutt"],"picked":"True Grit","floor":18},{"not_picked":["Evolve","Clothesline+1"],"picked":"Ghostly Armor","floor":21},{"not_picked":["Disarm","Clothesline"],"picked":"Body Slam+1","floor":22},{"not_picked":["Cleave+1","Clash"],"picked":"Inflame","floor":24},{"not_picked":["Burning Pact","Bludgeon","Sever Soul"],"picked":"Singing Bowl","floor":29},{"not_picked":["Dropkick+1","Armaments","Seeing Red+1"],"picked":"Singing Bowl","floor":30},{"not_picked":["Reckless Charge","Combust+1"],"picked":"Iron Wave","floor":31}],"player_experience":126666,"relics_obtained":[{"floor":6,"key":"Singing Bowl"},{"floor":8,"key":"Vajra"},{"floor":9,"key":"Unceasing Top"},{"floor":14,"key":"Mercury Hourglass"},{"floor":19,"key":"Enchiridion"},{"floor":26,"key":"Juzu Bracelet"},{"floor":29,"key":"Art of War"},{"floor":29,"key":"War Paint"}],"event_choices":[{"damage_healed":0,"gold_gain":0,"player_choice":"Obtained Book","damage_taken":16,"max_hp_gain":0,"max_hp_loss":0,"event_name":"Cursed Tome","floor":19,"gold_loss":0},{"damage_healed":0,"gold_gain":0,"player_choice":"Shed Blood","damage_taken":21,"max_hp_gain":5,"max_hp_loss":0,"event_name":"Forgotten Altar","floor":20,"gold_loss":0},{"cards_removed":["Strike_R"],"damage_healed":0,"gold_gain":0,"player_choice":"Purged","damage_taken":0,"max_hp_gain":0,"max_hp_loss":0,"event_name":"Purifier","floor":28,"gold_loss":0}],"is_beta":false,"boss_relics":[{"not_picked":["Runic Cube","Pandora\u0027s Box"],"picked":"Black Star"}],"items_purged_floors":[12],"is_endless":false,"potions_floor_spawned":[1,4,10,13,14,16,18,29,30],"killed_by":"Champ","ascension_level":2}