{"gold_per_floor":[117,117,117,117,131,162,162,162,162,162,202,218,234,253,253,253],"floor_reached":16,"playtime":590,"items_purged":[],"score":141,"play_id":"3b2e7d5e-cec3-412e-9425-dc941e868a76","local_time":"20190130060031","is_ascension_mode":true,"campfire_choices":[{"data":"Spot Weakness","floor":7,"key":"SMITH"},{"floor":10,"key":"RECALL"},{"floor":15,"key":"REST"}],"neow_cost":"NONE","seed_source_timestamp":1295088222376200,"circlet_count":0,"master_deck":["Strike_R","Strike_R","Strike_R","Strike_R","Strike_R","Defend_R","Defend_R","Defend_R","Defend_R","Spot Weakness+1","Headbutt","Battle Trance","Headbutt"],"relics":["Burning Blood","Golden Idol","Pear","Oddly Smooth Stone","Mummified Hand"],"potions_floor_usage":[6,16],"damage_taken":[{"damage":6,"enemies":"2 Louse","floor":1,"turns":2},{"damage":7,"enemies":"Small Slimes","floor":5,"turns":4},{"damage":33,"enemies":"Gremlin Nob","floor":6,"turns":5},{"damage":38,"enemies":"Lagavulin","floor":11,"turns":8},{"damage":9,"enemies":"Cultist","floor":12,"turns":5},{"damage":6,"enemies":"3 Louse","floor":13,"turns":3},{"damage":12,"enemies":"Lots of Slimes","floor":14,"turns":5},{"damage":45,"enemies":"Slime Boss","floor":16,"turns":6}],"seed_played":"5578667390178683782","potions_obtained":[{"floor":1,"key":"SkillPotion"},{"floor":5,"key":"Swift Potion"},{"floor":6,"key":"Ancient Potion"}],"is_trial":false,"path_per_floor":["M","?","?","?","M","E","R","?","T","R","E","M","M","M","R","B"],"character_chosen":"IRONCLAD","items_purchased":[],"campfire_rested":1,"item_purchase_floors":[],"current_hp_per_floor":[88,66,66,71,70,53,53,53,53,53,21,18,18,12,42,0],"gold":253,"neow_bonus":"TEN_PERCENT_HP_BONUS","is_prod":false,"is_daily":false,"chose_seed":false,"campfire_upgraded":1,"win_rate":0,"timestamp":1548846031,"path_taken":["M","?","?","?","M","E","R","?","T","R","E","M","M","M","R","BOSS"],"build_version":"2019-01-23","purchased_purges":0,"victory":false,"max_hp_per_floor":[88,88,88,93,93,103,103,103,103,103,103,103,103,103,103,103],"card_choices":[{"not_picked":["Bloodletting","Heavy Blade"],"picked":"Spot Weakness","floor":1},{"not_picked":["Intimidate","Sever Soul","Reckless Charge"],"picked":"SKIP","floor":5},{"not_picked":["Seeing Red","Clothesline","Metallicize"],"picked":"SKIP","floor":6},{"not_picked":["Fire Breathing","Corruption","Sword Boomerang"],"picked":"SKIP","floor":11},{"not_picked":["Havoc","Body Slam"],"picked":"Headbutt","floor":12},{"not_picked":["Spot Weakness","Corruption"],"picked":"Battle Trance","floor":13},{"not_picked":["Dual Wield","True Grit"],"picked":"Headbutt","floor":14}],"player_experience":118885,"relics_obtained":[{"floor":6,"key":"Pear"},{"floor":9,"key":"Oddly Smooth Stone"},{"floor":11,"key":"Mummified Hand"}],"event_choices":[{"damage_healed":0,"gold_gain":0,"player_choice":"Take Damage","damage_taken":22,"relics_obtained":["Golden Idol"],"max_hp_gain":0,"max_hp_loss":0,"event_name":"Golden Idol","floor":2,"gold_loss":0},{"damage_healed":0,"gold_gain":0,"player_choice":"Ignored","damage_taken":0,"max_hp_gain":0,"max_hp_loss":0,"event_name":"Liars Game","floor":3,"gold_loss":0},{"damage_healed":0,"gold_gain":0,"player_choice":"Donut","damage_taken":0,"max_hp_gain":5,"max_hp_loss":0,"event_name":"Big Fish","floor":4,"gold_loss":0},{"cards_removed":["Bash"],"damage_healed":0,"gold_gain":0,"player_choice":"Card Removal","damage_taken":0,"max_hp_gain":0,"max_hp_loss":0,"event_name":"Wheel of Change","floor":8,"gold_loss":0}],"is_beta":false,"boss_relics":[],"items_purged_floors":[],"is_endless":false,"potions_floor_spawned":[1,5,6],"killed_by":"Slime Boss","ascension_level":1}