{"gold_per_floor":[113,113,113,113,123,154,172,172,227,257,5,34,34,15,15,115,115,131,56,326,345,358,358,385,385,385,398,398,414,195,195,195,290,290,301,319,319,164,264,264,291,308,333,367,367,367,384,384,384,384],"floor_reached":50,"playtime":4019,"items_purged":["Strike_B","Strike_B"],"score":624,"play_id":"5b8743c8-1939-4494-83ae-4f1dbc53b766","local_time":"20190203122159","is_ascension_mode":false,"campfire_choices":[{"data":"Double Energy","floor":8,"key":"SMITH"},{"data":"Sunder","floor":15,"key":"SMITH"},{"floor":23,"key":"REST"},{"floor":28,"key":"REST"},{"floor":32,"key":"REST"},{"data":"Echo Form","floor":40,"key":"SMITH"},{"floor":45,"key":"REST"},{"data":"Amplify","floor":49,"key":"SMITH"}],"neow_cost":"NONE","seed_source_timestamp":343456899020200,"circlet_count":0,"master_deck":["Defend_B","Defend_B","Defend_B","Defend_B","Dualcast","Tempest","Double Energy+1","Skim","FTL","Undo","Capacitor","Force Field","Sunder+1","Echo Form+1","Conserve Battery","Stack","Force Field","BootSequence","Tempest","Self Repair","Biased Cognition","White Noise+1","Consume","Hello World","Defragment+1","Leap","Amplify+1"],"relics":["Cracked Core","NeowsBlessing","Mercury Hourglass","Shuriken","Strawberry","Pear","Membership Card","Odd Mushroom","Velvet Choker","Happy Flower","Kunai","Mummified Hand","Lizard Tail","Art of War","Unceasing Top","Nunchaku","Anchor","Ancient Tea Set","FossilizedHelix"],"potions_floor_usage":[24,33,39,50,50],"damage_taken":[{"damage":0,"enemies":"Jaw Worm","floor":1,"turns":1},{"damage":0,"enemies":"Small Slimes","floor":5,"turns":1},{"damage":0,"enemies":"Gremlin Nob","floor":6,"turns":1},{"damage":1,"enemies":"Cultist","floor":7,"turns":3},{"damage":21,"enemies":"Lagavulin","floor":10,"turns":5},{"damage":10,"enemies":"The Mushroom Lair","floor":12,"turns":4},{"damage":54,"enemies":"The Guardian","floor":16,"turns":10},{"damage":0,"enemies":"Spheric Guardian","floor":18,"turns":3},{"damage":15,"enemies":"3 Byrds","floor":21,"turns":3},{"damage":15,"enemies":"Centurion and Healer","floor":22,"turns":7},{"damage":39,"enemies":"Gremlin Leader","floor":24,"turns":5},{"damage":0,"enemies":"Cultist and Chosen","floor":27,"turns":7},{"damage":22,"enemies":"Snake Plant","floor":29,"turns":3},{"damage":7,"enemies":"Champ","floor":33,"turns":11},{"damage":0,"enemies":"3 Darklings","floor":35,"turns":4},{"damage":13,"enemies":"Orb Walker","floor":36,"turns":3},{"damage":31,"enemies":"Mind Bloom Boss Battle","floor":39,"turns":8},{"damage":76,"enemies":"Reptomancer","floor":41,"turns":6},{"damage":36,"enemies":"Writhing Mass","floor":42,"turns":4},{"damage":30,"enemies":"Giant Head","floor":44,"turns":9},{"damage":5,"enemies":"4 Shapes","floor":47,"turns":4},{"damage":98,"enemies":"Donu and Deca","floor":50,"turns":13}],"seed_played":"5612019906987456697","potions_obtained":[{"floor":1,"key":"PowerPotion"},{"floor":12,"key":"AttackPotion"},{"floor":18,"key":"Ancient Potion"},{"floor":21,"key":"Regen Potion"},{"floor":27,"key":"GamblersBrew"},{"floor":29,"key":"FairyPotion"},{"floor":35,"key":"Ancient Potion"},{"floor":44,"key":"Ancient Potion"}],"is_trial":false,"path_per_floor":["M","?","?","T","M","E","M","R","T","E","$","?","?","$","R","B",null,"M","?","?","M","M","R","E","?","T","M","R","M","$","?","R","B",null,"M","M","?","$","?","R","E","M","T","E","R","?","M","T","R","B"],"character_chosen":"DEFECT","items_purchased":["Membership Card","Capacitor","Sunder","Mummified Hand","Self Repair","Art of War","Consume","Hello World"],"campfire_rested":4,"item_purchase_floors":[11,11,14,30,30,38,38,38],"current_hp_per_floor":[75,75,80,80,80,80,79,79,86,75,75,65,65,65,65,11,97,97,97,61,46,31,60,21,21,21,21,50,28,28,28,57,64,97,97,97,97,97,85,85,23,16,16,55,84,84,79,79,79,0],"gold":384,"neow_bonus":"THREE_ENEMY_KILL","is_prod":false,"is_daily":false,"chose_seed":false,"campfire_upgraded":4,"win_rate":0.0,"timestamp":1549167719,"path_taken":["M","?","?","?","?","E","M","R","T","E","$","?","?","?","R","BOSS","M","?","?","?","M","R","E","?","T","M","R","M","$","?","R","BOSS","M","?","?","$","?","R","E","M","T","E","R","?","M","?","R","BOSS"],"build_version":"2019-01-23","purchased_purges":2,"victory":false,"max_hp_per_floor":[75,75,80,80,80,80,80,80,87,97,97,97,97,97,97,97,97,97,97,97,97,97,97,97,97,97,97,97,97,97,97,97,97,97,97,97,97,97,97,97,97,97,97,97,97,92,92,92,92,92],"card_choices":[{"not_picked":["Compile Driver","Sweeping Beam"],"picked":"Tempest","floor":1},{"not_picked":["Rebound","Barrage"],"picked":"Double Energy","floor":5},{"not_picked":["Force Field","Coolheaded"],"picked":"Skim","floor":6},{"not_picked":["Streamline","Chill"],"picked":"FTL","floor":7},{"not_picked":["Scrape","Heatsinks"],"picked":"Undo","floor":10},{"not_picked":["Redo","Coolheaded"],"picked":"Force Field","floor":12},{"not_picked":["Seek","All For One"],"picked":"Echo Form","floor":16},{"not_picked":["Darkness","Reprogram"],"picked":"Conserve Battery","floor":18},{"not_picked":["Rebound","Hologram+1"],"picked":"Stack","floor":21},{"not_picked":["Conserve Battery","Stack"],"picked":"Force Field","floor":22},{"not_picked":["Leap","Go for the Eyes"],"picked":"BootSequence","floor":24},{"not_picked":["Reprogram","Streamline"],"picked":"Tempest","floor":27},{"not_picked":["Ball Lightning","Hologram","Redo"],"picked":"SKIP","floor":29},{"not_picked":["Seek","Fission"],"picked":"Biased Cognition","floor":33},{"not_picked":["Tempest+1","Chaos+1"],"picked":"White Noise+1","floor":35},{"not_picked":["Turbo+1","Redo+1","Stack+1"],"picked":"SKIP","floor":36},{"not_picked":["Ball Lightning+1","Reprogram"],"picked":"Defragment+1","floor":41},{"not_picked":["Redo","FTL+1","Stack"],"picked":"SKIP","floor":42},{"not_picked":["Undo","Steam+1"],"picked":"Leap","floor":44},{"not_picked":["Reinforced Body+1","Defragment+1"],"picked":"Amplify","floor":47}],"player_experience":273708,"relics_obtained":[{"floor":4,"key":"Mercury Hourglass"},{"floor":6,"key":"Shuriken"},{"floor":9,"key":"Strawberry"},{"floor":10,"key":"Pear"},{"floor":12,"key":"Odd Mushroom"},{"floor":24,"key":"Happy Flower"},{"floor":26,"key":"Kunai"},{"floor":39,"key":"Unceasing Top"},{"floor":41,"key":"Nunchaku"},{"floor":43,"key":"Anchor"},{"floor":44,"key":"Ancient Tea Set"},{"floor":48,"key":"FossilizedHelix"}],"event_choices":[{"damage_healed":0,"gold_gain":0,"player_choice":"Ignored","damage_taken":0,"max_hp_gain":0,"max_hp_loss":0,"event_name":"Liars Game","floor":2,"gold_loss":0},{"damage_healed":0,"gold_gain":0,"player_choice":"Donut","damage_taken":0,"max_hp_gain":5,"max_hp_loss":0,"event_name":"Big Fish","floor":3,"gold_loss":0},{"damage_healed":0,"gold_gain":0,"player_choice":"Fought Mushrooms","damage_taken":0,"max_hp_gain":0,"max_hp_loss":0,"event_name":"Mushrooms","floor":12,"gold_loss":0},{"damage_healed":0,"gold_gain":0,"player_choice":"Leave","damage_taken":0,"max_hp_gain":0,"max_hp_loss":0,"event_name":"The Cleric","floor":13,"gold_loss":0},{"cards_removed":["Strike_B"],"damage_healed":0,"gold_gain":0,"player_choice":"Gave Gold","damage_taken":0,"max_hp_gain":0,"max_hp_loss":0,"event_name":"Beggar","floor":19,"gold_loss":75},{"damage_healed":0,"gold_gain":270,"player_choice":"GOLD GOLD GOLD ","damage_taken":36,"max_hp_gain":0,"max_hp_loss":0,"event_name":"Knowing Skull","floor":20,"potions_obtained":[],"gold_loss":0,"cards_obtained":[]},{"cards_removed":["Strike_B"],"damage_healed":0,"gold_gain":0,"player_choice":"Elegance","damage_taken":0,"max_hp_gain":0,"max_hp_loss":0,"event_name":"Back to Basics","floor":25,"gold_loss":0},{"damage_healed":0,"gold_gain":0,"player_choice":"Bought 0 Potions","damage_taken":0,"max_hp_gain":0,"max_hp_loss":0,"event_name":"The Woman in Blue","floor":31,"gold_loss":0},{"cards_removed":["Zap"],"damage_healed":0,"gold_gain":0,"player_choice":"Removed Skill","damage_taken":0,"max_hp_gain":0,"max_hp_loss":0,"event_name":"Falling","floor":37,"gold_loss":0},{"damage_healed":0,"gold_gain":0,"player_choice":"Fight","damage_taken":0,"max_hp_gain":0,"max_hp_loss":0,"event_name":"MindBloom","floor":39,"gold_loss":0},{"damage_healed":0,"gold_gain":0,"player_choice":"Max HP","damage_taken":0,"max_hp_gain":0,"max_hp_loss":5,"event_name":"Winding Halls","floor":46,"gold_loss":0}],"is_beta":false,"boss_relics":[{"not_picked":["Cursed Key","Inserter"],"picked":"Velvet Choker"},{"not_picked":["Pandora\u0027s Box","Black Star"],"picked":"Lizard Tail"}],"items_purged_floors":[11,30],"is_endless":false,"potions_floor_spawned":[1,12,18,21,27,29,35,44],"killed_by":"Donu and Deca","ascension_level":0}