{"gold_per_floor":[113,113,63,77,94,94,121,121,121,146,146,165,165,95,95,199,199,214,133,133,145,165,192,192,204,227,302,302,314,349,349],"floor_reached":31,"playtime":1173,"items_purged":[],"score":283,"play_id":"f51af58e-a843-4c60-9d70-8c04d7190005","local_time":"20190203175139","is_ascension_mode":false,"campfire_choices":[{"data":"Flechettes","floor":6,"key":"SMITH"},{"data":"Catalyst","floor":8,"key":"SMITH"},{"floor":11,"key":"REST"},{"data":"Finisher","floor":15,"key":"SMITH"},{"floor":24,"key":"REST"},{"floor":28,"key":"REST"}],"neow_cost":"NONE","seed_source_timestamp":280313056331035,"circlet_count":0,"master_deck":["Defend_G","Defend_G","Defend_G","Defend_G","Defend_G","Strike_G","Strike_G","Survivor","Neutralize","Flechettes+1","Catalyst+1","Escape Plan","Dagger Spray","Reflex","Finisher+1","Corpse Explosion","Unload","Cloak And Dagger+1","Caltrops","Infinite Blades","Deflect","Infinite Blades+1","Flying Knee","Bane+1","Backflip+1"],"relics":["Ring of the Snake","Oddly Smooth Stone","Paper Crane","Pen Nib","Snake Skull","Centennial Puzzle","Empty Cage","Bottled Lightning","Ancient Tea Set","Smiling Mask"],"potions_floor_usage":[7,10,16,16,30],"damage_taken":[{"damage":0,"enemies":"Jaw Worm","floor":1,"turns":6},{"damage":0,"enemies":"2 Louse","floor":4,"turns":2},{"damage":0,"enemies":"Small Slimes","floor":5,"turns":5},{"damage":5,"enemies":"Lagavulin","floor":7,"turns":4},{"damage":17,"enemies":"3 Sentries","floor":10,"turns":9},{"damage":0,"enemies":"Red Slaver","floor":12,"turns":3},{"damage":13,"enemies":"Hexaghost","floor":16,"turns":7},{"damage":10,"enemies":"3 Byrds","floor":18,"turns":4},{"damage":3,"enemies":"Shell Parasite","floor":21,"turns":3},{"damage":5,"enemies":"3 Cultists","floor":22,"turns":3},{"damage":36,"enemies":"Gremlin Leader","floor":23,"turns":7},{"damage":8,"enemies":"Snecko","floor":25,"turns":5},{"damage":6,"enemies":"Centurion and Healer","floor":29,"turns":4},{"damage":27,"enemies":"Slavers","floor":30,"turns":2},{"damage":19,"enemies":"Shelled Parasite and Fungi","floor":31,"turns":2}],"seed_played":"823613774832653462","potions_obtained":[{"floor":1,"key":"FearPotion"},{"floor":5,"key":"SkillPotion"},{"floor":7,"key":"Dexterity Potion"},{"floor":10,"key":"PowerPotion"},{"floor":23,"key":"Energy Potion"},{"floor":25,"key":"Fire Potion"},{"floor":30,"key":"Strength Potion"}],"is_trial":false,"path_per_floor":["M","?","?","M","M","R","E","R","T","E","R","M","?","$","R","B",null,"M","$","?","M","M","E","R","M","T","?","R","M","E","M"],"character_chosen":"THE_SILENT","items_purchased":["Corpse Explosion","Caltrops"],"campfire_rested":3,"item_purchase_floors":[14,19],"current_hp_per_floor":[70,63,63,63,63,63,58,58,58,41,62,62,62,62,62,49,70,60,60,60,57,52,16,37,29,29,22,43,37,10,0],"gold":349,"neow_bonus":"RANDOM_COMMON_RELIC","is_prod":false,"is_daily":false,"chose_seed":false,"campfire_upgraded":3,"win_rate":0.0,"timestamp":1549187499,"path_taken":["M","?","?","M","M","R","E","R","T","E","R","M","?","$","R","BOSS","M","$","?","M","M","E","R","M","T","?","R","M","E","?"],"build_version":"2019-01-23","purchased_purges":0,"victory":false,"max_hp_per_floor":[70,70,70,70,70,70,70,70,70,70,70,70,70,70,70,70,70,70,70,70,70,70,70,70,70,70,70,70,70,70,70],"card_choices":[{"not_picked":["Deadly Poison","Cloak And Dagger"],"picked":"Flechettes","floor":1},{"not_picked":["Riddle With Holes","Terror"],"picked":"Catalyst","floor":4},{"not_picked":["Backflip","Cloak And Dagger"],"picked":"Escape Plan","floor":5},{"not_picked":["Outmaneuver","Underhanded Strike"],"picked":"Dagger Spray","floor":7},{"not_picked":["Deflect","Underhanded Strike"],"picked":"Reflex","floor":10},{"not_picked":["Deadly Poison","Escape Plan"],"picked":"Finisher","floor":12},{"not_picked":["A Thousand Cuts","Tools of the Trade"],"picked":"Unload","floor":16},{"not_picked":["Sucker Punch","Backflip"],"picked":"Cloak And Dagger+1","floor":18},{"not_picked":["Backstab","Outmaneuver"],"picked":"Infinite Blades","floor":21},{"not_picked":["Tools of the Trade","Underhanded Strike"],"picked":"Deflect","floor":22},{"not_picked":["Flying Knee","Well Laid Plans"],"picked":"Infinite Blades+1","floor":23},{"not_picked":["Eviscerate","Riddle With Holes"],"picked":"Flying Knee","floor":25},{"not_picked":["Dodge and Roll","Acrobatics"],"picked":"Bane+1","floor":29},{"not_picked":["Deflect","Flying Knee"],"picked":"Backflip+1","floor":30}],"player_experience":175213,"relics_obtained":[{"floor":7,"key":"Pen Nib"},{"floor":9,"key":"Snake Skull"},{"floor":10,"key":"Centennial Puzzle"},{"floor":23,"key":"Bottled Lightning"},{"floor":26,"key":"Ancient Tea Set"},{"floor":30,"key":"Smiling Mask"}],"event_choices":[{"damage_healed":0,"gold_gain":0,"player_choice":"Success","damage_taken":7,"relics_obtained":["Paper Crane"],"max_hp_gain":0,"max_hp_loss":0,"event_name":"Scrap Ooze","floor":2,"gold_loss":0},{"cards_removed":["Strike_G"],"damage_healed":0,"gold_gain":0,"player_choice":"Card Removal","damage_taken":0,"max_hp_gain":0,"max_hp_loss":0,"event_name":"The Cleric","floor":3,"gold_loss":50},{"damage_healed":0,"gold_gain":0,"player_choice":"Ignored","damage_taken":0,"max_hp_gain":0,"max_hp_loss":0,"event_name":"NoteForYourself","floor":13,"gold_loss":0},{"damage_healed":0,"gold_gain":0,"player_choice":"Ignored","damage_taken":0,"max_hp_gain":0,"max_hp_loss":0,"event_name":"Ghosts","floor":20,"gold_loss":0},{"damage_healed":0,"gold_gain":75,"player_choice":"Touch","damage_taken":7,"max_hp_gain":0,"max_hp_loss":0,"event_name":"FaceTrader","floor":27,"gold_loss":0}],"is_beta":false,"boss_relics":[{"not_picked":["Ectoplasm","HoveringKite"],"picked":"Empty Cage"}],"items_purged_floors":[],"is_endless":false,"potions_floor_spawned":[1,5,7,10,23,25,30],"killed_by":"Shelled Parasite and Fungi","ascension_level":0}