{"gold_per_floor":[111,111,36,51,51,51,68,102,102,133,66,79,90,102,102,200,200,212,112,124,54,65,92,17,17,17,35,35],"floor_reached":28,"playtime":1428,"items_purged":["Regret","Strike_R"],"score":330,"play_id":"bec8056a-9a54-427f-8a88-70f7b37f9974","local_time":"20180924114217","is_ascension_mode":true,"campfire_choices":[{"data":"Pommel Strike","floor":6,"key":"SMITH"},{"data":"Heavy Blade","floor":15,"key":"SMITH"}],"neow_cost":"TEN_PERCENT_HP_LOSS","seed_source_timestamp":921839741684163,"circlet_count":0,"master_deck":["Strike_R","Strike_R","Defend_R","Defend_R","Defend_R+1","Bash+1","Pommel Strike+1","Thunderclap","Iron Wave","Flex","Heavy Blade+1","Demon Form+1","Shrug It Off","Offering","Flame Barrier","True Grit","Anger","Shame"],"relics":["Burning Blood","Frozen Egg 2","Red Skull","Mercury Hourglass","Gambling Chip","Cursed Key","Anchor","Dodecahedron"],"potions_floor_usage":[16,20,23,28,28],"damage_taken":[{"damage":12,"enemies":"Small Slimes","floor":1,"turns":5},{"damage":7,"enemies":"Jaw Worm","floor":4,"turns":5},{"damage":0,"enemies":"Cultist","floor":7,"turns":2},{"damage":21,"enemies":"3 Sentries","floor":8,"turns":9},{"damage":23,"enemies":"Lagavulin","floor":10,"turns":4},{"damage":6,"enemies":"Lots of Slimes","floor":12,"turns":2},{"damage":1,"enemies":"3 Louse","floor":13,"turns":2},{"damage":0,"enemies":"Blue Slaver","floor":14,"turns":2},{"damage":0,"enemies":"Slime Boss","floor":16,"turns":5},{"damage":19,"enemies":"Spheric Guardian","floor":18,"turns":4},{"damage":14,"enemies":"Shell Parasite","floor":20,"turns":4},{"damage":6,"enemies":"Centurion and Healer","floor":22,"turns":6},{"damage":13,"enemies":"Gremlin Leader","floor":23,"turns":5},{"damage":27,"enemies":"3 Cultists","floor":27,"turns":5},{"damage":30,"enemies":"Book of Stabbing","floor":28,"turns":3}],"seed_played":"8825125332176928769","potions_obtained":[{"floor":4,"key":"Regen Potion"},{"floor":8,"key":"GamblersBrew"},{"floor":12,"key":"SneckoOil"},{"floor":16,"key":"Energy Potion"},{"floor":22,"key":"Regen Potion"},{"floor":27,"key":"BloodPotion"}],"is_trial":false,"path_per_floor":["M","?","$","M","?","R","M","E","T","E","$","M","M","M","R","B",null,"M","$","M","$","M","E","?","?","T","M"],"character_chosen":"IRONCLAD","items_purchased":["Demon Form+1","True Grit","Block Potion"],"campfire_rested":0,"item_purchase_floors":[11,21,21],"current_hp_per_floor":[66,66,66,65,51,51,57,42,42,25,25,25,30,36,36,56,72,59,59,51,51,51,44,44,44,44,23,0],"gold":35,"neow_bonus":"REMOVE_TWO","is_prod":false,"is_daily":false,"chose_seed":false,"campfire_upgraded":2,"win_rate":0,"timestamp":1537782137,"path_taken":["M","?","$","?","?","R","M","E","T","E","$","M","M","M","R","BOSS","M","$","M","?","M","E","?","?","T","M","E"],"build_version":"2018-09-20","purchased_purges":2,"victory":false,"max_hp_per_floor":[72,72,72,72,72,72,72,72,72,72,72,72,72,72,72,72,72,72,72,72,72,72,72,72,72,72,72,72],"card_choices":[{"not_picked":["Bloodletting","Perfected Strike"],"picked":"Pommel Strike","floor":1},{"not_picked":["Perfected Strike","Pommel Strike"],"picked":"Thunderclap","floor":4},{"not_picked":["Armaments","Twin Strike"],"picked":"Iron Wave","floor":7},{"not_picked":["Headbutt","Iron Wave"],"picked":"Flex","floor":8},{"not_picked":["Flex","Sever Soul"],"picked":"Heavy Blade","floor":10},{"not_picked":["Headbutt","Wild Strike","Clothesline"],"picked":"SKIP","floor":12},{"not_picked":["Offering","Body Slam"],"picked":"Shrug It Off","floor":13},{"not_picked":["Cleave","Armaments","Twin Strike"],"picked":"SKIP","floor":14},{"not_picked":["Impervious","Fiend Fire"],"picked":"Offering","floor":16},{"not_picked":["Pommel Strike","Anger","Warcry"],"picked":"SKIP","floor":18},{"not_picked":["Armaments","Bludgeon"],"picked":"Flame Barrier","floor":20},{"not_picked":["Inflame+1","Bloodletting"],"picked":"Anger","floor":22},{"not_picked":["Disarm+1","Flex","Thunderclap+1"],"picked":"SKIP","floor":23},{"not_picked":["Feel No Pain+1","Thunderclap","Corruption+1"],"picked":"SKIP","floor":27}],"player_experience":105532,"relics_obtained":[{"floor":8,"key":"Red Skull"},{"floor":9,"key":"Mercury Hourglass"},{"floor":10,"key":"Gambling Chip"},{"floor":23,"key":"Anchor"},{"floor":26,"key":"Dodecahedron"}],"event_choices":[{"event_name":"Big Fish","player_choice":"Box","floor":2,"damage_taken":0},{"event_name":"Shining Light","player_choice":"Entered Light","floor":5,"damage_taken":0},{"event_name":"Beggar","player_choice":"Gave Gold","floor":24,"damage_taken":0},{"event_name":"Vampires","player_choice":"Ignored","floor":25,"damage_taken":0}],"is_beta":true,"boss_relics":[{"not_picked":["Black Star","Ectoplasm"],"picked":"Cursed Key"}],"items_purged_floors":[3,19],"is_endless":false,"potions_floor_spawned":[4,8,12,16,22,27],"killed_by":"Book of Stabbing","ascension_level":2}