{"gold_per_floor":[362,437,455,455,179,206,222,222,295,352,364,364,396,412,412,412],"floor_reached":16,"playtime":1952,"items_purged":["Strike_R"],"score":192,"play_id":"e7fdd7f1-fe74-4751-b74f-92dd5202bc04","local_time":"20181024000855","is_ascension_mode":true,"campfire_choices":[{"floor":8.0,"key":"REST"},{"floor":12.0,"key":"REST"},{"floor":15,"key":"REST"}],"neow_cost":"PERCENT_DAMAGE","seed_source_timestamp":1179190216408654,"circlet_count":0,"master_deck":["Strike_R","Strike_R","Strike_R","Strike_R","Defend_R+1","Defend_R","Defend_R+1","Defend_R+1","Bash","AscendersBane","Body Slam+1","Intimidate","Iron Wave","Shrug It Off","Flame Barrier"],"special_seed":0,"relics":["Burning Blood","Omamori","War Paint","Letter Opener","Tiny Chest","Bag of Preparation"],"potions_floor_usage":[16],"damage_taken":[{"damage":1.0,"enemies":"Small Slimes","floor":1.0,"turns":4.0},{"damage":8.0,"enemies":"Jaw Worm","floor":3.0,"turns":4.0},{"damage":25.0,"enemies":"3 Sentries","floor":6.0,"turns":12.0},{"damage":0.0,"enemies":"2 Louse","floor":7.0,"turns":2.0},{"damage":27.0,"enemies":"Gremlin Nob","floor":10.0,"turns":5.0},{"damage":1.0,"enemies":"Blue Slaver","floor":11.0,"turns":4.0},{"damage":41.0,"enemies":"3 Sentries","floor":13.0,"turns":11.0},{"damage":0,"enemies":"Looter","floor":14,"turns":3},{"damage":46,"enemies":"Hexaghost","floor":16,"turns":11}],"seed_played":"2758534472899711560","potions_obtained":[{"floor":1.0,"key":"Fire Potion"},{"floor":7.0,"key":"SpeedPotion"},{"floor":13.0,"key":"Dexterity Potion"}],"is_trial":false,"path_per_floor":["M","?","M","?","$","E","M","R","T","E","M","R","E","M","R"],"character_chosen":"IRONCLAD","items_purchased":["Omamori","Block Potion"],"campfire_rested":3,"item_purchase_floors":[5,5],"current_hp_per_floor":[56,45,43,27,27,8,14,38,38,17,22,46,11,17,41,0],"gold":412,"neow_bonus":"TWO_FIFTY_GOLD","is_prod":false,"is_daily":false,"chose_seed":false,"campfire_upgraded":0,"win_rate":0,"timestamp":1540332535,"path_taken":["M","?","M","?","$","E","M","R","T","E","M","R","E","M","R","BOSS"],"build_version":"2018-10-22","purchased_purges":1,"victory":false,"max_hp_per_floor":[80,80,80,80,80,80,80,80,80,80,80,80,80,80,80,80],"card_choices":[{"not_picked":["Pommel Strike","Flex"],"picked":"Body Slam","floor":1.0},{"not_picked":["Pummel","Dual Wield","Uppercut"],"picked":"SKIP","floor":3.0},{"not_picked":["Pommel Strike","Inflame"],"picked":"Intimidate","floor":6.0},{"not_picked":["Carnage","Bloodletting"],"picked":"Iron Wave","floor":7.0},{"not_picked":["Disarm","Blood for Blood","Corruption"],"picked":"SKIP","floor":10.0},{"not_picked":["Searing Blow","Rage"],"picked":"Shrug It Off","floor":11.0},{"not_picked":["Bloodletting","True Grit","Pommel Strike"],"picked":"SKIP","floor":13.0},{"not_picked":["Twin Strike","True Grit"],"picked":"Flame Barrier","floor":14}],"player_experience":389748,"relics_obtained":[{"floor":6.0,"key":"War Paint"},{"floor":9.0,"key":"Letter Opener"},{"floor":10.0,"key":"Tiny Chest"},{"floor":13.0,"key":"Bag of Preparation"}],"event_choices":[{"damage_healed":0.0,"max_hp_gain":0.0,"max_hp_loss":0.0,"gold_gain":75.0,"event_name":"World of Goop","player_choice":"Gather Gold","floor":2.0,"gold_loss":0.0,"damage_taken":11.0},{"damage_healed":0.0,"max_hp_gain":0.0,"max_hp_loss":0.0,"gold_gain":0.0,"event_name":"Shining Light","player_choice":"Entered Light","floor":4.0,"gold_loss":0.0,"damage_taken":16.0,"cards_upgraded":["Defend_R","Body Slam"]}],"is_beta":true,"boss_relics":[],"items_purged_floors":[5],"is_endless":false,"potions_floor_spawned":[1,7,13,14],"killed_by":"Hexaghost","ascension_level":12}