{"gold_per_floor":[117,117,137,43,53,79,79,93,93,107,136,155,183,203,203,299,299,312,312,312,185,196,223,223,252,252,277,287,362,184,200,200,304,304,322,322,322,340,340,374,374,393,417,435,470,112,147,160,160,160],"floor_reached":51,"playtime":3570,"items_purged":["Strike_R+1","Strike_R+1","Strike_R+1"],"score":1355,"play_id":"65f6a73f-821c-48a8-9ee8-ec8e996a4a6a","local_time":"20181014143111","is_ascension_mode":true,"campfire_choices":[{"data":"Body Slam","floor":7.0,"key":"SMITH"},{"data":"Rage","floor":15,"key":"SMITH"},{"data":"Armaments","floor":24,"key":"SMITH"},{"data":"Barricade","floor":32,"key":"SMITH"},{"data":"Flame Barrier","floor":41,"key":"SMITH"},{"data":"Impervious","floor":49,"key":"SMITH"}],"neow_cost":"NONE","seed_source_timestamp":365489238559898,"circlet_count":0,"master_deck":["Strike_R+1","Defend_R+1","Defend_R+1","Defend_R+1","Defend_R+1","Bash","Entrench+1","Anger","Shrug It Off","Armaments+1","Intimidate","Body Slam+1","Thunderclap","Rage+1","Flame Barrier+1","Impervious+1","Headbutt","Ghostly Armor+1","Shrug It Off","Impervious","Barricade+1","Impervious","Madness","Madness","Body Slam+1"],"special_seed":0,"relics":["Burning Blood","Art of War","Blood Vial","Mercury Hourglass","Meat on the Bone","Sozu","Shuriken","PreservedInsect","Calipers","Regal Pillow","Pantograph","Tiny Chest","Philosopher\u0027s Stone","Bottled Flame","Vajra","MawBank","Dodecahedron","Bottled Tornado"],"potions_floor_usage":[13,13,16,50],"damage_taken":[{"damage":1.0,"enemies":"2 Louse","floor":1.0,"turns":3.0},{"damage":0.0,"enemies":"Cultist","floor":3.0,"turns":4.0},{"damage":0.0,"enemies":"Jaw Worm","floor":5.0,"turns":5.0},{"damage":30.0,"enemies":"3 Sentries","floor":6.0,"turns":12.0},{"damage":5.0,"enemies":"Red Slaver","floor":8.0,"turns":3.0},{"damage":1.0,"enemies":"2 Fungi Beasts","floor":10.0,"turns":3.0},{"damage":0.0,"enemies":"Gremlin Nob","floor":11.0,"turns":2.0},{"damage":4.0,"enemies":"Large Slime","floor":12.0,"turns":5.0},{"damage":17,"enemies":"Lagavulin","floor":13,"turns":6},{"damage":0,"enemies":"Blue Slaver","floor":14,"turns":4},{"damage":23,"enemies":"The Guardian","floor":16,"turns":12},{"damage":0,"enemies":"3 Byrds","floor":18,"turns":4},{"damage":5,"enemies":"Shell Parasite","floor":22,"turns":5},{"damage":29,"enemies":"Book of Stabbing","floor":23,"turns":6},{"damage":5,"enemies":"Slavers","floor":25,"turns":4},{"damage":0,"enemies":"Book of Stabbing","floor":27,"turns":3},{"damage":10,"enemies":"Sentry and Sphere","floor":28,"turns":9},{"damage":0,"enemies":"Snake Plant","floor":31,"turns":5},{"damage":30,"enemies":"Automaton","floor":33,"turns":13},{"damage":25,"enemies":"3 Darklings","floor":35,"turns":7},{"damage":0,"enemies":"Orb Walker","floor":38,"turns":2},{"damage":0,"enemies":"Nemesis","floor":40,"turns":3},{"damage":0,"enemies":"Transient","floor":42,"turns":5},{"damage":0,"enemies":"Sphere and 2 Shapes","floor":44,"turns":6},{"damage":0,"enemies":"2 Orb Walkers","floor":45,"turns":2},{"damage":0,"enemies":"Giant Head","floor":47,"turns":7},{"damage":0,"enemies":"Maw","floor":48,"turns":6},{"damage":26,"enemies":"Time Eater","floor":50,"turns":23}],"seed_played":"-4334830870920905337","potions_obtained":[{"floor":1.0,"key":"Poison Potion"},{"floor":3.0,"key":"Poison Potion"},{"floor":8.0,"key":"AttackPotion"},{"floor":11.0,"key":"Energy Potion"},{"floor":12.0,"key":"EssenceOfSteel"},{"floor":16,"key":"EssenceOfSteel"}],"is_trial":false,"path_per_floor":["M","?","M","$","M","E","R","M","T","M","E","M","E","M","R","B",null,"M","T","?","$","M","E","R","E","T","E","M","T","$","M","R","B",null,"M","?","?","M","?","E","R","M","T","M","E","$","E","M","R","B"],"character_chosen":"IRONCLAD","items_purchased":["Shrug It Off","Armaments","Headbutt","Impervious","Dodecahedron"],"campfire_rested":0,"item_purchase_floors":[4,4,21,30,46],"current_hp_per_floor":[77,77,80,80,80,56,56,57,57,64,72,76,67,75,75,60,75,80,80,80,80,80,57,57,60,60,68,66,66,66,74,74,56,74,57,47,47,55,55,63,63,71,71,79,80,80,80,80,80,60],"gold":160,"neow_bonus":"UPGRADE_CARD","is_prod":false,"is_daily":false,"chose_seed":false,"campfire_upgraded":6,"win_rate":0,"timestamp":1539520271,"path_taken":["M","?","M","$","M","E","R","M","T","M","E","M","E","M","R","BOSS","M","?","?","$","M","E","R","E","T","E","M","?","$","?","R","BOSS","M","?","?","M","?","E","R","M","T","M","E","$","E","M","R","BOSS"],"build_version":"2018-10-11","purchased_purges":3,"victory":true,"max_hp_per_floor":[80,80,80,80,80,80,80,80,80,80,80,80,80,80,80,80,80,80,80,80,80,80,80,80,80,80,80,80,80,80,80,80,80,80,80,80,80,80,80,80,80,80,80,80,80,80,80,80,80,80],"card_choices":[{"not_picked":["Rupture","Evolve"],"picked":"Entrench","floor":1.0},{"not_picked":["Twin Strike","Flex"],"picked":"Anger","floor":3.0},{"not_picked":["Perfected Strike","Thunderclap"],"picked":"Intimidate","floor":5.0},{"not_picked":["Shrug It Off","Clothesline"],"picked":"Body Slam","floor":6.0},{"not_picked":["Corruption","Warcry"],"picked":"Thunderclap","floor":8.0},{"not_picked":["Flex","Spot Weakness","Wild Strike"],"picked":"SKIP","floor":10.0},{"not_picked":["Bloodletting","Heavy Blade"],"picked":"Rage","floor":11.0},{"not_picked":["Intimidate","Dark Embrace","Pummel"],"picked":"SKIP","floor":12.0},{"not_picked":["Fire Breathing","Combust"],"picked":"Flame Barrier","floor":13},{"not_picked":["Thunderclap","Disarm","Metallicize"],"picked":"SKIP","floor":14},{"not_picked":["Exhume","Immolate"],"picked":"Impervious","floor":16},{"not_picked":["Heavy Blade","Perfected Strike","Rampage"],"picked":"SKIP","floor":18},{"not_picked":["True Grit","Anger+1"],"picked":"Ghostly Armor+1","floor":22},{"not_picked":["Brutality","Heavy Blade","Wild Strike"],"picked":"SKIP","floor":23},{"not_picked":["Spot Weakness","Clash+1"],"picked":"Shrug It Off","floor":25},{"not_picked":["Thunderclap","Rampage","Armaments"],"picked":"SKIP","floor":27},{"not_picked":["Shrug It Off","Anger","Twin Strike"],"picked":"SKIP","floor":28},{"not_picked":["Wild Strike+1","Dropkick"],"picked":"Barricade","floor":31},{"not_picked":["Demon Form","Reaper"],"picked":"Impervious","floor":33},{"not_picked":["Cleave+1","Clash","Anger+1"],"picked":"SKIP","floor":35},{"not_picked":["Armaments","Shockwave+1","Flex"],"picked":"SKIP","floor":38},{"not_picked":["Dual Wield+1","Pommel Strike+1","Fire Breathing+1"],"picked":"SKIP","floor":40},{"not_picked":["Sword Boomerang","Inflame"],"picked":"Body Slam+1","floor":42},{"not_picked":["Rupture+1","Feel No Pain","Metallicize"],"picked":"SKIP","floor":44},{"not_picked":["Fiend Fire","Armaments+1","Intimidate"],"picked":"SKIP","floor":45},{"not_picked":["Offering","Rampage+1","Pommel Strike+1"],"picked":"SKIP","floor":47},{"not_picked":["Dual Wield+1","Perfected Strike","Heavy Blade+1"],"picked":"SKIP","floor":48}],"player_experience":232005,"relics_obtained":[{"floor":6.0,"key":"Art of War"},{"floor":9.0,"key":"Blood Vial"},{"floor":11.0,"key":"Mercury Hourglass"},{"floor":13,"key":"Meat on the Bone"},{"floor":19,"key":"Shuriken"},{"floor":23,"key":"PreservedInsect"},{"floor":25,"key":"Calipers"},{"floor":26,"key":"Regal Pillow"},{"floor":27,"key":"Pantograph"},{"floor":29,"key":"Tiny Chest"},{"floor":40,"key":"Bottled Flame"},{"floor":43,"key":"Vajra"},{"floor":45,"key":"MawBank"},{"floor":47,"key":"Bottled Tornado"}],"event_choices":[{"event_name":"Accursed Blacksmith","player_choice":"Forge","floor":2.0,"damage_taken":0.0},{"event_name":"Back to Basics","player_choice":"Simplicity","floor":20,"damage_taken":0},{"event_name":"Winding Halls","player_choice":"Embrace Madness","floor":36,"damage_taken":0},{"event_name":"Falling","player_choice":"Removed Attack","floor":37,"damage_taken":0},{"event_name":"Tomb of Lord Red Mask","player_choice":"Ignored","floor":39,"damage_taken":0}],"is_beta":true,"boss_relics":[{"not_picked":["Coffee Dripper","Astrolabe"],"picked":"Sozu"},{"not_picked":["Runic Cube","Runic Dome"],"picked":"Philosopher\u0027s Stone"}],"items_purged_floors":[21,30,46],"is_endless":false,"potions_floor_spawned":[1,3,8,11,12,16,25,28,33,38,40,45,48],"ascension_level":9}