{"gold_per_floor":[118,130,25,38,38,38,56,56,56,84,99,148,162,237,237,237],"floor_reached":16,"playtime":541,"items_purged":["Strike_R"],"score":199,"play_id":"92689d99-76ae-4b54-a42e-f9d488a33d36","local_time":"20190205111914","is_ascension_mode":true,"campfire_choices":[{"data":"Perfected Strike","floor":6,"key":"SMITH"},{"data":"Perfected Strike","floor":8,"key":"SMITH"},{"floor":15,"key":"REST"}],"neow_cost":"NONE","seed_source_timestamp":1467535169649421,"circlet_count":0,"master_deck":["AscendersBane","Strike_R","Strike_R","Strike_R","Strike_R","Defend_R","Defend_R","Defend_R","Defend_R","Bash","Juggernaut","Perfected Strike+1","Disarm","Shrug It Off","Perfected Strike+1","Anger","Shrug It Off","Offering"],"relics":["Burning Blood","Letter Opener","Kunai","Dodecahedron","PreservedInsect"],"potions_floor_usage":[10,16,16],"damage_taken":[{"damage":1,"enemies":"Cultist","floor":1,"turns":4},{"damage":14,"enemies":"Jaw Worm","floor":2,"turns":5},{"damage":7,"enemies":"Small Slimes","floor":4,"turns":4},{"damage":6,"enemies":"Looter","floor":7,"turns":2},{"damage":22,"enemies":"3 Sentries","floor":10,"turns":7},{"damage":37,"enemies":"Exordium Thugs","floor":11,"turns":5},{"damage":1,"enemies":"Exordium Wildlife","floor":13,"turns":3},{"damage":28,"enemies":"Slime Boss","floor":16,"turns":6}],"seed_played":"6580831691023516139","potions_obtained":[{"floor":2,"key":"AttackPotion"},{"floor":4,"key":"Weak Potion"},{"floor":13,"key":"Block Potion"}],"is_trial":false,"path_per_floor":["M","M","$","M","?","R","M","R","T","E","M","T","M","?","R","B"],"character_chosen":"IRONCLAD","items_purchased":["Shrug It Off"],"campfire_rested":1,"item_purchase_floors":[3],"current_hp_per_floor":[73,65,65,64,59,59,59,59,59,43,12,12,17,6,28,0],"gold":237,"neow_bonus":"ONE_RANDOM_RARE_CARD","is_prod":false,"is_daily":false,"chose_seed":false,"campfire_upgraded":2,"win_rate":0,"timestamp":1549361954,"path_taken":["M","M","$","?","?","R","M","R","T","E","M","?","M","?","R","BOSS"],"build_version":"2019-01-23","purchased_purges":1,"victory":false,"max_hp_per_floor":[75,75,75,75,75,75,75,75,75,75,75,75,75,75,75,75],"card_choices":[{"not_picked":["Flex","Twin Strike"],"picked":"Perfected Strike","floor":1},{"not_picked":["Spot Weakness","Sword Boomerang"],"picked":"Disarm","floor":2},{"not_picked":["Pummel","Impervious"],"picked":"Perfected Strike","floor":4},{"not_picked":["Clash","Wild Strike","Feel No Pain"],"picked":"SKIP","floor":7},{"not_picked":["Blood for Blood","Armaments"],"picked":"Anger","floor":10},{"not_picked":["Armaments","Burning Pact"],"picked":"Shrug It Off","floor":11},{"not_picked":["Rampage","Intimidate"],"picked":"Offering","floor":13}],"player_experience":700302,"relics_obtained":[{"floor":9,"key":"Kunai"},{"floor":10,"key":"Dodecahedron"},{"floor":12,"key":"PreservedInsect"}],"event_choices":[{"damage_healed":0,"gold_gain":0,"player_choice":"Success","damage_taken":5,"relics_obtained":["Letter Opener"],"max_hp_gain":0,"max_hp_loss":0,"event_name":"Scrap Ooze","floor":5,"gold_loss":0},{"damage_healed":0,"gold_gain":75,"player_choice":"Gather Gold","damage_taken":11,"max_hp_gain":0,"max_hp_loss":0,"event_name":"World of Goop","floor":14,"gold_loss":0}],"is_beta":true,"boss_relics":[],"items_purged_floors":[3],"is_endless":false,"potions_floor_spawned":[2,4,13],"killed_by":"Slime Boss","ascension_level":19}