{"gold_per_floor":[111,124,134,146,164,164,191,205,262,262,262,279,295,308,308,412,412,429,445,445,445,464,464,479,479,547,563,623,772,122,172,172,268,268,278,60,75,175,75,75,87,137,137,187,237,312,362,373,373,373],"floor_reached":50,"playtime":3462,"items_purged":["Strike_G","Strike_G"],"score":473,"play_id":"3bb384f4-d7f2-461c-a6d7-8b7dbd0416ae","local_time":"20190128193052","is_ascension_mode":false,"campfire_choices":[{"data":"Unload","floor":6,"key":"SMITH"},{"floor":10,"key":"REST"},{"data":"Noxious Fumes","floor":15,"key":"SMITH"},{"floor":23,"key":"REST"},{"floor":25,"key":"REST"},{"floor":32,"key":"REST"},{"data":"Bouncing Flask","floor":40,"key":"SMITH"},{"floor":49,"key":"REST"}],"neow_cost":"NONE","seed_source_timestamp":1168035609553800,"circlet_count":0,"master_deck":["Defend_G","Defend_G","Defend_G","Defend_G","Defend_G","Strike_G","Strike_G","Survivor","Neutralize","Unload+1","Prepared","Blur","Noxious Fumes+1","Sucker Punch","Deadly Poison","Backflip","Sucker Punch","Dagger Spray","Die Die Die","Bouncing Flask+1","Backstab+1","Bane+1","Bane","After Image","Unload","Choke","Burst","Footwork","Backflip+1","Panacea"],"relics":["Ring of the Snake","The Specimen","Tiny Chest","Velvet Choker","SsserpentHead","Shuriken","Potion Belt","Philosopher\u0027s Stone","MealTicket","Snake Skull","Molten Egg 2","Juzu Bracelet"],"potions_floor_usage":[7,16,16,27,33,33,35,41,50],"damage_taken":[{"damage":0,"enemies":"2 Louse","floor":1,"turns":2},{"damage":0,"enemies":"Small Slimes","floor":2,"turns":2},{"damage":0,"enemies":"Cultist","floor":3,"turns":4},{"damage":6,"enemies":"Blue Slaver","floor":4,"turns":4},{"damage":16,"enemies":"3 Louse","floor":5,"turns":3},{"damage":15,"enemies":"Gremlin Nob","floor":7,"turns":4},{"damage":21,"enemies":"Lots of Slimes","floor":8,"turns":4},{"damage":8,"enemies":"Exordium Thugs","floor":12,"turns":5},{"damage":4,"enemies":"2 Fungi Beasts","floor":13,"turns":4},{"damage":5,"enemies":"3 Louse","floor":14,"turns":2},{"damage":20,"enemies":"The Guardian","floor":16,"turns":10},{"damage":16,"enemies":"Shell Parasite","floor":18,"turns":6},{"damage":17,"enemies":"Spheric Guardian","floor":19,"turns":6},{"damage":31,"enemies":"3 Cultists","floor":22,"turns":5},{"damage":3,"enemies":"Snecko","floor":24,"turns":4},{"damage":11,"enemies":"Centurion and Healer","floor":27,"turns":5},{"damage":8,"enemies":"Chosen and Byrds","floor":28,"turns":5},{"damage":39,"enemies":"Automaton","floor":33,"turns":10},{"damage":24,"enemies":"3 Darklings","floor":35,"turns":5},{"damage":21,"enemies":"Orb Walker","floor":37,"turns":4},{"damage":25,"enemies":"Maw","floor":41,"turns":8},{"damage":20,"enemies":"Sphere and 2 Shapes","floor":48,"turns":6},{"damage":56,"enemies":"Time Eater","floor":50,"turns":5}],"seed_played":"2238792267210283733","potions_obtained":[{"floor":1,"key":"Swift Potion"},{"floor":4,"key":"SpeedPotion"},{"floor":8,"key":"FearPotion"},{"floor":12,"key":"SpeedPotion"},{"floor":22,"key":"Strength Potion"},{"floor":24,"key":"LiquidBronze"},{"floor":28,"key":"SpeedPotion"},{"floor":37,"key":"SkillPotion"},{"floor":48,"key":"Dexterity Potion"}],"is_trial":false,"path_per_floor":["M","M","M","M","M","R","E","M","T","R","?","M","M","M","R","B",null,"M","M","?","?","M","R","M","R","T","M","M","?","$","?","R","B",null,"M","$","M","T","$","R","M","?","T","?","?","T","?","M","R","B"],"character_chosen":"THE_SILENT","items_purchased":["After Image","Potion Belt","Unload","Choke","GhostInAJar","MealTicket","Footwork"],"campfire_rested":5,"item_purchase_floors":[30,30,30,30,30,36,36],"current_hp_per_floor":[70,70,70,64,48,48,33,12,12,33,56,48,44,39,39,19,70,54,37,37,37,6,27,24,45,45,34,26,26,26,26,47,8,70,46,46,25,25,40,40,15,15,15,15,58,58,58,38,55,0],"gold":373,"neow_bonus":"ONE_RANDOM_RARE_CARD","is_prod":false,"is_daily":false,"chose_seed":false,"campfire_upgraded":3,"win_rate":0.0,"timestamp":1548721852,"path_taken":["M","M","M","M","M","R","E","M","T","R","?","M","M","M","R","BOSS","M","M","?","?","M","R","M","R","T","M","?","?","$","?","R","BOSS","M","?","M","?","$","R","M","?","T","?","?","?","?","M","R","BOSS"],"build_version":"2019-01-23","purchased_purges":2,"victory":false,"max_hp_per_floor":[70,70,70,70,70,70,70,70,70,70,70,70,70,70,70,70,70,70,70,70,70,70,70,70,70,70,70,70,70,70,70,70,70,70,70,70,70,70,70,70,70,66,66,66,58,58,58,58,58,58],"card_choices":[{"not_picked":["Reflex","Poisoned Stab"],"picked":"Prepared","floor":1},{"not_picked":["Blade Dance","PiercingWail"],"picked":"Blur","floor":2},{"not_picked":["Endless Agony","Dagger Throw"],"picked":"Noxious Fumes","floor":3},{"not_picked":["Prepared","Terror"],"picked":"Sucker Punch","floor":4},{"not_picked":["Sucker Punch","Prepared"],"picked":"Deadly Poison","floor":5},{"not_picked":["Reflex","Crippling Poison"],"picked":"Backflip","floor":7},{"not_picked":["Dodge and Roll","Blade Dance"],"picked":"Sucker Punch","floor":8},{"not_picked":["Blade Dance","Night Terror"],"picked":"Dagger Spray","floor":12},{"not_picked":["Blade Dance","Underhanded Strike","Terror"],"picked":"SKIP","floor":13},{"not_picked":["Prepared","Skewer","Calculated Gamble"],"picked":"SKIP","floor":14},{"not_picked":["Venomology","Bullet Time"],"picked":"Die Die Die","floor":16},{"not_picked":["Sucker Punch","Riddle With Holes","Expertise"],"picked":"SKIP","floor":18},{"not_picked":["Expertise","Well Laid Plans"],"picked":"Bouncing Flask","floor":19},{"not_picked":["Expertise","Leg Sweep+1"],"picked":"Backstab+1","floor":22},{"not_picked":["Dagger Spray","Deflect"],"picked":"Bane+1","floor":24},{"not_picked":["Poisoned Stab","Backflip","Expertise"],"picked":"SKIP","floor":27},{"not_picked":["Dagger Throw","Prepared+1"],"picked":"Bane","floor":28},{"not_picked":["Bullet Time","Malaise"],"picked":"Burst","floor":33},{"not_picked":["Heel Hook+1","Blade Dance+1","Flying Knee"],"picked":"SKIP","floor":35},{"not_picked":["Quick Slash","Choke+1"],"picked":"Backflip+1","floor":37},{"not_picked":["Prepared","Deflect","Dagger Throw"],"picked":"SKIP","floor":41},{"not_picked":["Blind","Deep Breath"],"picked":"Panacea","floor":47},{"not_picked":["Calculated Gamble+1","Blur+1","Deflect"],"picked":"SKIP","floor":48}],"player_experience":44349,"relics_obtained":[{"floor":7,"key":"The Specimen"},{"floor":9,"key":"Tiny Chest"},{"floor":26,"key":"Shuriken"},{"floor":38,"key":"Snake Skull"},{"floor":43,"key":"Molten Egg 2"},{"floor":46,"key":"Juzu Bracelet"}],"event_choices":[{"damage_healed":23,"gold_gain":0,"player_choice":"Banana","damage_taken":0,"max_hp_gain":0,"max_hp_loss":0,"event_name":"Big Fish","floor":11,"gold_loss":0},{"damage_healed":0,"gold_gain":0,"player_choice":"Ignored","damage_taken":0,"max_hp_gain":0,"max_hp_loss":0,"event_name":"Ghosts","floor":20,"gold_loss":0},{"damage_healed":0,"gold_gain":0,"player_choice":"Trade","damage_taken":0,"relics_obtained":["SsserpentHead"],"max_hp_gain":0,"max_hp_loss":0,"event_name":"FaceTrader","floor":21,"gold_loss":0},{"damage_healed":0,"gold_gain":99,"player_choice":"Stole From Cult","damage_taken":0,"max_hp_gain":0,"max_hp_loss":0,"event_name":"Nest","floor":29,"gold_loss":0},{"cards_removed":["Strike_G"],"damage_healed":0,"gold_gain":0,"player_choice":"Purged","damage_taken":0,"max_hp_gain":0,"max_hp_loss":0,"event_name":"Purifier","floor":31,"gold_loss":0},{"damage_healed":0,"gold_gain":0,"player_choice":"Max HP","damage_taken":0,"max_hp_gain":0,"max_hp_loss":4,"event_name":"Winding Halls","floor":42,"gold_loss":0},{"damage_healed":0,"gold_gain":0,"player_choice":"Ignored","damage_taken":0,"max_hp_gain":0,"max_hp_loss":0,"event_name":"Mysterious Sphere","floor":44,"gold_loss":0},{"damage_healed":58,"gold_gain":0,"player_choice":"Heal","damage_taken":0,"max_hp_gain":0,"max_hp_loss":8,"event_name":"The Moai Head","floor":45,"gold_loss":0},{"damage_healed":0,"gold_gain":0,"player_choice":"Memory 1","damage_taken":0,"max_hp_gain":0,"max_hp_loss":0,"event_name":"SensoryStone","floor":47,"gold_loss":0}],"is_beta":false,"boss_relics":[{"not_picked":["Busted Crown","Black Star"],"picked":"Velvet Choker"},{"not_picked":["Ring of the Serpent","Runic Pyramid"],"picked":"Philosopher\u0027s Stone"}],"items_purged_floors":[30,39],"is_endless":false,"potions_floor_spawned":[1,4,8,12,13,22,24,28,37,48],"killed_by":"Time Eater","ascension_level":0}