{"gold_per_floor":[111,33,33,51,151,181,181,192,192,208,208,234,252,271,271,371,371,387,401,222,241,256,256,288,288,314,343,359,359,284,284,284,382,382,401,401,418,29,44,44,72,72,72,72,83,117,29,29,29,29],"floor_reached":51,"playtime":4563,"items_purged":["Strike_B","Strike_B+1"],"score":790,"play_id":"04f16e14-7e7a-4f9c-8593-9a5d348104f0","local_time":"20190204233126","is_ascension_mode":true,"campfire_choices":[{"data":"Defragment","floor":7.0,"key":"SMITH"},{"data":"Ball Lightning","floor":11.0,"key":"SMITH"},{"data":"Conserve Battery","floor":15.0,"key":"SMITH"},{"data":"Defragment","floor":23,"key":"SMITH"},{"data":"Glacier","floor":25,"key":"SMITH"},{"data":"Zap","floor":29,"key":"SMITH"},{"data":"Chill","floor":32,"key":"SMITH"},{"data":"Defragment","floor":40,"key":"SMITH"},{"data":"Buffer","floor":42,"key":"SMITH"},{"data":"Dualcast","floor":44,"key":"SMITH"},{"data":"Machine Learning","floor":49,"key":"SMITH"}],"neow_cost":"NONE","seed_source_timestamp":0,"circlet_count":0,"master_deck":["Defend_B+1","Defend_B+1","Defend_B+1","Zap+1","Dualcast+1","Ball Lightning+1","Defragment+1","Conserve Battery+1","Chill+1","Glacier+1","Sweeping Beam","Cold Snap","Storm","Cold Snap","Buffer+1","Go for the Eyes+1","Ball Lightning","Defragment+1","Leap","Cold Snap+1","Cold Snap+1","Doom and Gloom","Redo+1","Multi-Cast","Defragment+1","Hello World+1","Ball Lightning+1","Reprogram+1","BootSequence","Machine Learning+1","Lockon","Leap"],"special_seed":0,"relics":["Cracked Core","Bird Faced Urn","Emotion Chip","WingedGreaves","Inserter","DataDisk","PreservedInsect","Happy Flower","White Beast Statue","Unceasing Top","Juzu Bracelet","Ice Cream","Bottled Tornado"],"potions_floor_usage":[21,22,24,27,37,45],"damage_taken":[{"damage":0.0,"enemies":"2 Louse","floor":1.0,"turns":2.0},{"damage":0.0,"enemies":"Small Slimes","floor":4.0,"turns":2.0},{"damage":15.0,"enemies":"Lagavulin","floor":6.0,"turns":5.0},{"damage":0.0,"enemies":"Cultist","floor":8.0,"turns":3.0},{"damage":0.0,"enemies":"Large Slime","floor":10.0,"turns":6.0},{"damage":1.0,"enemies":"3 Sentries","floor":12.0,"turns":4.0},{"damage":1.0,"enemies":"3 Louse","floor":13.0,"turns":3.0},{"damage":8.0,"enemies":"Gremlin Gang","floor":14.0,"turns":5.0},{"damage":31.0,"enemies":"Hexaghost","floor":16.0,"turns":12.0},{"damage":9.0,"enemies":"Spheric Guardian","floor":18.0,"turns":4.0},{"damage":0.0,"enemies":"Shell Parasite","floor":19.0,"turns":7.0},{"damage":4,"enemies":"Centurion and Healer","floor":21,"turns":6},{"damage":0,"enemies":"Snecko","floor":22,"turns":6},{"damage":2,"enemies":"Book of Stabbing","floor":24,"turns":6},{"damage":20,"enemies":"Slavers","floor":27,"turns":4},{"damage":5,"enemies":"Sentry and Sphere","floor":28,"turns":5},{"damage":2,"enemies":"Collector","floor":33,"turns":12},{"damage":0,"enemies":"3 Darklings","floor":35,"turns":7},{"damage":0,"enemies":"3 Shapes","floor":37,"turns":5},{"damage":0,"enemies":"Sphere and 2 Shapes","floor":39,"turns":7},{"damage":3,"enemies":"Reptomancer","floor":41,"turns":5},{"damage":0,"enemies":"3 Darklings","floor":45,"turns":5},{"damage":15,"enemies":"Nemesis","floor":46,"turns":9},{"damage":7,"enemies":"Donu and Deca","floor":50,"turns":12}],"seed_played":"3522368489182356955","potions_obtained":[{"floor":4.0,"key":"Dexterity Potion"},{"floor":6.0,"key":"SteroidPotion"},{"floor":8.0,"key":"PowerPotion"},{"floor":14.0,"key":"Ancient Potion"},{"floor":16.0,"key":"Explosive Potion"},{"floor":19.0,"key":"Fruit Juice"},{"floor":21,"key":"Poison Potion"},{"floor":22,"key":"PowerPotion"},{"floor":28,"key":"FocusPotion"},{"floor":35,"key":"Regen Potion"},{"floor":37,"key":"Strength Potion"},{"floor":41,"key":"Fruit Juice"},{"floor":45,"key":"Weak Potion"},{"floor":46,"key":"Fire Potion"}],"is_trial":false,"path_per_floor":["M","$","?","M","?","E","R","M","T","M","R","E","M","M","R","B",null,"M","M","$","M","M","R","E","R","T","E","M","R","?","?","R","B",null,"M","?","M","$","M","R","E","R","T","R","M","E","$","?","R","B",null],"character_chosen":"DEFECT","items_purchased":["Defragment","Defragment","Leap","Unceasing Top","Lockon","Leap"],"campfire_rested":0,"item_purchase_floors":[2,20,20,38,47,47],"current_hp_per_floor":[82,82,82,82,82,67,67,69,69,71,71,76,77,73,73,46,82,77,82,82,87,87,87,87,87,87,71,68,68,68,68,68,74,87,87,87,87,87,87,87,87,87,87,87,92,79,79,79,79,86],"gold":29,"neow_bonus":"TEN_PERCENT_HP_BONUS","is_prod":false,"is_daily":false,"chose_seed":false,"campfire_upgraded":11,"win_rate":0,"timestamp":1549351886,"path_taken":["M","$","?","M","?","E","R","M","T","M","R","E","M","M","R","BOSS","M","?","$","M","M","R","E","R","T","E","M","R","?","?","R","BOSS","M","?","M","$","?","R","E","R","T","R","M","E","$","?","R","BOSS"],"build_version":"2019-01-23","purchased_purges":2,"victory":true,"max_hp_per_floor":[82,82,82,82,82,82,82,82,82,82,82,82,82,82,82,82,82,82,82,82,87,87,87,87,87,87,87,87,87,87,87,87,87,87,87,87,87,87,87,87,87,87,87,87,92,92,92,92,92,92],"card_choices":[{"not_picked":["Rebound","Steam"],"picked":"Ball Lightning","floor":1.0},{"not_picked":["Barrage","Hologram"],"picked":"Conserve Battery","floor":4.0},{"not_picked":["Conserve Battery","Cold Snap"],"picked":"Chill","floor":6.0},{"not_picked":["Rebound","FTL"],"picked":"Glacier","floor":8.0},{"not_picked":["Beam Cell","Meteor Strike"],"picked":"Sweeping Beam","floor":10.0},{"not_picked":["Sweeping Beam","Undo"],"picked":"Cold Snap","floor":12.0},{"not_picked":["Recycle","Turbo"],"picked":"Storm","floor":13.0},{"not_picked":["Double Energy","Leap"],"picked":"Cold Snap","floor":14.0},{"not_picked":["Electrodynamics","Rainbow"],"picked":"Buffer","floor":16.0},{"not_picked":["Barrage","Beam Cell+1"],"picked":"Go for the Eyes+1","floor":18.0},{"not_picked":["Aggregate","Recycle"],"picked":"Ball Lightning","floor":19.0},{"not_picked":["Recycle","Stack+1","Streamline"],"picked":"SKIP","floor":21},{"not_picked":["Creative AI","Streamline"],"picked":"Cold Snap+1","floor":22},{"not_picked":["Redo","Beam Cell"],"picked":"Cold Snap+1","floor":24},{"not_picked":["Fission","Scrape"],"picked":"Doom and Gloom","floor":27},{"not_picked":["Stack+1","Rebound"],"picked":"Redo+1","floor":28},{"not_picked":["Thunder Strike","All For One"],"picked":"Multi-Cast","floor":33},{"not_picked":["Chill","Scrape+1"],"picked":"Defragment","floor":35},{"not_picked":["Static Discharge","Rebound+1"],"picked":"Hello World+1","floor":37},{"not_picked":["Redo","Go for the Eyes"],"picked":"Ball Lightning+1","floor":39},{"not_picked":["Hologram+1","Leap"],"picked":"Reprogram+1","floor":41},{"not_picked":["Streamline+1","Melter+1"],"picked":"BootSequence","floor":45},{"not_picked":["Turbo+1","Loop"],"picked":"Machine Learning","floor":46}],"player_experience":216304,"relics_obtained":[{"floor":6.0,"key":"Bird Faced Urn"},{"floor":9.0,"key":"Emotion Chip"},{"floor":12.0,"key":"WingedGreaves"},{"floor":24,"key":"DataDisk"},{"floor":26,"key":"PreservedInsect"},{"floor":27,"key":"Happy Flower"},{"floor":41,"key":"Juzu Bracelet"},{"floor":43,"key":"Ice Cream"},{"floor":46,"key":"Bottled Tornado"}],"event_choices":[{"damage_healed":0.0,"max_hp_gain":0.0,"max_hp_loss":0.0,"gold_gain":0.0,"event_name":"The Cleric","player_choice":"Leave","floor":3.0,"gold_loss":0.0,"damage_taken":0.0},{"damage_healed":0.0,"max_hp_gain":0.0,"max_hp_loss":0.0,"gold_gain":100.0,"event_name":"Golden Shrine","player_choice":"Pray","floor":5.0,"gold_loss":0.0,"damage_taken":0.0},{"cards_removed":["Strike_B"],"damage_healed":0,"gold_gain":0,"player_choice":"Gave Gold","damage_taken":0,"max_hp_gain":0,"max_hp_loss":0,"event_name":"Beggar","floor":30,"gold_loss":75},{"damage_healed":0,"gold_gain":0,"player_choice":"Simplicity","damage_taken":0,"max_hp_gain":0,"max_hp_loss":0,"event_name":"Back to Basics","floor":31,"gold_loss":0,"cards_upgraded":["Strike_B","Strike_B","Defend_B","Defend_B","Defend_B","Defend_B"]},{"cards_removed":["Defend_B"],"damage_healed":0,"gold_gain":0,"player_choice":"Offered Basic","damage_taken":0,"max_hp_gain":0,"max_hp_loss":0,"event_name":"Bonfire Elementals","floor":36,"gold_loss":0},{"cards_removed":["Strike_B"],"damage_healed":0,"gold_gain":0,"player_choice":"Purged","damage_taken":0,"max_hp_gain":0,"max_hp_loss":0,"event_name":"Purifier","floor":48,"gold_loss":0}],"is_beta":false,"boss_relics":[{"not_picked":["Runic Pyramid","FrozenCore"],"picked":"Inserter"},{"not_picked":["Busted Crown","Runic Dome"],"picked":"White Beast Statue"}],"items_purged_floors":[20,38],"is_endless":false,"potions_floor_spawned":[4,6,8,14,16,19,21,22,28,35,37,39,41,45,46],"ascension_level":1}