{"gold_per_floor":[112,112,112,62,62,62,81,106,156,171,185,202,9,29,29,125,125,138,138,148,98,110,141,141,161,212,223,223,234,248,268,268,268],"floor_reached":33,"playtime":1588,"items_purged":["Defend_G","Defend_G"],"score":273,"play_id":"b03b07b9-5c91-4ed0-935d-5e08690cfd81","local_time":"20190204233246","is_ascension_mode":false,"campfire_choices":[{"data":"Phantasmal Killer","floor":6,"key":"SMITH"},{"floor":15,"key":"REST"},{"floor":24,"key":"REST"},{"floor":28,"key":"REST"},{"floor":32,"key":"REST"}],"neow_cost":"NONE","seed_source_timestamp":44008740330747,"circlet_count":0,"master_deck":["Defend_G","Defend_G","Defend_G","Strike_G","Strike_G","Survivor","Neutralize","Setup","Phantasmal Killer+1","Masterful Stab","Heel Hook","Quick Slash","Backflip","Dash","Headbutt","Corpse Explosion","Enlightenment+1","Quick Slash","A Thousand Cuts","Aggregate+1","Poisoned Stab+1","Rebound","Flying Knee+1","Spot Weakness","Infinite Blades"],"relics":["Ring of the Snake","Smiling Mask","Nunchaku","Lantern","PrismaticShard","White Beast Statue","Incense Burner","Boot"],"potions_floor_usage":[10,12,20,22,23,25,27,30,31,31,33],"damage_taken":[{"damage":0,"enemies":"Small Slimes","floor":1,"turns":3},{"damage":0,"enemies":"Jaw Worm","floor":7,"turns":6},{"damage":18,"enemies":"3 Sentries","floor":8,"turns":11},{"damage":0,"enemies":"Cultist","floor":10,"turns":3},{"damage":2,"enemies":"Looter","floor":11,"turns":3},{"damage":9,"enemies":"Lots of Slimes","floor":12,"turns":4},{"damage":0,"enemies":"Exordium Wildlife","floor":14,"turns":4},{"damage":42,"enemies":"Hexaghost","floor":16,"turns":11},{"damage":0,"enemies":"Chosen","floor":18,"turns":3},{"damage":0,"enemies":"Spheric Guardian","floor":20,"turns":2},{"damage":25,"enemies":"Centurion and Healer","floor":22,"turns":5},{"damage":22,"enemies":"Gremlin Leader","floor":23,"turns":5},{"damage":27,"enemies":"Cultist and Chosen","floor":25,"turns":8},{"damage":0,"enemies":"Chosen and Byrds","floor":27,"turns":5},{"damage":6,"enemies":"Centurion and Healer","floor":29,"turns":4},{"damage":21,"enemies":"Cultist and Chosen","floor":30,"turns":6},{"damage":2,"enemies":"Snake Plant","floor":31,"turns":3},{"damage":31,"enemies":"Champ","floor":33,"turns":3}],"seed_played":"-2446777863539237783","potions_obtained":[{"floor":1,"key":"Energy Potion"},{"floor":8,"key":"PowerPotion"},{"floor":11,"key":"LiquidBronze"},{"floor":16,"key":"AttackPotion"},{"floor":18,"key":"SpeedPotion"},{"floor":20,"key":"Ancient Potion"},{"floor":22,"key":"Ancient Potion"},{"floor":23,"key":"SteroidPotion"},{"floor":25,"key":"GamblersBrew"},{"floor":27,"key":"FearPotion"},{"floor":29,"key":"AttackPotion"},{"floor":30,"key":"EssenceOfSteel"},{"floor":31,"key":"Ancient Potion"}],"is_trial":false,"path_per_floor":["M","?","?","$","?","R","M","E","T","M","M","M","$","M","R","B",null,"M","?","M","$","M","E","R","M","T","M","R","M","M","M","R","B"],"character_chosen":"THE_SILENT","items_purchased":["PrismaticShard"],"campfire_rested":4,"item_purchase_floors":[13],"current_hp_per_floor":[70,63,63,63,63,63,63,45,45,45,43,34,34,34,55,13,70,70,70,70,70,45,23,44,17,17,17,38,32,11,9,30,0],"gold":268,"neow_bonus":"RANDOM_COMMON_RELIC","is_prod":false,"is_daily":false,"chose_seed":false,"campfire_upgraded":1,"win_rate":0.0,"timestamp":1549294366,"path_taken":["M","?","?","?","?","R","M","E","T","?","M","M","$","M","R","BOSS","M","?","M","$","M","E","R","M","T","?","R","M","M","?","R","BOSS"],"build_version":"2019-01-23","purchased_purges":2,"victory":false,"max_hp_per_floor":[70,70,70,70,70,70,70,70,70,70,70,70,70,70,70,70,70,70,70,70,70,70,70,70,70,70,70,70,70,70,70,70,70],"card_choices":[{"not_picked":["Reflex","Cloak And Dagger"],"picked":"Setup","floor":1},{"not_picked":["Heel Hook","Dagger Spray"],"picked":"Masterful Stab","floor":7},{"not_picked":["Finisher","Leg Sweep"],"picked":"Heel Hook","floor":8},{"not_picked":["Skewer","Slice"],"picked":"Quick Slash","floor":10},{"not_picked":["Wraith Form v2","Dodge and Roll"],"picked":"Backflip","floor":11},{"not_picked":["Bane","Underhanded Strike"],"picked":"Dash","floor":12},{"not_picked":["Ghostly Armor","Clothesline"],"picked":"Headbutt","floor":14},{"not_picked":["Seek","Thunder Strike"],"picked":"Corpse Explosion","floor":16},{"not_picked":["Outmaneuver","Bane"],"picked":"Enlightenment+1","floor":18},{"not_picked":["Coolheaded","Enlightenment"],"picked":"A Thousand Cuts","floor":20},{"not_picked":["Cold Snap+1","Redo","Body Slam"],"picked":"SKIP","floor":22},{"not_picked":["Dramatic Entrance","Hello World+1"],"picked":"Aggregate+1","floor":23},{"not_picked":["Dash","Deflect"],"picked":"Poisoned Stab+1","floor":25},{"not_picked":["PanicButton","Grand Finale"],"picked":"Rebound","floor":27},{"not_picked":["PiercingWail","Blizzard+1"],"picked":"Flying Knee+1","floor":29},{"not_picked":["Backflip+1","Skewer"],"picked":"Spot Weakness","floor":30},{"not_picked":["Underhanded Strike","Rebound"],"picked":"Infinite Blades","floor":31}],"player_experience":180018,"relics_obtained":[{"floor":8,"key":"Nunchaku"},{"floor":9,"key":"Lantern"},{"floor":23,"key":"Incense Burner"},{"floor":26,"key":"Boot"}],"event_choices":[{"cards_removed":["Strike_G"],"damage_healed":0,"gold_gain":0,"player_choice":"Card Removal","damage_taken":7,"max_hp_gain":0,"max_hp_loss":0,"event_name":"Golden Wing","floor":2,"gold_loss":0},{"damage_healed":0,"gold_gain":0,"cards_transformed":["Strike_G"],"player_choice":"Change","damage_taken":0,"max_hp_gain":0,"max_hp_loss":0,"event_name":"Living Wall","floor":3,"gold_loss":0,"cards_obtained":["Phantasmal Killer"]},{"cards_removed":["Strike_G"],"damage_healed":0,"gold_gain":0,"player_choice":"Purged","damage_taken":0,"max_hp_gain":0,"max_hp_loss":0,"event_name":"Purifier","floor":5,"gold_loss":0},{"damage_healed":0,"gold_gain":0,"player_choice":"Copied","damage_taken":0,"max_hp_gain":0,"max_hp_loss":0,"event_name":"Duplicator","floor":19,"gold_loss":0,"cards_obtained":["Quick Slash"]}],"is_beta":false,"boss_relics":[{"not_picked":["Philosopher\u0027s Stone","Astrolabe"],"picked":"White Beast Statue"}],"items_purged_floors":[4,21],"is_endless":false,"potions_floor_spawned":[1,8,11,16,18,20,22,23,25,27,29,30,31],"killed_by":"Champ","ascension_level":0}