{"path_per_floor":["M","M","M","M","M","E","R","E","T","M","M","?","M","M","R","B",null,"M","$","M","?","M","M","R","M","T","R","E","R","E","?","R"],"character_chosen":"THE_SILENT","items_purchased":["Ginger","Blood Vial","Mummified Hand","Deadly Poison","Underhanded Strike","Slice"],"gold_per_floor":[119,133,151,167,182,215,215,248,317,335,353,379,392,408,408,504,804,822,0,19,119,137,149,149,169,169,169,202,202,236,236,236,236],"floor_reached":33,"campfire_rested":5,"playtime":3577,"current_hp_per_floor":[70,70,70,64,63,51,51,28,28,28,28,7,7,7,28,14,77,69,69,61,61,56,44,67,57,57,77,33,56,22,22,45,0],"items_purged":[],"gold":236,"score":353,"play_id":"1707202f-554a-4a00-92d9-be2d988c5a33","local_time":"20180504043342","is_prod":false,"is_daily":false,"chose_seed":false,"is_ascension_mode":false,"campfire_upgraded":1,"timestamp":1525401222,"path_taken":["M","M","M","M","M","E","R","E","T","M","M","?","M","M","R","BOSS","M","$","M","?","M","M","R","M","T","R","E","R","E","?","R","BOSS"],"build_version":"2018-04-28v2","seed_source_timestamp":34092587398700,"purchased_purges":0,"victory":false,"master_deck":["Defend_G","Defend_G","Defend_G","Defend_G","Defend_G","Strike_G","Strike_G","Strike_G","Strike_G","Strike_G","Survivor","Neutralize","Deflect","Deflect","Dagger Spray","Predator+1","Deadly Poison","Bouncing Flask","Envenom","Dash","Predator","Flying Knee","Slice","Flying Knee","Bullet Time","Regret","Injury","Writhe","Slice","Deadly Poison","Underhanded Strike","Slice","Noxious Fumes","Deadly Poison","Riddle With Holes","PiercingWail","Bullet Time","Outmaneuver"],"max_hp_per_floor":[70,70,70,70,70,70,70,70,70,70,70,70,70,70,70,70,77,77,77,77,77,77,77,77,77,77,77,77,77,77,77,77,77],"relics":["Ring of the Snake","Bag of Preparation","Thread and Needle","Toolbox","Odd Mushroom","Calling Bell","Strawberry","Centennial Puzzle","Old Coin","Ginger","Blood Vial","Mummified Hand","Ninja Scroll","Peace Pipe","Omamori","Matryoshka"],"card_choices":[{"not_picked":["Acrobatics","Dagger Throw"],"picked":"Deflect","floor":1},{"not_picked":["Escape Plan","Eviscerate"],"picked":"Deflect","floor":2},{"not_picked":["Prepared","Backflip"],"picked":"Dagger Spray","floor":3},{"not_picked":["Choke","Quick Slash"],"picked":"Predator","floor":4},{"not_picked":["Acrobatics","Underhanded Strike"],"picked":"Deadly Poison","floor":5},{"not_picked":["Dodge and Roll","Deflect"],"picked":"Bouncing Flask","floor":6},{"not_picked":["Terror","Malaise"],"picked":"Envenom","floor":8},{"not_picked":["Backflip","Flechettes"],"picked":"Dash","floor":10},{"not_picked":["Reflex","Deadly Poison"],"picked":"Predator","floor":11},{"not_picked":["PiercingWail","Deflect"],"picked":"Flying Knee","floor":12},{"not_picked":["Prepared","Crippling Poison"],"picked":"Slice","floor":13},{"not_picked":["Deflect","Choke"],"picked":"Flying Knee","floor":14},{"not_picked":["Unload","Tactician"],"picked":"Bullet Time","floor":16},{"not_picked":["Caltrops","All Out Attack"],"picked":"Slice","floor":18},{"not_picked":["Skewer","Distraction"],"picked":"Noxious Fumes","floor":20},{"not_picked":["Skewer","Footwork"],"picked":"Deadly Poison","floor":22},{"not_picked":["Acrobatics","Poisoned Stab"],"picked":"Riddle With Holes","floor":23},{"not_picked":["Dodge and Roll","Deadly Poison"],"picked":"PiercingWail","floor":25},{"not_picked":["Quick Slash","Backflip"],"picked":"Bullet Time","floor":28},{"not_picked":["Poisoned Stab","Deflect"],"picked":"Outmaneuver","floor":30}],"player_experience":15056,"potions_floor_usage":[6,6,16,16,16,23,28,30],"damage_taken":[{"damage":0,"enemies":"2 Louse","floor":1,"turns":3},{"damage":0,"enemies":"Jaw Worm","floor":2,"turns":5},{"damage":0,"enemies":"Small Slimes","floor":3,"turns":6},{"damage":6,"enemies":"3 Louse","floor":4,"turns":5},{"damage":1,"enemies":"Blue Slaver","floor":5,"turns":5},{"damage":12,"enemies":"3 Sentries","floor":6,"turns":8},{"damage":23,"enemies":"Gremlin Nob","floor":8,"turns":4},{"damage":0,"enemies":"Looter","floor":10,"turns":4},{"damage":0,"enemies":"Lots of Slimes","floor":11,"turns":5},{"damage":21,"enemies":"The Mushroom Lair","floor":12,"turns":5},{"damage":0,"enemies":"Exordium Thugs","floor":13,"turns":6},{"damage":0,"enemies":"3 Louse","floor":14,"turns":3},{"damage":14,"enemies":"Slime Boss","floor":16,"turns":10},{"damage":8,"enemies":"3 Byrds","floor":18,"turns":6},{"damage":10,"enemies":"2 Thieves","floor":20,"turns":4},{"damage":7,"enemies":"Cultist and Chosen","floor":22,"turns":4},{"damage":14,"enemies":"Chosen and Byrds","floor":23,"turns":6},{"damage":12,"enemies":"Snecko","floor":25,"turns":3},{"damage":44,"enemies":"Gremlin Leader","floor":28,"turns":8},{"damage":36,"enemies":"Slavers","floor":30,"turns":4},{"damage":64,"enemies":"Collector","floor":33,"turns":6}],"event_choices":[{"event_name":"Mushrooms","player_choice":"Fought Mushrooms","floor":12,"damage_taken":0},{"event_name":"Golden Shrine","player_choice":"Pray","floor":21,"damage_taken":0},{"event_name":"The Mausoleum","player_choice":"Yes","floor":31,"damage_taken":0}],"boss_relics":[{"not_picked":["Lizard Tail","Velvet Choker"],"picked":"Calling Bell"}],"potions_floor_spawned":[2,3,8,11,12,22,23,28],"seed_played":"-9102786057800266644","killed_by":"Collector","ascension_level":0,"is_trial":false}