{"gold_per_floor":[115,190,209,209,226,226,254,254,281,306,291,291,291,241,241,342,342,330,330,330,330,112,139,139,150,173,56,56,83,96,107,107,107],"floor_reached":33,"playtime":2090,"items_purged":[],"score":337,"play_id":"d607ecf3-e6d1-4c1c-95d9-661b4e73465c","local_time":"20190204013808","is_ascension_mode":true,"campfire_choices":[{"data":"Biased Cognition","floor":6,"key":"SMITH"},{"floor":8,"key":"REST"},{"floor":13,"key":"REST"},{"data":"Hologram","floor":15,"key":"SMITH"},{"floor":24,"key":"REST"},{"floor":28,"key":"REST"},{"floor":32,"key":"REST"}],"neow_cost":"NONE","seed_source_timestamp":217749680505226,"circlet_count":0,"master_deck":["Defend_B","Defend_B","Defend_B","Defend_B","Zap","Hologram+1","Cold Snap","Auto Shields","Biased Cognition+1","Flash of Steel","Darkness","Cold Snap","Rebound","Go for the Eyes","Multi-Cast","Ball Lightning","Seek","Ghostly","Ghostly","Ghostly","Ghostly","Ghostly","Discovery","Go for the Eyes","Go for the Eyes","Static Discharge","Discovery","Redo","Cold Snap"],"relics":["Cracked Core","Boot","Mummified Hand","Pear","Empty Cage","Tiny Chest","DataDisk","Ancient Tea Set","PreservedInsect"],"potions_floor_usage":[18],"damage_taken":[{"damage":12,"enemies":"Jaw Worm","floor":1,"turns":3},{"damage":9,"enemies":"Small Slimes","floor":3,"turns":4},{"damage":3,"enemies":"Cultist","floor":5,"turns":4},{"damage":10,"enemies":"Gremlin Nob","floor":7,"turns":4},{"damage":7,"enemies":"Lagavulin","floor":10,"turns":6},{"damage":11,"enemies":"Exordium Thugs","floor":11,"turns":4},{"damage":21,"enemies":"Slime Boss","floor":16,"turns":10},{"damage":32,"enemies":"2 Thieves","floor":18,"turns":4},{"damage":35,"enemies":"Slavers","floor":23,"turns":7},{"damage":1,"enemies":"Spheric Guardian","floor":25,"turns":5},{"damage":2,"enemies":"Chosen and Byrds","floor":30,"turns":6},{"damage":0,"enemies":"Sentry and Sphere","floor":31,"turns":7},{"damage":54,"enemies":"Collector","floor":33,"turns":8}],"seed_played":"-2641157868739500652","potions_obtained":[{"floor":3,"key":"Regen Potion"},{"floor":7,"key":"FocusPotion"},{"floor":10,"key":"AttackPotion"},{"floor":18,"key":"Fruit Juice"},{"floor":31,"key":"EssenceOfSteel"}],"is_trial":false,"path_per_floor":["M","?","M","?","M","R","E","R","T","E","M","T","R","?","R","B",null,"M","?","?","?","$","E","R","M","T","$","R","T","M","M","R","B"],"character_chosen":"DEFECT","items_purchased":["Discovery","Tiny Chest","Static Discharge","Discovery"],"campfire_rested":5,"item_purchase_floors":[22,22,27,27],"current_hp_per_floor":[63,52,43,43,40,40,30,52,52,45,34,44,69,69,69,48,85,58,58,45,45,45,10,23,22,22,22,35,35,33,33,45,0],"gold":107,"neow_bonus":"THREE_CARDS","is_prod":false,"is_daily":false,"chose_seed":false,"campfire_upgraded":2,"win_rate":0,"timestamp":1549240688,"path_taken":["M","?","M","?","?","R","E","R","T","E","M","?","R","?","R","BOSS","M","?","?","?","$","E","R","M","T","$","R","?","M","M","R","BOSS"],"build_version":"2019-01-23","purchased_purges":0,"victory":false,"max_hp_per_floor":[75,75,75,75,75,75,75,75,75,75,75,85,85,85,85,85,85,90,90,45,45,45,45,45,45,45,45,45,45,45,45,45,45],"card_choices":[{"not_picked":["Barrage","Conserve Battery"],"picked":"Hologram","floor":0},{"not_picked":["Compile Driver","Loop"],"picked":"Cold Snap","floor":1},{"not_picked":["Lockon","Reinforced Body"],"picked":"Auto Shields","floor":3},{"not_picked":["Leap","Turbo"],"picked":"Darkness","floor":5},{"not_picked":["Redo","Compile Driver"],"picked":"Cold Snap","floor":7},{"not_picked":["Gash","Steam"],"picked":"Rebound","floor":10},{"not_picked":["Gash","Steam Power"],"picked":"Go for the Eyes","floor":11},{"not_picked":["Seek","Meteor Strike"],"picked":"Multi-Cast","floor":16},{"not_picked":["Gash+1","Aggregate"],"picked":"Ball Lightning","floor":18},{"not_picked":["Barrage","Skim"],"picked":"Go for the Eyes","floor":23},{"not_picked":["FTL","Beam Cell"],"picked":"Go for the Eyes","floor":25},{"not_picked":["Heatsinks","Sunder"],"picked":"Redo","floor":30},{"not_picked":["Steam","Recycle+1"],"picked":"Cold Snap","floor":31}],"player_experience":533115,"relics_obtained":[{"floor":7,"key":"Boot"},{"floor":10,"key":"Mummified Hand"},{"floor":12,"key":"Pear"},{"floor":23,"key":"DataDisk"},{"floor":26,"key":"Ancient Tea Set"},{"floor":29,"key":"PreservedInsect"}],"event_choices":[{"damage_healed":0,"gold_gain":75,"player_choice":"Gather Gold","damage_taken":11,"max_hp_gain":0,"max_hp_loss":0,"event_name":"World of Goop","floor":2,"gold_loss":0},{"damage_healed":0,"gold_gain":0,"player_choice":"2 cards matched","damage_taken":0,"max_hp_gain":0,"max_hp_loss":0,"event_name":"Match and Keep!","floor":4,"gold_loss":0,"cards_obtained":["Biased Cognition","Flash of Steel"]},{"cards_removed":["Strike_B"],"damage_healed":0,"gold_gain":0,"player_choice":"Card Removal","damage_taken":0,"max_hp_gain":0,"max_hp_loss":0,"event_name":"The Cleric","floor":14,"gold_loss":50},{"damage_healed":0,"gold_gain":0,"cards_transformed":["Strike_B","Dualcast"],"player_choice":"Became Test Subject","damage_taken":0,"max_hp_gain":0,"max_hp_loss":0,"event_name":"Drug Dealer","floor":19,"gold_loss":0,"cards_obtained":["Sunder","Seek"]},{"damage_healed":0,"gold_gain":0,"player_choice":"Became a Ghost","damage_taken":0,"max_hp_gain":0,"max_hp_loss":45,"event_name":"Ghosts","floor":20,"gold_loss":0,"cards_obtained":["Ghostly","Ghostly","Ghostly","Ghostly","Ghostly"]},{"cards_removed":["Sunder"],"damage_healed":0,"gold_gain":0,"player_choice":"Elegance","damage_taken":0,"max_hp_gain":0,"max_hp_loss":0,"event_name":"Back to Basics","floor":21,"gold_loss":0}],"is_beta":false,"boss_relics":[{"not_picked":["Ectoplasm","Black Star"],"picked":"Empty Cage"}],"items_purged_floors":[],"is_endless":false,"potions_floor_spawned":[3,7,10,11,18,31],"killed_by":"Collector","ascension_level":3}