{"gold_per_floor":[117,117,117,140,154,154,32,32,32,75,75,89,120,295,295,295],"floor_reached":16,"playtime":1192,"items_purged":["Strike_R"],"score":135,"play_id":"60b69783-cbf8-4b5f-af8f-e5226b682305","local_time":"20190204003804","is_ascension_mode":true,"campfire_choices":[{"data":"Bash","floor":6,"key":"SMITH"},{"data":"Shrug It Off","floor":8,"key":"SMITH"},{"data":"Metallicize","floor":11,"key":"SMITH"},{"data":"Body Slam","floor":15,"key":"SMITH"}],"neow_cost":"NONE","seed_source_timestamp":0,"circlet_count":0,"master_deck":["Strike_R","Strike_R","Strike_R","Strike_R","Defend_R","Defend_R","Defend_R","Defend_R","Bash+1","Body Slam+1","Metallicize+1","Shrug It Off+1","Metallicize","True Grit","Body Slam+1"],"special_seed":0,"relics":["Burning Blood","Golden Idol","Blue Candle","Omamori","Dream Catcher"],"potions_floor_usage":[],"damage_taken":[{"damage":7,"enemies":"Jaw Worm","floor":1,"turns":3},{"damage":1,"enemies":"Cultist","floor":4,"turns":3},{"damage":4,"enemies":"2 Louse","floor":5,"turns":2},{"damage":28,"enemies":"3 Sentries","floor":10,"turns":14},{"damage":2,"enemies":"Red Slaver","floor":12,"turns":4},{"damage":30,"enemies":"Lagavulin","floor":13,"turns":8},{"damage":31,"enemies":"Slime Boss","floor":16,"turns":3}],"seed_played":"5019113267950875601","potions_obtained":[{"floor":1,"key":"Poison Potion"},{"floor":13,"key":"FearPotion"}],"is_trial":false,"path_per_floor":["M","?","?","M","M","R","$","R","T","E","R","M","E","?","R","B"],"character_chosen":"IRONCLAD","items_purchased":["Shrug It Off"],"campfire_rested":0,"item_purchase_floors":[7],"current_hp_per_floor":[87,65,65,70,72,72,72,72,72,50,50,54,30,30,30,0],"gold":295,"neow_bonus":"TEN_PERCENT_HP_BONUS","is_prod":false,"is_daily":false,"chose_seed":false,"campfire_upgraded":4,"win_rate":0,"timestamp":1549237084,"path_taken":["M","?","?","?","M","R","$","R","T","E","R","M","E","?","R","BOSS"],"build_version":"2019-01-23","purchased_purges":1,"victory":false,"max_hp_per_floor":[88,88,88,88,88,88,88,88,88,88,88,88,88,88,88,88],"card_choices":[{"not_picked":["Power Through","Warcry"],"picked":"Body Slam","floor":1},{"not_picked":["Rampage","Cleave","Warcry"],"picked":"SKIP","floor":4},{"not_picked":["Iron Wave","Disarm"],"picked":"Metallicize","floor":5},{"not_picked":["Clash","Iron Wave"],"picked":"Metallicize","floor":10},{"not_picked":["Warcry","Sword Boomerang"],"picked":"True Grit","floor":12},{"not_picked":["Fiend Fire","Flex"],"picked":"Body Slam","floor":13}],"player_experience":87749,"relics_obtained":[{"floor":9,"key":"Blue Candle"},{"floor":10,"key":"Omamori"},{"floor":13,"key":"Dream Catcher"}],"event_choices":[{"damage_healed":0,"gold_gain":0,"player_choice":"Take Damage","damage_taken":22,"relics_obtained":["Golden Idol"],"max_hp_gain":0,"max_hp_loss":0,"event_name":"Golden Idol","floor":2,"gold_loss":0},{"damage_healed":0,"gold_gain":0,"player_choice":"Forge","damage_taken":0,"max_hp_gain":0,"max_hp_loss":0,"event_name":"Accursed Blacksmith","floor":3,"gold_loss":0,"cards_upgraded":["Body Slam"]},{"damage_healed":0,"gold_gain":175,"player_choice":"AGREE","damage_taken":0,"max_hp_gain":0,"max_hp_loss":0,"event_name":"Liars Game","floor":14,"gold_loss":0,"cards_obtained":["Doubt"]}],"is_beta":false,"boss_relics":[],"items_purged_floors":[7],"is_endless":false,"potions_floor_spawned":[1,13],"killed_by":"Slime Boss","ascension_level":5}