{"gold_per_floor":[109,109,121,131,142,142,142,142,167,33,53,63,77,92,92,192,192,205,305,292,41,51,51,71,83,109,109,123,153,167,186,186,186],"floor_reached":33,"playtime":3198,"items_purged":[],"score":267,"play_id":"2f2abd6d-5818-4344-8bd4-97e29cd54816","local_time":"20190109161544","is_ascension_mode":false,"campfire_choices":[{"data":"Bloodletting","floor":6,"key":"SMITH"},{"data":"Flex","floor":8,"key":"SMITH"},{"data":"Heavy Blade","floor":15,"key":"SMITH"},{"data":"Whirlwind","floor":23,"key":"SMITH"},{"floor":27,"key":"REST"},{"floor":32,"key":"REST"}],"neow_cost":"NONE","seed_source_timestamp":15679894846862,"circlet_count":0,"master_deck":["Strike_R","Defend_R","Defend_R","Defend_R","Defend_R","Bash","Clash","Flex+1","Bloodletting+1","Twin Strike","Heavy Blade+1","Shrug It Off","Ghostly Armor","Pommel Strike","Offering","Battle Trance+1","Feel No Pain+1","Impervious+1","Pommel Strike+1","Clash","Whirlwind+1","Intimidate","Impervious","Flex","Bloodletting+1","Shrug It Off","Flame Barrier+1","Armaments","Flex","Warcry"],"relics":["Burning Blood","MawBank","Regal Pillow","Astrolabe","Pen Nib","PreservedInsect"],"potions_floor_usage":[16,25,29,29,33],"damage_taken":[{"damage":0,"enemies":"Small Slimes","floor":1,"turns":3},{"damage":0,"enemies":"2 Louse","floor":3,"turns":2},{"damage":0,"enemies":"Cultist","floor":4,"turns":2},{"damage":14,"enemies":"3 Louse","floor":5,"turns":5},{"damage":5,"enemies":"Lots of Slimes","floor":11,"turns":4},{"damage":7,"enemies":"Exordium Wildlife","floor":12,"turns":4},{"damage":2,"enemies":"Looter","floor":13,"turns":3},{"damage":18,"enemies":"Exordium Thugs","floor":14,"turns":4},{"damage":29,"enemies":"Slime Boss","floor":16,"turns":11},{"damage":20,"enemies":"Shell Parasite","floor":18,"turns":8},{"damage":0,"enemies":"2 Thieves","floor":20,"turns":4},{"damage":20,"enemies":"Snecko","floor":22,"turns":7},{"damage":18,"enemies":"Snake Plant","floor":24,"turns":5},{"damage":20,"enemies":"Chosen and Byrds","floor":25,"turns":9},{"damage":26,"enemies":"Sentry and Sphere","floor":28,"turns":7},{"damage":11,"enemies":"Book of Stabbing","floor":29,"turns":4},{"damage":13,"enemies":"Cultist and Chosen","floor":30,"turns":4},{"damage":20,"enemies":"Centurion and Healer","floor":31,"turns":5},{"damage":84,"enemies":"Automaton","floor":33,"turns":10}],"seed_played":"3542792535385376273","potions_obtained":[{"floor":3,"key":"AttackPotion"},{"floor":4,"key":"Energy Potion"},{"floor":5,"key":"SteroidPotion"},{"floor":14,"key":"AttackPotion"},{"floor":20,"key":"Regen Potion"},{"floor":25,"key":"Ancient Potion"}],"is_trial":false,"path_per_floor":["M","?","M","M","M","R","?","R","T","$","M","M","M","M","R","B",null,"M","?","M","$","M","R","M","M","T","R","M","E","M","M","R","B"],"character_chosen":"IRONCLAD","items_purchased":["Regal Pillow","Whirlwind","Intimidate","Impervious"],"campfire_rested":2,"item_purchase_floors":[10,21,21,21],"current_hp_per_floor":[80,85,85,85,77,77,77,77,77,77,78,77,81,69,69,46,85,71,71,77,77,63,63,51,52,52,85,65,60,53,39,79,0],"gold":186,"neow_bonus":"REMOVE_CARD","is_prod":false,"is_daily":false,"chose_seed":false,"campfire_upgraded":4,"win_rate":0.0,"timestamp":1547068544,"path_taken":["M","?","M","M","M","R","?","R","T","$","M","M","?","M","R","BOSS","M","?","M","$","M","R","M","M","T","R","M","E","M","?","R","BOSS"],"build_version":"2019-01-03v4","purchased_purges":0,"victory":false,"max_hp_per_floor":[80,85,85,85,85,85,85,85,85,85,85,85,85,85,85,85,85,85,85,85,85,85,85,85,85,85,85,85,85,85,85,85,85],"card_choices":[{"not_picked":["Perfected Strike","Power Through"],"picked":"Clash","floor":1},{"not_picked":["Warcry","Headbutt"],"picked":"Flex","floor":3},{"not_picked":["Inflame","Body Slam"],"picked":"Bloodletting","floor":4},{"not_picked":["Clothesline","Headbutt"],"picked":"Twin Strike","floor":5},{"not_picked":["Cleave","Ghostly Armor"],"picked":"Heavy Blade","floor":11},{"not_picked":["Blood for Blood","Clash"],"picked":"Shrug It Off","floor":12},{"not_picked":["Burning Pact","Flame Barrier"],"picked":"Ghostly Armor","floor":13},{"not_picked":["Carnage","Sword Boomerang"],"picked":"Pommel Strike","floor":14},{"not_picked":["Limit Break","Feed"],"picked":"Offering","floor":16},{"not_picked":["Perfected Strike","Searing Blow"],"picked":"Pommel Strike+1","floor":18},{"not_picked":["Corruption","Ghostly Armor+1"],"picked":"Clash","floor":20},{"not_picked":["True Grit","Battle Trance"],"picked":"Flex","floor":22},{"not_picked":["Flex","Shrug It Off"],"picked":"Bloodletting+1","floor":24},{"not_picked":["Blood for Blood+1","Iron Wave"],"picked":"Shrug It Off","floor":25},{"not_picked":["Heavy Blade+1","Barricade"],"picked":"Flame Barrier+1","floor":28},{"not_picked":["Combust","Offering"],"picked":"Armaments","floor":29},{"not_picked":["Perfected Strike+1","Rupture"],"picked":"Flex","floor":30},{"not_picked":["Dropkick","True Grit"],"picked":"Warcry","floor":31}],"player_experience":11331,"relics_obtained":[{"floor":9,"key":"MawBank"},{"floor":26,"key":"Pen Nib"},{"floor":29,"key":"PreservedInsect"}],"event_choices":[{"damage_healed":0,"gold_gain":0,"player_choice":"Donut","damage_taken":0,"max_hp_gain":5,"max_hp_loss":0,"event_name":"Big Fish","floor":2,"gold_loss":0},{"damage_healed":0,"gold_gain":0,"player_choice":"Bought 0 Potions","damage_taken":0,"max_hp_gain":0,"max_hp_loss":0,"event_name":"The Woman in Blue","floor":7,"gold_loss":0},{"damage_healed":0,"gold_gain":100,"player_choice":"Pray","damage_taken":0,"max_hp_gain":0,"max_hp_loss":0,"event_name":"Golden Shrine","floor":19,"gold_loss":0}],"is_beta":false,"boss_relics":[{"not_picked":["Runic Cube","Runic Dome"],"picked":"Astrolabe"}],"items_purged_floors":[],"is_endless":false,"potions_floor_spawned":[3,4,5,12,13,14,20,24,25,28],"killed_by":"Automaton","ascension_level":0}