{"path_per_floor":["M","?","M","M","M","E","R","$","T","R","M","M","E","M","R","B",null,"M","?","$","M","M","R","E","T","T","R","M","M","M","E","R"],"character_chosen":"IRONCLAD","items_purchased":["Charon\u0027s Ashes","Dramatic Entrance","Happy Flower"],"gold_per_floor":[115,115,127,138,155,490,490,70,96,96,106,120,152,168,168,264,264,284,184,28,38,48,48,82,82,82,82,101,118,136,164,164],"floor_reached":33,"campfire_rested":0,"playtime":3255,"current_hp_per_floor":[88,88,84,84,79,67,67,67,67,67,75,83,64,72,72,63,88,84,84,84,74,82,82,56,56,56,56,50,58,60,59,59],"items_purged":[],"gold":164,"play_id":"98c4b4d8-d6fc-41b3-bd15-4a9d2dc79303","is_prod":false,"is_daily":false,"campfire_rituals":0,"campfire_upgraded":4,"is_hardmode":false,"path_taken":["M","?","M","?","M","E","R","$","T","R","M","M","E","M","R","BOSS","M","?","$","?","M","R","E","?","T","R","M","M","M","E","R","BOSS"],"build_version":"2018-01-18-PROD4","purchased_purges":0,"victory":false,"master_deck":["Strike_R","Strike_R","Strike_R","Strike_R","Strike_R","Defend_R","Defend_R","Defend_R","Defend_R","Bash","Warcry","Clash","Battle Trance","Clash","Warcry","Dramatic Entrance","True Grit","Flex","Armaments","Fiend Fire","Sever Soul","J.A.X.","Headbutt","True Grit","Shrug It Off","Iron Wave","Flex","Spot Weakness"],"max_hp_per_floor":[88,88,88,88,88,88,88,88,88,88,88,88,88,88,88,88,88,88,88,88,88,88,88,88,88,88,88,88,88,88,88,88],"relics":["Burning Blood","Old Coin","Charon\u0027s Ashes","Blood Vial","Ice Cream","Velvet Choker","Happy Flower","Darkstone Periapt","Gremlin Horn","Girya","Mercury Hourglass"],"campfire_meditates":0,"card_choices":[{"not_picked":["Flame Barrier","Sever Soul"],"picked":"Warcry"},{"not_picked":["Clothesline","Second Wind"],"picked":"Clash"},{"not_picked":["Perfected Strike","Metallicize"],"picked":"Battle Trance"},{"not_picked":["Pommel Strike","Pummel"],"picked":"Clash"},{"not_picked":["Bloodletting","Heavy Blade"],"picked":"Warcry"},{"not_picked":["Inflame","Body Slam"],"picked":"True Grit"},{"not_picked":["Shrug It Off","Perfected Strike"],"picked":"Flex"},{"not_picked":["Perfected Strike","Combust"],"picked":"Armaments"},{"not_picked":["Feed","Barricade"],"picked":"Fiend Fire"},{"not_picked":["Headbutt","Flex"],"picked":"Sever Soul"},{"not_picked":["Rupture","Clothesline"],"picked":"Headbutt"},{"not_picked":["Clash","Heavy Blade"],"picked":"True Grit"},{"not_picked":["Perfected Strike","Cleave"],"picked":"Shrug It Off"},{"not_picked":["Shrug It Off","Spot Weakness"],"picked":"Iron Wave"},{"not_picked":["Perfected Strike","True Grit"],"picked":"Flex"},{"not_picked":["Body Slam","Armaments"],"picked":"Spot Weakness"}],"player_experience":38482,"potions_floor_usage":[6,13,16,29,31,33,33,33],"damage_taken":[{"damage":5,"enemies":"Cultist","floor":1,"turns":4},{"damage":10,"enemies":"Blue Slaver","floor":3,"turns":6},{"damage":6,"enemies":"2 Louse","floor":4,"turns":2},{"damage":11,"enemies":"Red Slaver","floor":5,"turns":4},{"damage":18,"enemies":"3 Sentries","floor":6,"turns":8},{"damage":0,"enemies":"2 Fungi Beasts","floor":11,"turns":2},{"damage":0,"enemies":"3 Louse","floor":12,"turns":2},{"damage":27,"enemies":"Gremlin Nob","floor":13,"turns":4},{"damage":0,"enemies":"Lots of Slimes","floor":14,"turns":2},{"damage":17,"enemies":"Slime Boss","floor":16,"turns":11},{"damage":10,"enemies":"Shell Parasite","floor":18,"turns":2},{"damage":18,"enemies":"2 Thieves","floor":21,"turns":3},{"damage":0,"enemies":"Centurion and Healer","floor":22,"turns":2},{"damage":34,"enemies":"Slavers","floor":24,"turns":4},{"damage":14,"enemies":"Snake Plant","floor":28,"turns":3},{"damage":0,"enemies":"Snecko","floor":29,"turns":2},{"damage":6,"enemies":"Centurion and Healer","floor":30,"turns":4},{"damage":9,"enemies":"Gremlin Leader","floor":31,"turns":4},{"damage":91,"enemies":"Automaton","floor":33,"turns":6}],"event_choices":[{"event_name":"Upgrade Shrine","player_choice":"Upgraded","floor":2,"damage_taken":0},{"event_name":"Drug Dealer","player_choice":"Got JAXXED","floor":19,"damage_taken":0}],"boss_relics":[{"not_picked":["Snecko Eye","Lizard Tail"],"picked":"Velvet Choker"}],"potions_floor_spawned":[1,5,12,13,22,29,30,31],"seed_played":"6843472936957374699","killed_by":"Automaton","is_trial":false}