{"gold_per_floor":[118,134,59,76,94,94,114,114,139,139,159,159,82,101,101,174,174,188,188,215,226,151,151,183,83,155,173,193,221,231,231,231,308,308,321,321,366,366,366,366,381,381,381,381,391,424,440,452,452,452],"floor_reached":51,"playtime":2453,"items_purged":["Defend_B","Strike_B"],"score":1238,"play_id":"d61a8117-cb91-48fb-8c2d-bdad612c83bd","local_time":"20190127165417","is_ascension_mode":true,"campfire_choices":[{"data":"Zap","floor":6,"key":"SMITH"},{"data":"Sweeping Beam","floor":10,"key":"SMITH"},{"floor":15,"key":"REST"},{"data":"Echo Form","floor":23,"key":"SMITH"},{"data":"White Noise","floor":32,"key":"SMITH"},{"floor":40,"key":"REST"},{"data":"Streamline","floor":42,"key":"SMITH"},{"data":"Beam Cell","floor":44,"key":"SMITH"},{"data":"Ghostly","floor":49,"key":"SMITH"}],"neow_cost":"NONE","seed_source_timestamp":708084717388494,"circlet_count":0,"master_deck":["AscendersBane","Strike_B","Strike_B","Defend_B","Defend_B","Zap+1","Dualcast","Skim","BootSequence","Scrape","Compile Driver","Sweeping Beam+1","Auto Shields","Echo Form+1","Leap+1","Ghostly","Ghostly","Ghostly","Ghostly+1","Ghostly","Rip and Tear","Conserve Battery+1","Beam Cell+1","Hologram+1","White Noise+1","Rip and Tear","Writhe","Core Surge","Streamline+1","Streamline+1","Hologram"],"relics":["Cracked Core","DataDisk","Bronze Scales","Philosopher\u0027s Stone","Ancient Tea Set","Bag of Marbles","Shuriken","FossilizedHelix","Nunchaku","Nuclear Battery","Calipers","Meat on the Bone","Pen Nib"],"potions_floor_usage":[5,16,16,33,50,50],"damage_taken":[{"damage":2,"enemies":"Jaw Worm","floor":1,"turns":4},{"damage":0,"enemies":"Small Slimes","floor":2,"turns":3},{"damage":7,"enemies":"2 Louse","floor":4,"turns":3},{"damage":18,"enemies":"Exordium Wildlife","floor":5,"turns":4},{"damage":0,"enemies":"Exordium Thugs","floor":7,"turns":3},{"damage":6,"enemies":"Looter","floor":11,"turns":3},{"damage":0,"enemies":"Exordium Wildlife","floor":14,"turns":2},{"damage":11,"enemies":"The Guardian","floor":16,"turns":11},{"damage":9,"enemies":"3 Byrds","floor":18,"turns":3},{"damage":1,"enemies":"Spheric Guardian","floor":21,"turns":5},{"damage":14,"enemies":"Book of Stabbing","floor":24,"turns":6},{"damage":3,"enemies":"3 Cultists","floor":27,"turns":6},{"damage":0,"enemies":"Snake Plant","floor":28,"turns":5},{"damage":0,"enemies":"Slavers","floor":29,"turns":6},{"damage":1,"enemies":"Snecko","floor":30,"turns":4},{"damage":6,"enemies":"Automaton","floor":33,"turns":10},{"damage":3,"enemies":"3 Darklings","floor":35,"turns":5},{"damage":14,"enemies":"2 Orb Walkers","floor":37,"turns":6},{"damage":2,"enemies":"Orb Walker","floor":41,"turns":4},{"damage":3,"enemies":"3 Darklings","floor":45,"turns":5},{"damage":4,"enemies":"Nemesis","floor":46,"turns":7},{"damage":1,"enemies":"Maw","floor":47,"turns":6},{"damage":0,"enemies":"Spire Growth","floor":48,"turns":4},{"damage":18,"enemies":"Awakened One","floor":50,"turns":11}],"seed_played":"2625334925848830303","potions_obtained":[{"floor":1,"key":"AttackPotion"},{"floor":5,"key":"SkillPotion"},{"floor":7,"key":"Fire Potion"},{"floor":24,"key":"LiquidBronze"},{"floor":30,"key":"SkillPotion"},{"floor":37,"key":"Strength Potion"},{"floor":39,"key":"Dexterity Potion"},{"floor":41,"key":"PowerPotion"}],"is_trial":false,"path_per_floor":["M","M","$","M","M","R","M","?","T","R","M","?","$","M","R","B",null,"M","?","T","M","?","R","E","$","T","M","M","E","M","?","R","B",null,"M","?","?","?","?","R","M","R","T","R","M","E","M","M","R","B",null],"character_chosen":"DEFECT","items_purchased":["Auto Shields"],"campfire_rested":2,"item_purchase_floors":[13],"current_hp_per_floor":[69,69,69,62,44,44,44,44,44,44,38,13,13,13,36,25,65,56,39,39,38,38,38,24,24,24,21,21,21,20,20,20,14,33,30,30,16,16,16,27,25,25,25,25,22,30,29,29,29,23],"gold":452,"neow_bonus":"TEN_PERCENT_HP_BONUS","is_prod":false,"is_daily":false,"chose_seed":false,"campfire_upgraded":7,"win_rate":0,"timestamp":1548604457,"path_taken":["M","M","$","M","M","R","M","?","T","R","M","?","?","M","R","BOSS","M","?","?","?","?","R","E","$","T","M","M","E","M","?","R","BOSS","M","?","?","?","?","R","?","R","T","R","M","E","M","M","R","BOSS"],"build_version":"2019-01-23","purchased_purges":2,"victory":true,"max_hp_per_floor":[78,78,78,78,78,78,78,78,78,78,78,78,78,78,78,78,78,78,39,39,39,39,39,39,39,39,39,39,39,39,39,39,39,39,39,39,39,39,39,39,39,39,39,39,39,39,39,39,39,39],"card_choices":[{"not_picked":["Stack","Redo"],"picked":"Skim","floor":1},{"not_picked":["Turbo","Barrage"],"picked":"BootSequence","floor":2},{"not_picked":["Compile Driver","Undo"],"picked":"Scrape","floor":4},{"not_picked":["Barrage","Cold Snap"],"picked":"Compile Driver","floor":5},{"not_picked":["Barrage","Core Surge"],"picked":"Sweeping Beam","floor":7},{"not_picked":["Compile Driver","Turbo","Stack"],"picked":"SKIP","floor":11},{"not_picked":["Lockon","Compile Driver","BootSequence"],"picked":"SKIP","floor":14},{"not_picked":["Creative AI","Rainbow"],"picked":"Echo Form","floor":16},{"not_picked":["Conserve Battery","Rebound"],"picked":"Leap+1","floor":18},{"not_picked":["Beam Cell","Skim"],"picked":"Rip and Tear","floor":21},{"not_picked":["Reprogram","Hologram+1"],"picked":"Conserve Battery+1","floor":24},{"not_picked":["Genetic Algorithm","Consume+1"],"picked":"Beam Cell","floor":27},{"not_picked":["Hello World","Reinforced Body+1"],"picked":"Hologram+1","floor":28},{"not_picked":["Blizzard","Conserve Battery"],"picked":"White Noise","floor":29},{"not_picked":["BootSequence","Turbo"],"picked":"Rip and Tear","floor":30},{"not_picked":["Hyperbeam","Reboot"],"picked":"Core Surge","floor":33},{"not_picked":["Conserve Battery","Steam"],"picked":"Streamline","floor":35},{"not_picked":["Conserve Battery","Cold Snap"],"picked":"Streamline+1","floor":41},{"not_picked":["Tempest+1","Blizzard","Static Discharge"],"picked":"SKIP","floor":45},{"not_picked":["Compile Driver","Cold Snap","Electrodynamics"],"picked":"SKIP","floor":46},{"not_picked":["Compile Driver","Cold Snap","Electrodynamics"],"picked":"SKIP","floor":46},{"not_picked":["Defragment+1","Gash","Aggregate"],"picked":"SKIP","floor":47},{"not_picked":["Leap","Chill"],"picked":"Hologram","floor":48}],"player_experience":648396,"relics_obtained":[{"floor":9,"key":"DataDisk"},{"floor":20,"key":"Ancient Tea Set"},{"floor":24,"key":"Bag of Marbles"},{"floor":26,"key":"Shuriken"},{"floor":29,"key":"FossilizedHelix"},{"floor":37,"key":"Calipers"},{"floor":43,"key":"Meat on the Bone"},{"floor":46,"key":"Pen Nib"}],"event_choices":[{"cards_removed":["Strike_B"],"damage_healed":0,"gold_gain":0,"player_choice":"Forget","damage_taken":0,"max_hp_gain":0,"max_hp_loss":0,"event_name":"Living Wall","floor":8,"gold_loss":0},{"damage_healed":0,"gold_gain":0,"player_choice":"Success","damage_taken":25,"relics_obtained":["Bronze Scales"],"max_hp_gain":0,"max_hp_loss":0,"event_name":"Scrap Ooze","floor":12,"gold_loss":0},{"damage_healed":0,"gold_gain":0,"player_choice":"Became a Ghost","damage_taken":0,"max_hp_gain":0,"max_hp_loss":39,"event_name":"Ghosts","floor":19,"gold_loss":0,"cards_obtained":["Ghostly","Ghostly","Ghostly","Ghostly","Ghostly"]},{"cards_removed":["Defend_B"],"damage_healed":0,"gold_gain":0,"player_choice":"Gave Gold","damage_taken":0,"max_hp_gain":0,"max_hp_loss":0,"event_name":"Beggar","floor":22,"gold_loss":75},{"damage_healed":0,"gold_gain":0,"player_choice":"Opened","damage_taken":0,"relics_obtained":["Nunchaku"],"max_hp_gain":0,"max_hp_loss":0,"event_name":"The Mausoleum","floor":31,"gold_loss":0,"cards_obtained":["Writhe"]},{"damage_healed":0,"gold_gain":0,"player_choice":"Ignored","damage_taken":0,"max_hp_gain":0,"max_hp_loss":0,"event_name":"Tomb of Lord Red Mask","floor":36,"gold_loss":0},{"damage_healed":0,"gold_gain":0,"player_choice":"Fight","damage_taken":0,"max_hp_gain":0,"max_hp_loss":0,"event_name":"Mysterious Sphere","floor":37,"gold_loss":0},{"damage_healed":0,"gold_gain":0,"player_choice":"Ignored","damage_taken":0,"max_hp_gain":0,"max_hp_loss":0,"event_name":"The Moai Head","floor":38,"gold_loss":0},{"damage_healed":0,"gold_gain":0,"player_choice":"Got Potions","damage_taken":0,"max_hp_gain":0,"max_hp_loss":0,"event_name":"Lab","floor":39,"gold_loss":0}],"is_beta":true,"boss_relics":[{"not_picked":["Black Star","Empty Cage"],"picked":"Philosopher\u0027s Stone"},{"not_picked":["White Beast Statue","Eternal Feather"],"picked":"Nuclear Battery"}],"items_purged_floors":[3,25],"is_endless":false,"potions_floor_spawned":[1,5,7,24,30,37,41,47],"ascension_level":14}