{"gold_per_floor":[115,129,129,129,204,216,216,241,287,307,334,348,78,97,97,194,194,213,68,68,85,95,95,129,129,129,158,158,98,98,112,112,214,214,224,240,256,275,275,275,289,289,316,336,54,54,71,82,82,82],"floor_reached":50,"playtime":5169,"items_purged":["Strike_G","Strike_G"],"score":595,"play_id":"65ce8ae2-b95c-49f5-b096-dfcd11762e93","local_time":"20190203111418","is_ascension_mode":true,"campfire_choices":[{"data":"Neutralize","floor":7,"key":"SMITH"},{"floor":15,"key":"REST"},{"data":"Bullet Time","floor":23,"key":"SMITH"},{"data":"Burst","floor":25,"key":"SMITH"},{"floor":28,"key":"REST"},{"floor":30,"key":"REST"},{"data":"Blur","floor":32,"key":"SMITH"},{"data":"Concentrate","floor":40,"key":"SMITH"},{"data":"Tactician","floor":42,"key":"SMITH"},{"floor":49,"key":"REST"}],"neow_cost":"NONE","seed_source_timestamp":338243974728500,"circlet_count":0,"master_deck":["Defend_G","Defend_G","Defend_G","Defend_G","Defend_G","Strike_G","Strike_G","Survivor","Neutralize+1","Skewer","Cloak And Dagger","Quick Slash","Poisoned Stab","Predator","Bullet Time+1","Distraction","Mayhem+1","Caltrops+1","Burst+1","Dash+1","Noxious Fumes+1","Finisher+1","Bouncing Flask+1","Blur+1","Envenom+1","Concentrate+1","Tactician+1","PiercingWail","Endless Agony","Cloak And Dagger","Venomology","Swift Strike","PiercingWail+1","Panache+1","Caltrops+1"],"relics":["Ring of the Snake","NeowsBlessing","Anchor","Frozen Egg 2","Bronze Scales","Torii","Runic Pyramid","Oddly Smooth Stone","Darkstone Periapt","FossilizedHelix","Mummified Hand","Orrery","Strawberry"],"potions_floor_usage":[11,16,16,24,37,41,41,47,50,50,50,50,50,50],"damage_taken":[{"damage":0,"enemies":"Small Slimes","floor":1,"turns":1},{"damage":0,"enemies":"Jaw Worm","floor":2,"turns":1},{"damage":0,"enemies":"Cultist","floor":6,"turns":1},{"damage":12,"enemies":"3 Sentries","floor":8,"turns":11},{"damage":0,"enemies":"2 Fungi Beasts","floor":10,"turns":2},{"damage":21,"enemies":"Lagavulin","floor":11,"turns":7},{"damage":0,"enemies":"3 Louse","floor":12,"turns":3},{"damage":1,"enemies":"Lots of Slimes","floor":14,"turns":3},{"damage":42,"enemies":"Slime Boss","floor":16,"turns":10},{"damage":10,"enemies":"Chosen","floor":18,"turns":6},{"damage":2,"enemies":"Shell Parasite","floor":21,"turns":4},{"damage":6,"enemies":"Centurion and Healer","floor":22,"turns":5},{"damage":7,"enemies":"Book of Stabbing","floor":24,"turns":4},{"damage":45,"enemies":"Gremlin Leader","floor":27,"turns":6},{"damage":0,"enemies":"3 Cultists","floor":31,"turns":5},{"damage":27,"enemies":"Collector","floor":33,"turns":9},{"damage":0,"enemies":"Orb Walker","floor":35,"turns":2},{"damage":0,"enemies":"3 Shapes","floor":36,"turns":4},{"damage":0,"enemies":"Maw","floor":37,"turns":8},{"damage":0,"enemies":"4 Shapes","floor":38,"turns":5},{"damage":0,"enemies":"3 Darklings","floor":41,"turns":5},{"damage":15,"enemies":"Maw","floor":44,"turns":7},{"damage":10,"enemies":"4 Shapes","floor":47,"turns":6},{"damage":30,"enemies":"Transient","floor":48,"turns":5},{"damage":99,"enemies":"Time Eater","floor":50,"turns":10}],"seed_played":"9211789134387235017","potions_obtained":[{"floor":1,"key":"SteroidPotion"},{"floor":2,"key":"EssenceOfSteel"},{"floor":8,"key":"FearPotion"},{"floor":14,"key":"FearPotion"},{"floor":22,"key":"Regen Potion"},{"floor":24,"key":"Regen Potion"},{"floor":33,"key":"EssenceOfSteel"},{"floor":35,"key":"GhostInAJar"},{"floor":41,"key":"Regen Potion"}],"is_trial":false,"path_per_floor":["M","M","?","$","?","M","R","E","T","M","E","M","$","M","R","B",null,"M","$","?","M","M","R","E","R","T","E","R","?","R","M","R","B",null,"M","M","M","M","?","R","M","R","T","M","$","?","M","M","R","B"],"character_chosen":"THE_SILENT","items_purchased":["Mayhem+1","Oddly Smooth Stone","Panache+1"],"campfire_rested":4,"item_purchase_floors":[13,19,45],"current_hp_per_floor":[70,70,63,63,56,56,56,44,44,44,23,23,23,22,43,1,70,60,60,60,58,52,52,59,59,59,14,35,35,56,56,56,29,70,70,70,70,70,70,70,70,70,77,62,62,62,61,31,54,0],"gold":82,"neow_bonus":"THREE_ENEMY_KILL","is_prod":false,"is_daily":false,"chose_seed":false,"campfire_upgraded":6,"win_rate":0,"timestamp":1549163658,"path_taken":["M","M","?","$","?","M","R","E","T","?","E","M","$","M","R","BOSS","M","$","?","M","M","R","E","R","T","E","R","?","R","?","R","BOSS","M","?","?","M","?","R","M","R","T","M","$","?","?","M","R","BOSS"],"build_version":"2019-01-23","purchased_purges":2,"victory":false,"max_hp_per_floor":[70,70,70,70,70,70,70,70,70,70,70,70,70,70,70,70,70,70,70,70,70,70,70,70,70,70,70,70,70,70,70,70,70,70,70,70,70,70,70,70,70,70,77,77,77,77,77,77,77,77],"card_choices":[{"not_picked":["Expertise","Cloak And Dagger"],"picked":"Skewer","floor":1},{"not_picked":["Deflect","Reflex"],"picked":"Cloak And Dagger","floor":2},{"not_picked":["Escape Plan","Bane"],"picked":"Quick Slash","floor":6},{"not_picked":["Acrobatics","Slice"],"picked":"Poisoned Stab","floor":8},{"not_picked":["Deflect","PiercingWail"],"picked":"Predator","floor":10},{"not_picked":["Dagger Throw","Backflip"],"picked":"Bullet Time","floor":11},{"not_picked":["Deflect","Poisoned Stab"],"picked":"Distraction","floor":12},{"not_picked":["Sucker Punch","Endless Agony"],"picked":"Caltrops+1","floor":14},{"not_picked":["Unload","Storm of Steel"],"picked":"Burst","floor":16},{"not_picked":["Expertise","Endless Agony"],"picked":"Dash+1","floor":18},{"not_picked":["Dagger Throw","Backflip"],"picked":"Noxious Fumes+1","floor":21},{"not_picked":["Sucker Punch","Dagger Spray+1","Riddle With Holes"],"picked":"SKIP","floor":22},{"not_picked":["Underhanded Strike","Backflip"],"picked":"Finisher+1","floor":24},{"not_picked":["Eviscerate","Terror"],"picked":"Bouncing Flask","floor":27},{"not_picked":["Noxious Fumes+1","Infinite Blades+1"],"picked":"Blur","floor":31},{"not_picked":["Grand Finale","Bullet Time"],"picked":"Envenom+1","floor":33},{"not_picked":["Outmaneuver+1","Quick Slash+1"],"picked":"Concentrate","floor":34},{"not_picked":["Prepared","Flying Knee"],"picked":"Tactician","floor":34},{"not_picked":["Sucker Punch","Backflip"],"picked":"PiercingWail","floor":34},{"not_picked":["Finisher+1","Dodge and Roll"],"picked":"Endless Agony","floor":34},{"not_picked":["Poisoned Stab","Blade Dance+1"],"picked":"Cloak And Dagger","floor":34},{"not_picked":["Masterful Stab","Caltrops+1"],"picked":"Venomology","floor":35},{"not_picked":["Acrobatics","PiercingWail+1","Underhanded Strike+1"],"picked":"SKIP","floor":36},{"not_picked":["Dodge and Roll","Finisher","Riddle With Holes"],"picked":"SKIP","floor":37},{"not_picked":["Eviscerate","Acrobatics","Heel Hook"],"picked":"SKIP","floor":38},{"not_picked":["Bandage Up","Deep Breath"],"picked":"Swift Strike","floor":39},{"not_picked":["Unload","Skewer"],"picked":"PiercingWail+1","floor":41},{"not_picked":["Underhanded Strike+1","Deflect","Quick Slash"],"picked":"SKIP","floor":44},{"not_picked":["Concentrate","Dodge and Roll+1"],"picked":"Caltrops+1","floor":47},{"not_picked":["Dagger Spray+1","Dagger Throw","Cloak And Dagger"],"picked":"SKIP","floor":48}],"player_experience":268539,"relics_obtained":[{"floor":8,"key":"Frozen Egg 2"},{"floor":9,"key":"Bronze Scales"},{"floor":11,"key":"Torii"},{"floor":24,"key":"Darkstone Periapt"},{"floor":26,"key":"FossilizedHelix"},{"floor":27,"key":"Mummified Hand"},{"floor":43,"key":"Strawberry"}],"event_choices":[{"damage_healed":0,"gold_gain":0,"player_choice":"Success","damage_taken":7,"relics_obtained":["Anchor"],"max_hp_gain":0,"max_hp_loss":0,"event_name":"Scrap Ooze","floor":3,"gold_loss":0},{"damage_healed":0,"gold_gain":75,"player_choice":"Touch","damage_taken":7,"max_hp_gain":0,"max_hp_loss":0,"event_name":"FaceTrader","floor":5,"gold_loss":0},{"damage_healed":0,"gold_gain":0,"player_choice":"Ignored","damage_taken":0,"max_hp_gain":0,"max_hp_loss":0,"event_name":"Ghosts","floor":20,"gold_loss":0},{"cards_removed":["Strike_G"],"damage_healed":0,"gold_gain":0,"player_choice":"Single Remove","damage_taken":0,"max_hp_gain":0,"max_hp_loss":0,"event_name":"Designer","floor":29,"gold_loss":60},{"damage_healed":0,"gold_gain":0,"player_choice":"Memory 1","damage_taken":0,"max_hp_gain":0,"max_hp_loss":0,"event_name":"SensoryStone","floor":39,"gold_loss":0},{"damage_healed":0,"gold_gain":0,"player_choice":"Upgraded","damage_taken":0,"max_hp_gain":0,"max_hp_loss":0,"event_name":"Upgrade Shrine","floor":46,"gold_loss":0,"cards_upgraded":["Bouncing Flask"]}],"is_beta":false,"boss_relics":[{"not_picked":["HoveringKite","Eternal Feather"],"picked":"Runic Pyramid"},{"not_picked":["Snecko Eye","Cursed Key"],"picked":"Orrery"}],"items_purged_floors":[13,45],"is_endless":false,"potions_floor_spawned":[1,2,8,14,22,24,33,35,37,41,47],"killed_by":"Time Eater","ascension_level":3}