{"gold_per_floor":[216,20,40,58,72,72,89,89,89,117,133,4,16,35,35,35],"floor_reached":16,"playtime":1532,"items_purged":["Strike_G"],"score":131,"play_id":"216e43a4-c515-42f0-9ee7-80178028b7a1","local_time":"20190128203614","is_ascension_mode":false,"campfire_choices":[{"floor":6,"key":"REST"},{"data":"Tools of the Trade","floor":15,"key":"SMITH"}],"neow_cost":"NONE","seed_source_timestamp":1173888395947900,"circlet_count":0,"master_deck":["Defend_G","Defend_G","Defend_G","Defend_G","Defend_G","Strike_G","Strike_G","Strike_G","Strike_G","Survivor","Neutralize","Cloak And Dagger","Blade Dance","Infinite Blades","All Out Attack","Flying Knee","Deflect","Acrobatics","Deflect","Tools of the Trade+1","Backstab","Dagger Throw","Deflect","Dagger Throw"],"relics":["Ring of the Snake","Question Card","Ninja Scroll"],"potions_floor_usage":[10,13,16],"damage_taken":[{"damage":4,"enemies":"Cultist","floor":1,"turns":5},{"damage":1,"enemies":"2 Louse","floor":3,"turns":3},{"damage":7,"enemies":"Small Slimes","floor":4,"turns":4},{"damage":41,"enemies":"Exordium Thugs","floor":5,"turns":9},{"damage":0,"enemies":"Blue Slaver","floor":7,"turns":5},{"damage":0,"enemies":"3 Sentries","floor":10,"turns":5},{"damage":0,"enemies":"Looter","floor":11,"turns":3},{"damage":8,"enemies":"Gremlin Gang","floor":13,"turns":4},{"damage":0,"enemies":"Exordium Wildlife","floor":14,"turns":4},{"damage":31,"enemies":"Hexaghost","floor":16,"turns":14}],"seed_played":"3273351401676988796","potions_obtained":[{"floor":1,"key":"Explosive Potion"},{"floor":3,"key":"AttackPotion"},{"floor":7,"key":"Ancient Potion"},{"floor":8,"key":"Block Potion"},{"floor":8,"key":"Energy Potion"},{"floor":11,"key":"SkillPotion"}],"is_trial":false,"path_per_floor":["M","$","M","M","M","R","M","?","T","E","M","$","M","M","R","B"],"character_chosen":"THE_SILENT","items_purchased":["Blade Dance","Infinite Blades","All Out Attack","Dagger Throw"],"campfire_rested":1,"item_purchase_floors":[2,2,2,12],"current_hp_per_floor":[66,66,65,58,17,38,38,38,38,38,38,38,30,30,30,0],"gold":35,"neow_bonus":"HUNDRED_GOLD","is_prod":false,"is_daily":false,"chose_seed":false,"campfire_upgraded":1,"win_rate":0.0,"timestamp":1548725774,"path_taken":["M","$","M","?","M","R","M","?","T","E","M","?","M","M","R","BOSS"],"build_version":"2019-01-23","purchased_purges":1,"victory":false,"max_hp_per_floor":[70,70,70,70,70,70,70,70,70,70,70,70,70,70,70,70],"card_choices":[{"not_picked":["Choke","Bane"],"picked":"Cloak And Dagger","floor":1},{"not_picked":["Quick Slash","Choke"],"picked":"Flying Knee","floor":3},{"not_picked":["Heel Hook","Flying Knee"],"picked":"Deflect","floor":4},{"not_picked":["Poisoned Stab","Terror"],"picked":"Acrobatics","floor":5},{"not_picked":["All Out Attack","Outmaneuver"],"picked":"Deflect","floor":7},{"not_picked":["Blade Dance","Poisoned Stab","Prepared"],"picked":"Tools of the Trade","floor":10},{"not_picked":["Terror","Blade Dance","Leg Sweep"],"picked":"Backstab","floor":11},{"not_picked":["Well Laid Plans","Deadly Poison","Flying Knee"],"picked":"Deflect","floor":13},{"not_picked":["Quick Slash","Tactician","Glass Knife"],"picked":"Dagger Throw","floor":14}],"player_experience":49717,"relics_obtained":[{"floor":9,"key":"Question Card"},{"floor":10,"key":"Ninja Scroll"}],"event_choices":[{"damage_healed":0,"gold_gain":0,"player_choice":"Got Potions","damage_taken":0,"max_hp_gain":0,"max_hp_loss":0,"event_name":"Lab","floor":8,"gold_loss":0}],"is_beta":false,"boss_relics":[],"items_purged_floors":[12],"is_endless":false,"potions_floor_spawned":[1,3,7,11],"killed_by":"Hexaghost","ascension_level":0}