{"gold_per_floor":[17,17,33,33,57,57,92,92,160,160,176,231,48,67,67,160,160,176,195,195,95,175,206,206,246,246,264,283,326,326,105,105,182,182,196,210,210,220,232,263,282,282,282,282,382,95,123,134,134,134,134,134,134,24,49,49],"floor_reached":56,"playtime":3890,"items_purged":["Strike_G","Accuracy","Shame"],"score":2005,"play_id":"88e79e9f-ab8e-4760-8e51-72878bf59f57","local_time":"20190205175934","is_ascension_mode":true,"campfire_choices":[{"data":"Neutralize","floor":6.0,"key":"SMITH"},{"floor":8.0,"key":"REST"},{"data":"Malaise","floor":10.0,"key":"SMITH"},{"floor":15.0,"key":"REST"},{"data":"After Image","floor":24.0,"key":"SMITH"},{"data":"Noxious Fumes","floor":32.0,"key":"SMITH"},{"floor":42.0,"key":"RECALL"},{"data":"A Thousand Cuts","floor":49.0,"key":"SMITH"},{"data":"After Image","floor":53.0,"key":"SMITH"}],"neow_cost":"NO_GOLD","seed_source_timestamp":2205543930295572,"circlet_count":0,"master_deck":["AscendersBane","Survivor","Neutralize+1","Corpse Explosion+1","Malaise+1","Skewer+1","Poisoned Stab+1","Well Laid Plans","Noxious Fumes+1","After Image+1","Backflip","Backstab+1","Escape Plan","Backstab+1","Bane+1","Choke+1","Phantasmal Killer","Backflip","Backstab+1","Blur","Well Laid Plans","After Image+1","Dagger Spray+1","PiercingWail","Footwork","Adrenaline","A Thousand Cuts+1","PiercingWail","Slice+1","Sucker Punch+1","Footwork"],"special_seed":0,"relics":["Ring of the Snake","Bloody Idol","Centennial Puzzle","Molten Egg 2","Potion Belt","Pandora\u0027s Box","FaceOfCleric","Paper Crane","Ninja Scroll","Kunai","Pear","Lee\u0027s Waffle","Cursed Key","Blood Vial","Gremlin Horn","Thread and Needle","Bottled Lightning","Bag of Preparation"],"potions_floor_usage":[56,56,56,56],"damage_taken":[{"damage":2.0,"enemies":"Cultist","floor":1.0,"turns":4.0},{"damage":2.0,"enemies":"Jaw Worm","floor":3.0,"turns":4.0},{"damage":0.0,"enemies":"2 Louse","floor":5.0,"turns":2.0},{"damage":43.0,"enemies":"Gremlin Nob","floor":7.0,"turns":5.0},{"damage":13.0,"enemies":"Exordium Thugs","floor":11.0,"turns":7.0},{"damage":0.0,"enemies":"Gremlin Gang","floor":14.0,"turns":1.0},{"damage":14.0,"enemies":"Slime Boss","floor":16.0,"turns":8.0},{"damage":2.0,"enemies":"3 Byrds","floor":18.0,"turns":3.0},{"damage":0.0,"enemies":"2 Thieves","floor":19.0,"turns":1.0},{"damage":0.0,"enemies":"Slavers","floor":23.0,"turns":1.0},{"damage":20.0,"enemies":"Book of Stabbing","floor":25.0,"turns":6.0},{"damage":8.0,"enemies":"Centurion and Healer","floor":27.0,"turns":2.0},{"damage":7.0,"enemies":"Shelled Parasite and Fungi","floor":28.0,"turns":3.0},{"damage":3.0,"enemies":"Gremlin Leader","floor":29.0,"turns":6.0},{"damage":18.0,"enemies":"Collector","floor":33.0,"turns":11.0},{"damage":0.0,"enemies":"3 Shapes","floor":35.0,"turns":5.0},{"damage":21.0,"enemies":"3 Darklings","floor":36.0,"turns":4.0},{"damage":0.0,"enemies":"Sphere and 2 Shapes","floor":38.0,"turns":5.0},{"damage":1.0,"enemies":"Writhing Mass","floor":39.0,"turns":8.0},{"damage":1.0,"enemies":"Giant Head","floor":40.0,"turns":11.0},{"damage":0.0,"enemies":"4 Shapes","floor":41.0,"turns":3.0},{"damage":0.0,"enemies":"Mind Bloom Boss Battle","floor":45.0,"turns":5.0},{"damage":1.0,"enemies":"Nemesis","floor":47.0,"turns":7.0},{"damage":2.0,"enemies":"Transient","floor":48.0,"turns":6.0},{"damage":20.0,"enemies":"Donu and Deca","floor":50.0,"turns":8.0},{"damage":9.0,"enemies":"Time Eater","floor":51.0,"turns":14.0},{"damage":52.0,"enemies":"Shield and Spear","floor":55.0,"turns":8.0},{"damage":51,"enemies":"The Heart","floor":56,"turns":9}],"seed_played":"1355360283968777305","potions_obtained":[{"floor":1.0,"key":"Weak Potion"},{"floor":7.0,"key":"FearPotion"},{"floor":16.0,"key":"PowerPotion"},{"floor":23.0,"key":"GamblersBrew"},{"floor":25.0,"key":"GamblersBrew"},{"floor":27.0,"key":"Weak Potion"},{"floor":36.0,"key":"Fire Potion"},{"floor":38.0,"key":"SpeedPotion"}],"is_trial":false,"path_per_floor":["M","?","M","?","M","R","E","R","T","R","M","T","$","M","R","B",null,"M","M","?","$","T","E","R","E","T","M","M","E","?","$","R","B",null,"M","M","?","M","M","E","M","R","T","?","?","$","E","M","R","B","B",null,"R","$","E","B"],"character_chosen":"THE_SILENT","items_purchased":["Poisoned Stab+1","Well Laid Plans","Lee\u0027s Waffle","A Thousand Cuts","GhostInAJar","Dexterity Potion","Sucker Punch+1"],"campfire_rested":2,"item_purchase_floors":[13,13,31,46,46,54,54],"current_hp_per_floor":[57,57,55,55,55,55,12,30,30,30,17,17,17,17,35,21,50,48,48,48,48,48,49,49,30,30,23,17,25,25,82,82,70,80,84,69,85,86,87,88,89,89,89,89,90,90,91,92,92,73,67,87,87,87,43,0],"gold":49,"neow_bonus":"THREE_RARE_CARDS","is_prod":false,"is_daily":false,"chose_seed":false,"campfire_upgraded":6,"win_rate":0,"timestamp":1549385974,"path_taken":["M","?","M","?","M","R","E","R","T","R","M","?","?","M","R","BOSS","M","M","?","$","?","E","R","E","T","?","M","E","?","$","R","BOSS","M","M","?","?","M","E","M","R","T","?","?","$","E","M","R","BOSS","BOSS","R","$","E","BOSS"],"build_version":"2019-01-23","purchased_purges":3,"victory":false,"max_hp_per_floor":[66,66,66,60,60,60,60,60,60,60,60,60,60,60,60,60,60,60,60,60,60,60,61,61,62,62,63,64,75,75,82,82,83,83,84,85,85,86,87,88,89,89,89,89,90,90,91,92,92,93,94,94,94,94,95,95],"card_choices":[{"not_picked":["A Thousand Cuts","Malaise"],"picked":"Corpse Explosion","floor":0.0},{"not_picked":["Accuracy","Finisher","Prepared"],"picked":"SKIP","floor":1.0},{"not_picked":["Calculated Gamble","Concentrate","Flechettes"],"picked":"SKIP","floor":3.0},{"not_picked":["PiercingWail","Underhanded Strike","Deflect"],"picked":"SKIP","floor":5.0},{"not_picked":["Deflect","Outmaneuver"],"picked":"Malaise","floor":7.0},{"not_picked":["Deflect","Escape Plan"],"picked":"Skewer+1","floor":11.0},{"not_picked":["Choke+1","Backflip"],"picked":"Noxious Fumes","floor":14.0},{"not_picked":["Tools of the Trade","Night Terror"],"picked":"After Image","floor":16.0},{"not_picked":["Concentrate","Outmaneuver"],"picked":"Backstab+1","floor":18.0},{"not_picked":["Deflect","Outmaneuver"],"picked":"Blur","floor":19.0},{"not_picked":["Grand Finale+1","Predator+1"],"picked":"Well Laid Plans","floor":23.0},{"not_picked":["Quick Slash+1","Outmaneuver","Endless Agony+1"],"picked":"SKIP","floor":25.0},{"not_picked":["Endless Agony+1","Poisoned Stab+1","Choke+1"],"picked":"SKIP","floor":27.0},{"not_picked":["Underhanded Strike+1","Poisoned Stab+1","Deadly Poison"],"picked":"SKIP","floor":28.0},{"not_picked":["Bullet Time","Outmaneuver","Well Laid Plans"],"picked":"SKIP","floor":29.0},{"not_picked":["Venomology","A Thousand Cuts"],"picked":"After Image","floor":33.0},{"not_picked":["Dagger Throw+1","Outmaneuver+1"],"picked":"Dagger Spray+1","floor":35.0},{"not_picked":["Dash+1","Poisoned Stab+1"],"picked":"PiercingWail","floor":36.0},{"not_picked":["Dash+1","Prepared","Predator+1"],"picked":"SKIP","floor":38.0},{"not_picked":["Predator+1","Concentrate","Dash+1"],"picked":"SKIP","floor":39.0},{"not_picked":["Underhanded Strike+1","Dagger Throw+1"],"picked":"Footwork","floor":40.0},{"not_picked":["Dagger Throw+1","Flying Knee+1"],"picked":"Adrenaline","floor":41.0},{"not_picked":["Crippling Poison","Tools of the Trade"],"picked":"PiercingWail","floor":47.0},{"not_picked":["Reflex","Bane+1"],"picked":"Slice+1","floor":48.0},{"not_picked":["Dodge and Roll+1","Dagger Throw+1"],"picked":"Footwork","floor":55.0}],"player_experience":2910951,"relics_obtained":[{"floor":7.0,"key":"Centennial Puzzle"},{"floor":9.0,"key":"Molten Egg 2"},{"floor":12.0,"key":"Potion Belt"},{"floor":22.0,"key":"Paper Crane"},{"floor":23.0,"key":"Ninja Scroll"},{"floor":25.0,"key":"Kunai"},{"floor":29.0,"key":"Pear"},{"floor":40.0,"key":"Blood Vial"},{"floor":43.0,"key":"Gremlin Horn"},{"floor":45.0,"key":"Thread and Needle"},{"floor":47.0,"key":"Bottled Lightning"},{"floor":55.0,"key":"Bag of Preparation"}],"event_choices":[{"damage_healed":0.0,"max_hp_gain":0.0,"max_hp_loss":0.0,"gold_gain":0.0,"event_name":"Living Wall","player_choice":"Grow","floor":2.0,"gold_loss":0.0,"damage_taken":0.0,"cards_upgraded":["Corpse Explosion"]},{"damage_healed":0.0,"max_hp_gain":0.0,"max_hp_loss":6.0,"gold_gain":0.0,"event_name":"Golden Idol","player_choice":"Lose Max HP","floor":4.0,"gold_loss":0.0,"damage_taken":0.0,"relics_obtained":["Golden Idol"]},{"damage_healed":0.0,"max_hp_gain":0.0,"max_hp_loss":0.0,"gold_gain":0.0,"event_name":"FaceTrader","player_choice":"Trade","floor":20.0,"gold_loss":0.0,"damage_taken":0.0,"relics_obtained":["FaceOfCleric"]},{"damage_healed":0.0,"max_hp_gain":0.0,"max_hp_loss":0.0,"gold_gain":0.0,"event_name":"Forgotten Altar","player_choice":"Gave Idol","floor":30.0,"relics_lost":["Golden Idol"],"gold_loss":0.0,"damage_taken":0.0,"relics_obtained":["Bloody Idol"]},{"damage_healed":16.0,"max_hp_gain":0.0,"max_hp_loss":0.0,"gold_gain":0.0,"event_name":"Wheel of Change","player_choice":"Full Heal","floor":37.0,"gold_loss":0.0,"damage_taken":0.0},{"damage_healed":0.0,"max_hp_gain":0.0,"max_hp_loss":0.0,"gold_gain":0.0,"event_name":"Tomb of Lord Red Mask","player_choice":"Ignored","floor":44.0,"gold_loss":0.0,"damage_taken":0.0},{"damage_healed":0.0,"max_hp_gain":0.0,"max_hp_loss":0.0,"gold_gain":0.0,"event_name":"MindBloom","player_choice":"Fight","floor":45.0,"gold_loss":0.0,"damage_taken":0.0}],"is_beta":true,"boss_relics":[{"not_picked":["Black Star","Tiny House"],"picked":"Pandora\u0027s Box"},{"not_picked":["Runic Dome","Runic Pyramid"],"picked":"Cursed Key"}],"items_purged_floors":[13,21,46],"is_endless":false,"potions_floor_spawned":[1,7,16,23,25,27,36,38,39,45],"killed_by":"The Heart","ascension_level":20}