{"gold_per_floor":[112,128,139,157,176,210,210,132,157,157,122,152,252,264,264,362,362,380,119,100,140,140],"floor_reached":22,"playtime":1120,"items_purged":["Strike_B"],"score":228,"play_id":"a54b8494-1094-40ec-a1fc-71b75dac1e2c","local_time":"20190201231647","is_ascension_mode":true,"campfire_choices":[{"data":"Beam Cell","floor":7,"key":"SMITH"},{"data":"Dualcast","floor":10,"key":"SMITH"},{"floor":15,"key":"REST"}],"neow_cost":"NONE","seed_source_timestamp":1529532824217300,"circlet_count":0,"master_deck":["Strike_B","Strike_B","Strike_B","Defend_B","Defend_B","Defend_B","Defend_B","Zap","Dualcast+1","Glacier","Streamline","Leap","Conserve Battery","Beam Cell+1","FTL","Doom and Gloom","Hologram","Core Surge","Redo","HandOfGreed","Sweeping Beam+1","Leap"],"relics":["Cracked Core","NeowsBlessing","Potion Belt","Oddly Smooth Stone","PreservedInsect","Black Star"],"potions_floor_usage":[4,12,16],"damage_taken":[{"damage":0,"enemies":"2 Louse","floor":1,"turns":1},{"damage":0,"enemies":"Small Slimes","floor":2,"turns":1},{"damage":0,"enemies":"Cultist","floor":3,"turns":1},{"damage":8,"enemies":"Exordium Wildlife","floor":4,"turns":7},{"damage":6,"enemies":"Blue Slaver","floor":5,"turns":5},{"damage":27,"enemies":"Gremlin Nob","floor":6,"turns":4},{"damage":28,"enemies":"Lagavulin","floor":12,"turns":7},{"damage":10,"enemies":"Large Slime","floor":14,"turns":6},{"damage":31,"enemies":"Slime Boss","floor":16,"turns":13},{"damage":12,"enemies":"Chosen","floor":18,"turns":5},{"damage":30,"enemies":"2 Thieves","floor":20,"turns":4},{"damage":22,"enemies":"Snake Plant","floor":21,"turns":3},{"damage":35,"enemies":"Cultist and Chosen","floor":22,"turns":4}],"seed_played":"5393445754389316371","potions_obtained":[{"floor":2,"key":"Explosive Potion"},{"floor":3,"key":"SteroidPotion"},{"floor":12,"key":"GamblersBrew"},{"floor":16,"key":"FearPotion"},{"floor":20,"key":"GamblersBrew"},{"floor":21,"key":"FocusPotion"}],"is_trial":false,"path_per_floor":["M","M","M","M","M","E","R","$","T","R","?","E","?","M","R","B",null,"M","$","M","M","M"],"character_chosen":"DEFECT","items_purchased":["Doom and Gloom","HandOfGreed"],"campfire_rested":1,"item_purchase_floors":[8,19],"current_hp_per_floor":[75,75,75,67,61,34,34,34,34,34,52,24,24,14,36,5,75,63,63,33,11,0],"gold":140,"neow_bonus":"THREE_ENEMY_KILL","is_prod":false,"is_daily":false,"chose_seed":false,"campfire_upgraded":2,"win_rate":0,"timestamp":1549081007,"path_taken":["M","M","M","M","M","E","R","$","T","R","?","E","?","M","R","BOSS","M","$","M","M","M"],"build_version":"2019-01-23","purchased_purges":1,"victory":false,"max_hp_per_floor":[75,75,75,75,75,75,75,75,75,75,75,75,75,75,75,75,75,75,75,75,75,75],"card_choices":[{"not_picked":["Go for the Eyes","Rebound"],"picked":"Glacier","floor":1},{"not_picked":["Coolheaded","Defragment"],"picked":"Streamline","floor":2},{"not_picked":["Storm","Steam Power"],"picked":"Leap","floor":3},{"not_picked":["Compile Driver","Double Energy"],"picked":"Conserve Battery","floor":4},{"not_picked":["Coolheaded","Rebound"],"picked":"Beam Cell","floor":5},{"not_picked":["Glacier","Fusion"],"picked":"FTL","floor":6},{"not_picked":["Seek","Steam"],"picked":"Hologram","floor":12},{"not_picked":["Doom and Gloom","Ball Lightning","Streamline"],"picked":"SKIP","floor":14},{"not_picked":["Seek","Thunder Strike"],"picked":"Core Surge","floor":16},{"not_picked":["FTL","Beam Cell"],"picked":"Redo","floor":18},{"not_picked":["Consume","Cold Snap"],"picked":"Sweeping Beam+1","floor":20},{"not_picked":["Scrape","Conserve Battery"],"picked":"Leap","floor":21}],"player_experience":198393,"relics_obtained":[{"floor":6,"key":"Potion Belt"},{"floor":9,"key":"Oddly Smooth Stone"},{"floor":12,"key":"PreservedInsect"}],"event_choices":[{"damage_healed":18,"gold_gain":0,"player_choice":"Healed","damage_taken":0,"max_hp_gain":0,"max_hp_loss":0,"event_name":"The Cleric","floor":11,"gold_loss":35},{"damage_healed":0,"gold_gain":100,"player_choice":"Pray","damage_taken":0,"max_hp_gain":0,"max_hp_loss":0,"event_name":"Golden Shrine","floor":13,"gold_loss":0}],"is_beta":false,"boss_relics":[{"not_picked":["Lizard Tail","White Beast Statue"],"picked":"Black Star"}],"items_purged_floors":[19],"is_endless":false,"potions_floor_spawned":[2,3,12,16,20,21],"killed_by":"Cultist and Chosen","ascension_level":3}