{"gold_per_floor":[119,129,149,165,185,220,220,246,246,273,285,149,167,117,117,217,217,235,252,252,71,71,71,105,122,146,160,160,175,192,46,46,149,149,161,261,276,296,310,310,639,639,692,692,94,108,108,108,108,108],"floor_reached":51,"playtime":3423,"items_purged":["Strike_G","Strike_G"],"score":719,"play_id":"bdbcfe02-a17b-49b5-a50e-9f8718a00f34","local_time":"20190129060003","is_ascension_mode":false,"campfire_choices":[{"data":"Deflect","floor":7,"key":"SMITH"},{"floor":15,"key":"REST"},{"floor":23,"key":"REST"},{"data":"Quick Slash","floor":28,"key":"SMITH"},{"floor":32,"key":"REST"},{"floor":40,"key":"REST"},{"floor":42,"key":"REST"},{"floor":44,"key":"REST"},{"floor":47,"key":"REST"},{"data":"Apotheosis","floor":49,"key":"SMITH"}],"neow_cost":"NONE","seed_source_timestamp":1205814255218900,"circlet_count":0,"master_deck":["Defend_G+1","Defend_G","Defend_G","Defend_G+1","Defend_G","Strike_G","Strike_G","Survivor","Neutralize","Unload+1","Deflect+1","Dodge and Roll","Quick Slash+1","Sucker Punch","Outmaneuver","Quick Slash+1","Dagger Spray","Footwork+1","A Thousand Cuts+1","Adrenaline","Blade Dance+1","Accuracy+1","Footwork+1","A Thousand Cuts+1","Slice+1","Blade Dance","Blade Dance+1","Apotheosis+1","Outmaneuver+1","Writhe"],"relics":["Ring of the Snake","WingedGreaves","Frozen Egg 2","Mercury Hourglass","MawBank","Black Star","MutagenicStrength","Incense Burner","Bag of Preparation","Ancient Tea Set","Whetstone","WristBlade","Gambling Chip","Old Coin","Gremlin Horn","Vajra","StoneCalendar"],"potions_floor_usage":[6,8,13,19,24,29,29,33,37,41,50,50,50],"damage_taken":[{"damage":0,"enemies":"Small Slimes","floor":1,"turns":5},{"damage":0,"enemies":"2 Louse","floor":2,"turns":4},{"damage":0,"enemies":"Jaw Worm","floor":3,"turns":4},{"damage":2,"enemies":"Large Slime","floor":4,"turns":7},{"damage":1,"enemies":"Blue Slaver","floor":5,"turns":4},{"damage":24,"enemies":"3 Sentries","floor":6,"turns":11},{"damage":26,"enemies":"Lagavulin","floor":8,"turns":7},{"damage":7,"enemies":"3 Sentries","floor":10,"turns":6},{"damage":0,"enemies":"2 Fungi Beasts","floor":13,"turns":2},{"damage":10,"enemies":"Slime Boss","floor":16,"turns":7},{"damage":22,"enemies":"3 Byrds","floor":18,"turns":3},{"damage":5,"enemies":"Spheric Guardian","floor":19,"turns":4},{"damage":8,"enemies":"Slavers","floor":24,"turns":4},{"damage":14,"enemies":"Snake Plant","floor":25,"turns":5},{"damage":4,"enemies":"Shelled Parasite and Fungi","floor":27,"turns":7},{"damage":0,"enemies":"Snecko","floor":29,"turns":4},{"damage":2,"enemies":"3 Cultists","floor":30,"turns":4},{"damage":6,"enemies":"Collector","floor":33,"turns":10},{"damage":1,"enemies":"3 Shapes","floor":35,"turns":5},{"damage":0,"enemies":"Mind Bloom Boss Battle","floor":36,"turns":6},{"damage":0,"enemies":"Orb Walker","floor":37,"turns":3},{"damage":38,"enemies":"Transient","floor":38,"turns":5},{"damage":17,"enemies":"Maw","floor":39,"turns":8},{"damage":24,"enemies":"Giant Head","floor":41,"turns":7},{"damage":18,"enemies":"4 Shapes","floor":46,"turns":4},{"damage":36,"enemies":"Donu and Deca","floor":50,"turns":7}],"seed_played":"5552969053349330551","potions_obtained":[{"floor":1,"key":"Weak Potion"},{"floor":6,"key":"Regen Potion"},{"floor":8,"key":"Energy Potion"},{"floor":10,"key":"PowerPotion"},{"floor":13,"key":"Energy Potion"},{"floor":19,"key":"SpeedPotion"},{"floor":24,"key":"SteroidPotion"},{"floor":27,"key":"PowerPotion"},{"floor":29,"key":"SneckoOil"},{"floor":35,"key":"Explosive Potion"},{"floor":41,"key":"Poison Potion"}],"is_trial":false,"path_per_floor":["M","M","M","M","M","E","R","E","T","E","?","$","M","?","R","B",null,"M","M","?","$","?","R","E","M","T","M","R","M","M","$","R","B",null,"M","?","M","M","M","R","E","R","T","R","$","M","R","?","R","B",null],"character_chosen":"THE_SILENT","items_purchased":["Footwork+1","Accuracy+1","Whetstone","Apotheosis","EntropicBrew","StoneCalendar"],"campfire_rested":7,"item_purchase_floors":[12,21,31,45,45,45],"current_hp_per_floor":[70,70,70,68,67,43,43,31,31,24,10,10,10,10,31,21,70,48,43,43,43,43,64,56,42,42,38,38,38,36,36,57,51,70,69,69,69,31,14,35,11,32,32,53,53,35,56,70,70,34],"gold":108,"neow_bonus":"ONE_RANDOM_RARE_CARD","is_prod":false,"is_daily":false,"chose_seed":false,"campfire_upgraded":3,"win_rate":0.0,"timestamp":1548759603,"path_taken":["M","M","M","M","M","E","R","E","T","E","?","$","M","?","R","BOSS","M","M","?","$","?","R","E","M","T","M","R","M","M","?","R","BOSS","M","?","M","M","M","R","E","R","T","R","$","M","R","?","R","BOSS"],"build_version":"2019-01-23","purchased_purges":2,"victory":true,"max_hp_per_floor":[70,70,70,70,70,70,70,70,70,70,70,70,70,70,70,70,70,70,70,70,70,70,70,70,70,70,70,70,70,70,70,70,70,70,70,70,70,70,70,70,70,70,70,70,70,70,70,70,70,70],"card_choices":[{"not_picked":["Crippling Poison","Prepared"],"picked":"Deflect","floor":1},{"not_picked":["Setup","Outmaneuver"],"picked":"Dodge and Roll","floor":2},{"not_picked":["Prepared","Underhanded Strike"],"picked":"Quick Slash","floor":3},{"not_picked":["Glass Knife","Finisher"],"picked":"Sucker Punch","floor":4},{"not_picked":["Skewer","Poisoned Stab"],"picked":"Outmaneuver","floor":5},{"not_picked":["Prepared","Well Laid Plans"],"picked":"Quick Slash","floor":6},{"not_picked":["Caltrops","Tactician","Acrobatics"],"picked":"SKIP","floor":8},{"not_picked":["Acrobatics","Eviscerate"],"picked":"Dagger Spray","floor":10},{"not_picked":["Dagger Throw","Dash"],"picked":"A Thousand Cuts+1","floor":13},{"not_picked":["Night Terror","Phantasmal Killer"],"picked":"Adrenaline","floor":16},{"not_picked":["Underhanded Strike","Infinite Blades+1"],"picked":"Blade Dance+1","floor":18},{"not_picked":["Calculated Gamble","Dagger Spray","Flying Knee"],"picked":"SKIP","floor":19},{"not_picked":["Well Laid Plans+1","Prepared+1"],"picked":"Footwork+1","floor":24},{"not_picked":["Distraction+1","Poisoned Stab","Burst"],"picked":"SKIP","floor":25},{"not_picked":["Calculated Gamble","Skewer","Catalyst"],"picked":"SKIP","floor":27},{"not_picked":["Bane+1","Setup","Skewer+1"],"picked":"SKIP","floor":29},{"not_picked":["Underhanded Strike","Dagger Spray","Eviscerate"],"picked":"SKIP","floor":30},{"not_picked":["Glass Knife","Wraith Form v2+1"],"picked":"A Thousand Cuts+1","floor":33},{"not_picked":["Bane+1","Eviscerate+1"],"picked":"Slice+1","floor":35},{"not_picked":["Flechettes+1","Cloak And Dagger"],"picked":"Blade Dance","floor":37},{"not_picked":["Concentrate+1","Tools of the Trade+1","Dodge and Roll"],"picked":"SKIP","floor":38},{"not_picked":["PiercingWail+1","Underhanded Strike"],"picked":"Blade Dance+1","floor":39},{"not_picked":["After Image+1","Blur","Predator+1"],"picked":"SKIP","floor":41},{"not_picked":["Blade Dance","Sucker Punch+1"],"picked":"Outmaneuver+1","floor":46}],"player_experience":80641,"relics_obtained":[{"floor":6,"key":"WingedGreaves"},{"floor":8,"key":"Frozen Egg 2"},{"floor":9,"key":"Mercury Hourglass"},{"floor":10,"key":"MawBank"},{"floor":24,"key":"Incense Burner"},{"floor":24,"key":"Bag of Preparation"},{"floor":26,"key":"Ancient Tea Set"},{"floor":36,"key":"Gambling Chip"},{"floor":41,"key":"Old Coin"},{"floor":41,"key":"Gremlin Horn"},{"floor":43,"key":"Vajra"}],"event_choices":[{"damage_healed":0,"gold_gain":0,"player_choice":"Entered Light","damage_taken":14,"max_hp_gain":0,"max_hp_loss":0,"event_name":"Shining Light","floor":11,"gold_loss":0,"cards_upgraded":["Defend_G","Defend_G"]},{"cards_removed":["Strike_G"],"damage_healed":0,"gold_gain":0,"player_choice":"Card Removal","damage_taken":0,"max_hp_gain":0,"max_hp_loss":0,"event_name":"The Cleric","floor":14,"gold_loss":50},{"damage_healed":0,"gold_gain":0,"player_choice":"Inject Mutagens","damage_taken":0,"relics_obtained":["MutagenicStrength"],"max_hp_gain":0,"max_hp_loss":0,"event_name":"Drug Dealer","floor":20,"gold_loss":0},{"damage_healed":0,"gold_gain":0,"player_choice":"Ignored","damage_taken":0,"max_hp_gain":0,"max_hp_loss":0,"event_name":"Vampires","floor":22,"gold_loss":0},{"damage_healed":0,"gold_gain":0,"player_choice":"Fight","damage_taken":0,"max_hp_gain":0,"max_hp_loss":0,"event_name":"MindBloom","floor":36,"gold_loss":0},{"damage_healed":18,"gold_gain":0,"player_choice":"Writhe","damage_taken":0,"max_hp_gain":0,"max_hp_loss":0,"event_name":"Winding Halls","floor":48,"gold_loss":0,"cards_obtained":["Writhe"]}],"is_beta":false,"boss_relics":[{"not_picked":["Tiny House","Cursed Key"],"picked":"Black Star"},{"not_picked":["Calling Bell","Fusion Hammer"],"picked":"WristBlade"}],"items_purged_floors":[12,21],"is_endless":false,"potions_floor_spawned":[1,6,8,10,13,19,24,27,29,35,41],"ascension_level":0}