{"gold_per_floor":[114,114,133,86,105,143,143,181,181,181,219,219,238,257,257,382,420,439,364,90,109,109,447,466,504,529,529],"floor_reached":27,"playtime":2059,"items_purged":[],"score":296,"play_id":"021ad742-c0d0-4cdf-bfad-526fd33b75b7","local_time":"20180714004459","daily_mods":["Heirloom","Elite Swarm","Binary"],"is_ascension_mode":false,"campfire_choices":[{"floor":7,"key":"REST"},{"floor":12,"key":"REST"},{"data":"After Image","floor":15,"key":"SMITH"}],"neow_cost":"","seed_source_timestamp":0,"circlet_count":0,"master_deck":["Defend_G+1","Defend_G+1","Defend_G+1","Defend_G+1","Defend_G+1","Strike_G+1","Strike_G+1","Strike_G+1","Strike_G+1","Strike_G+1","Survivor","Neutralize","Dagger Spray","Dagger Throw","Quick Slash","Dagger Spray","Glass Knife","After Image+1","Storm of Steel","Flying Knee","Noxious Fumes","Bullet Time","Dagger Throw","Well Laid Plans","All Out Attack","Envenom","Choke"],"special_seed":17725,"relics":["Ring of the Snake","Bird Faced Urn","Golden Idol","Regal Pillow","Bag of Preparation","Shuriken","Ginger","Tiny House","TwistedFunnel","Old Coin","Matryoshka","Dream Catcher","Centennial Puzzle"],"potions_floor_usage":[],"damage_taken":[{"damage":2,"enemies":"2 Louse","floor":1,"turns":3},{"damage":0,"enemies":"Jaw Worm","floor":3,"turns":5},{"damage":4,"enemies":"Cultist","floor":5,"turns":4},{"damage":44,"enemies":"Lagavulin","floor":6,"turns":11},{"damage":24,"enemies":"Gremlin Nob","floor":8,"turns":4},{"damage":5,"enemies":"3 Sentries","floor":11,"turns":5},{"damage":0,"enemies":"Large Slime","floor":13,"turns":4},{"damage":9,"enemies":"2 Fungi Beasts","floor":14,"turns":2},{"damage":28,"enemies":"Hexaghost","floor":16,"turns":9},{"damage":9,"enemies":"Shell Parasite","floor":18,"turns":5},{"damage":3,"enemies":"3 Byrds","floor":21,"turns":3},{"damage":0,"enemies":"Gremlin Leader","floor":23,"turns":6},{"damage":30,"enemies":"Sentry and Sphere","floor":24,"turns":6},{"damage":49,"enemies":"Book of Stabbing","floor":25,"turns":7},{"damage":11,"enemies":"Slavers","floor":27,"turns":1}],"seed_played":"5986081896675769642","potions_obtained":[{"floor":1,"key":"Ancient Potion"},{"floor":3,"key":"Weak Potion"},{"floor":8,"key":"AttackPotion"},{"floor":16,"key":"Poison Potion"}],"is_trial":false,"path_per_floor":["M","?","M","$","M","E","R","E","T","?","E","R","M","M","R","B",null,"M","?","$","M","?","E","M","E","T"],"character_chosen":"THE_SILENT","items_purchased":["Quick Slash","Well Laid Plans","TwistedFunnel"],"campfire_rested":2,"item_purchase_floors":[4,20,20],"current_hp_per_floor":[68,51,51,51,47,3,39,15,15,15,12,48,50,43,43,19,75,66,66,66,67,67,73,47,4,4,0],"gold":529,"neow_bonus":"","is_prod":false,"is_daily":true,"chose_seed":false,"campfire_upgraded":1,"win_rate":0.0,"timestamp":1531521899,"path_taken":["M","?","?","$","M","E","R","E","T","?","E","R","?","?","R","BOSS","M","?","$","M","?","E","M","E","T","E"],"build_version":"2018-07-12","purchased_purges":0,"victory":false,"max_hp_per_floor":[70,70,70,70,70,70,70,70,70,70,70,70,70,70,70,70,75,75,75,75,75,75,75,75,75,75,75],"card_choices":[{"not_picked":["Accuracy"],"picked":"Dagger Spray","floor":1},{"not_picked":["Masterful Stab"],"picked":"Dagger Throw","floor":3},{"not_picked":["Distraction"],"picked":"Dagger Spray","floor":5},{"not_picked":["Phantasmal Killer"],"picked":"Glass Knife","floor":6},{"not_picked":["Burst"],"picked":"After Image","floor":8},{"not_picked":["Burst"],"picked":"Storm of Steel","floor":11},{"not_picked":["Dodge and Roll"],"picked":"Flying Knee","floor":13},{"not_picked":["Dagger Spray"],"picked":"Noxious Fumes","floor":14},{"not_picked":["After Image"],"picked":"Bullet Time","floor":16},{"not_picked":["Finisher"],"picked":"Endless Agony","floor":17},{"not_picked":["Acrobatics"],"picked":"Dagger Throw","floor":18},{"not_picked":["Reflex"],"picked":"All Out Attack","floor":21},{"not_picked":["Storm of Steel"],"picked":"Envenom","floor":23},{"not_picked":["Outmaneuver+1"],"picked":"Choke","floor":24},{"not_picked":["Unload","Phantasmal Killer"],"picked":"SKIP","floor":25}],"player_experience":53182,"relics_obtained":[{"floor":6,"key":"Regal Pillow"},{"floor":8,"key":"Bag of Preparation"},{"floor":9,"key":"Shuriken"},{"floor":11,"key":"Ginger"},{"floor":23,"key":"Old Coin"},{"floor":25,"key":"Matryoshka"},{"floor":26,"key":"Dream Catcher"},{"floor":26,"key":"Centennial Puzzle"}],"event_choices":[{"event_name":"Golden Idol","player_choice":"Take Damage","floor":2,"damage_taken":0},{"event_name":"Golden Wing","player_choice":"Ignored","floor":10,"damage_taken":0},{"event_name":"Beggar","player_choice":"Gave Gold","floor":19,"damage_taken":0},{"event_name":"Back to Basics","player_choice":"Simplicity","floor":22,"damage_taken":0}],"boss_relics":[{"not_picked":["Cursed Key","Orrery"],"picked":"Tiny House"}],"items_purged_floors":[],"is_endless":false,"potions_floor_spawned":[1,3,8,11,16,18,21],"killed_by":"Slavers","ascension_level":0}