{"gold_per_floor":[111,129,148,148,148,148,177,177,177,177,77,89,109,141,141,236,236,248,248,125,50,64,64,90,106,106,106,134,134,9,24,24,124,124,143,143,93,109,109,139,153,153,199,199,234,48,48,59,59,59],"floor_reached":51,"playtime":2877,"items_purged":["Strike_R","Strike_R","Strike_R","Defend_R"],"score":1214,"play_id":"c688d088-a251-4683-a2cb-658d58dc3747","local_time":"20181021110724","is_ascension_mode":true,"campfire_choices":[{"data":"Whirlwind","floor":6.0,"key":"SMITH"},{"data":"Armaments","floor":8.0,"key":"SMITH"},{"data":"Flex","floor":10.0,"key":"SMITH"},{"data":"Ghostly Armor","floor":15.0,"key":"SMITH"},{"data":"Flex","floor":23.0,"key":"SMITH"},{"data":"Whirlwind","floor":27.0,"key":"SMITH"},{"data":"Warcry","floor":29.0,"key":"SMITH"},{"data":"Intimidate","floor":32.0,"key":"SMITH"},{"data":"Limit Break","floor":42.0,"key":"SMITH"},{"data":"Exhume","floor":44.0,"key":"SMITH"},{"floor":49.0,"key":"REST"}],"neow_cost":"PERCENT_DAMAGE","seed_source_timestamp":958333823974901,"circlet_count":0,"master_deck":["Defend_R","Bash","AscendersBane","Iron Wave","Twin Strike","Armaments+1","Whirlwind+1","Ghostly Armor+1","Flex+1","True Grit","Seeing Red","Intimidate+1","Thunderclap","Exhume+1","Whirlwind+1","Ghostly","Ghostly","Ghostly","Ghostly","Ghostly","Flex+1","Shrug It Off","Limit Break+1","Warcry+1","Inflame"],"special_seed":0,"relics":["Burning Blood","Ginger","Dodecahedron","Bottled Flame","Cursed Key","Regal Pillow","Busted Crown","Omamori","Bag of Preparation","Self Forming Clay","Turnip"],"potions_floor_usage":[50,50],"damage_taken":[{"damage":10.0,"enemies":"Small Slimes","floor":1.0,"turns":4.0},{"damage":2.0,"enemies":"Jaw Worm","floor":2.0,"turns":4.0},{"damage":6.0,"enemies":"2 Louse","floor":3.0,"turns":2.0},{"damage":20.0,"enemies":"3 Sentries","floor":7.0,"turns":10.0},{"damage":0.0,"enemies":"2 Fungi Beasts","floor":12.0,"turns":4.0},{"damage":6.0,"enemies":"Large Slime","floor":13.0,"turns":3.0},{"damage":13.0,"enemies":"Gremlin Nob","floor":14.0,"turns":3.0},{"damage":28.0,"enemies":"Hexaghost","floor":16.0,"turns":8.0},{"damage":27.0,"enemies":"Spheric Guardian","floor":18.0,"turns":6.0},{"damage":5.0,"enemies":"Shell Parasite","floor":22.0,"turns":7.0},{"damage":5.0,"enemies":"Gremlin Leader","floor":24.0,"turns":7.0},{"damage":16.0,"enemies":"Shelled Parasite and Fungi","floor":25.0,"turns":7.0},{"damage":0.0,"enemies":"Slavers","floor":28.0,"turns":6.0},{"damage":2.0,"enemies":"Cultist and Chosen","floor":31.0,"turns":6.0},{"damage":0.0,"enemies":"Collector","floor":33.0,"turns":5.0},{"damage":1.0,"enemies":"3 Darklings","floor":35.0,"turns":2.0},{"damage":0.0,"enemies":"3 Shapes","floor":38.0,"turns":3.0},{"damage":8.0,"enemies":"Nemesis","floor":40.0,"turns":7.0},{"damage":4.0,"enemies":"Spire Growth","floor":41.0,"turns":6.0},{"damage":3.0,"enemies":"Reptomancer","floor":45.0,"turns":5.0},{"damage":8.0,"enemies":"Mind Bloom Boss Battle","floor":47.0,"turns":7.0},{"damage":20.0,"enemies":"Transient","floor":48.0,"turns":5.0},{"damage":5,"enemies":"Awakened One","floor":50,"turns":9}],"seed_played":"-3421165754046892933","potions_obtained":[{"floor":1.0,"key":"SpeedPotion"},{"floor":2.0,"key":"EntropicBrew"},{"floor":3.0,"key":"Ancient Potion"},{"floor":13.0,"key":"Strength Potion"},{"floor":24.0,"key":"EssenceOfSteel"},{"floor":25.0,"key":"PowerPotion"},{"floor":28.0,"key":"Regen Potion"},{"floor":38.0,"key":"SkillPotion"},{"floor":40.0,"key":"Block Potion"},{"floor":48.0,"key":"Block Potion"}],"is_trial":false,"path_per_floor":["M","M","M","?","?","R","E","R","T","R","$","M","M","E","R","B",null,"M","?","$","?","M","R","E","M","T","R","E","R","$","M","R","B",null,"M","?","$","M","?","E","M","R","T","R","E","$","?","M","R","B"],"character_chosen":"IRONCLAD","items_purchased":["True Grit","Flex","SteroidPotion","Inflame"],"campfire_rested":1,"item_purchase_floors":[11,20,37,46],"current_hp_per_floor":[47,51,51,56,56,56,42,42,42,42,42,48,48,41,41,19,69,48,42,42,42,42,42,42,32,32,32,38,38,38,42,42,42,42,42,42,42,42,42,40,42,42,42,42,42,42,40,26,42,42],"gold":59,"neow_bonus":"TRANSFORM_TWO_CARDS","is_prod":false,"is_daily":false,"chose_seed":false,"campfire_upgraded":10,"win_rate":0,"timestamp":1540112844,"path_taken":["M","M","M","?","?","R","E","R","T","R","$","M","M","E","R","BOSS","M","?","$","?","M","R","E","M","T","R","E","R","$","M","R","BOSS","M","?","$","M","?","E","M","R","T","R","E","$","?","M","R","BOSS"],"build_version":"2018-10-19","purchased_purges":4,"victory":true,"max_hp_per_floor":[80,80,80,85,85,85,85,85,85,85,85,85,85,85,85,85,85,85,42,42,42,42,42,42,42,42,42,42,42,42,42,42,42,42,42,42,42,42,42,42,42,42,42,42,42,42,42,42,42,42],"card_choices":[{"not_picked":["Clash","Infernal Blade"],"picked":"Armaments","floor":1.0},{"not_picked":["Bloodletting","Corruption"],"picked":"Whirlwind","floor":2.0},{"not_picked":["Clothesline","Spot Weakness"],"picked":"Ghostly Armor","floor":3.0},{"not_picked":["Headbutt","Shrug It Off"],"picked":"Flex","floor":7.0},{"not_picked":["Wild Strike","Power Through"],"picked":"Seeing Red","floor":12.0},{"not_picked":["Rage","Iron Wave"],"picked":"Intimidate","floor":13.0},{"not_picked":["Flex","Rupture"],"picked":"Thunderclap","floor":14.0},{"not_picked":["Juggernaut","Brutality"],"picked":"Exhume","floor":16.0},{"not_picked":["Sever Soul","Warcry"],"picked":"Whirlwind","floor":18.0},{"not_picked":["Flame Barrier","Heavy Blade+1"],"picked":"Warcry","floor":22.0},{"not_picked":["Flex+1","Reckless Charge"],"picked":"Shrug It Off","floor":24.0},{"not_picked":["True Grit","Armaments+1","Twin Strike"],"picked":"SKIP","floor":25.0},{"not_picked":["Metallicize","Sword Boomerang","Carnage+1"],"picked":"SKIP","floor":28.0},{"not_picked":["Whirlwind","Flex","Sever Soul"],"picked":"SKIP","floor":31.0},{"not_picked":["Demon Form","Berserk"],"picked":"Limit Break","floor":33.0},{"not_picked":["Rampage"],"picked":"SKIP","floor":35.0},{"not_picked":["Entrench"],"picked":"SKIP","floor":38.0},{"not_picked":["Cleave"],"picked":"SKIP","floor":40.0},{"not_picked":["Perfected Strike+1"],"picked":"SKIP","floor":41.0},{"not_picked":[],"picked":"Warcry+1","floor":45.0},{"not_picked":["Headbutt+1"],"picked":"SKIP","floor":48.0}],"player_experience":383483,"relics_obtained":[{"floor":7.0,"key":"Ginger"},{"floor":9.0,"key":"Dodecahedron"},{"floor":14.0,"key":"Bottled Flame"},{"floor":28.0,"key":"Regal Pillow"},{"floor":40.0,"key":"Omamori"},{"floor":43.0,"key":"Bag of Preparation"},{"floor":45.0,"key":"Self Forming Clay"},{"floor":47.0,"key":"Turnip"}],"event_choices":[{"damage_healed":0.0,"max_hp_gain":5.0,"max_hp_loss":0.0,"gold_gain":0.0,"event_name":"Big Fish","player_choice":"Donut","floor":4.0,"gold_loss":0.0,"damage_taken":0.0},{"damage_healed":0.0,"max_hp_gain":0.0,"max_hp_loss":0.0,"gold_gain":0.0,"event_name":"Liars Game","player_choice":"Ignored","floor":5.0,"gold_loss":0.0,"damage_taken":0.0},{"damage_healed":0.0,"max_hp_gain":0.0,"max_hp_loss":43.0,"gold_gain":0.0,"event_name":"Ghosts","player_choice":"Became a Ghost","floor":19.0,"gold_loss":0.0,"damage_taken":0.0,"cards_obtained":["Ghostly","Ghostly","Ghostly","Ghostly","Ghostly"]},{"cards_removed":["Defend_R"],"damage_healed":0.0,"max_hp_gain":0.0,"max_hp_loss":0.0,"gold_gain":0.0,"event_name":"Beggar","player_choice":"Gave Gold","floor":21.0,"gold_loss":75.0,"damage_taken":0.0},{"cards_removed":["Strike_R"],"damage_healed":0.0,"max_hp_gain":0.0,"max_hp_loss":0.0,"gold_gain":0.0,"event_name":"Purifier","player_choice":"Purged","floor":36.0,"gold_loss":0.0,"damage_taken":0.0},{"cards_removed":["Warcry"],"damage_healed":0.0,"max_hp_gain":0.0,"max_hp_loss":0.0,"gold_gain":0.0,"event_name":"Falling","player_choice":"Removed Skill","floor":39.0,"gold_loss":0.0,"damage_taken":0.0},{"damage_healed":0.0,"max_hp_gain":0.0,"max_hp_loss":0.0,"gold_gain":0.0,"event_name":"MindBloom","player_choice":"Fight","floor":47.0,"gold_loss":0.0,"damage_taken":0.0}],"is_beta":true,"boss_relics":[{"not_picked":["Philosopher\u0027s Stone","Runic Pyramid"],"picked":"Cursed Key"},{"not_picked":["Black Star","Orrery"],"picked":"Busted Crown"}],"items_purged_floors":[11,20,30,46],"is_endless":false,"potions_floor_spawned":[1,2,3,13,24,25,28,38,40,41,48],"ascension_level":10}