{"gold_per_floor":[118,118,136,153,153,180,180,197,268,283,318,318,34,0,0,0],"floor_reached":16,"playtime":1279,"items_purged":[],"score":198,"play_id":"07919d01-7ac5-4ed4-b248-79e694ab37d6","local_time":"20190131120802","is_ascension_mode":true,"campfire_choices":[{"data":"Whirlwind","floor":12,"key":"SMITH"},{"floor":15,"key":"REST"}],"neow_cost":"TEN_PERCENT_HP_LOSS","seed_source_timestamp":1037709758368529,"circlet_count":0,"master_deck":["AscendersBane","Strike_R","Strike_R","Strike_R","Defend_R","Defend_R","Defend_R","Bash","Combust","Ghostly Armor","Armaments","Seeing Red","Pommel Strike","Warcry","Battle Trance","Whirlwind+1"],"relics":["Burning Blood","Champion Belt","Pear","Orichalcum","Gremlin Horn"],"potions_floor_usage":[11,11],"damage_taken":[{"damage":0,"enemies":"Cultist","floor":1,"turns":4},{"damage":2,"enemies":"Jaw Worm","floor":3,"turns":4},{"damage":3,"enemies":"Small Slimes","floor":4,"turns":4},{"damage":18,"enemies":"3 Sentries","floor":6,"turns":6},{"damage":9,"enemies":"Blue Slaver","floor":8,"turns":5},{"damage":2,"enemies":"Looter","floor":10,"turns":4},{"damage":50,"enemies":"Gremlin Nob","floor":11,"turns":6},{"damage":53,"enemies":"The Guardian","floor":16,"turns":12}],"seed_played":"6256456743296785562","potions_obtained":[{"floor":6,"key":"Block Potion"},{"floor":10,"key":"Energy Potion"}],"is_trial":false,"path_per_floor":["M","?","M","M","?","E","?","M","T","M","E","R","$","?","R","B"],"character_chosen":"IRONCLAD","items_purchased":["Gremlin Horn"],"campfire_rested":1,"item_purchase_floors":[13],"current_hp_per_floor":[68,68,68,68,73,61,61,58,68,72,28,28,28,28,52,0],"gold":0,"neow_bonus":"TRANSFORM_TWO_CARDS","is_prod":false,"is_daily":false,"chose_seed":false,"campfire_upgraded":1,"win_rate":0,"timestamp":1548932882,"path_taken":["M","?","M","?","?","E","?","M","T","M","E","R","$","?","R","BOSS"],"build_version":"2019-01-23","purchased_purges":0,"victory":false,"max_hp_per_floor":[68,68,68,68,73,73,73,73,83,83,83,83,83,83,83,83],"card_choices":[{"not_picked":["Clash","Power Through"],"picked":"Armaments","floor":1},{"not_picked":["Sword Boomerang","Warcry"],"picked":"Seeing Red","floor":3},{"not_picked":["Sentinel","Entrench"],"picked":"Pommel Strike","floor":4},{"not_picked":["Bloodletting","Power Through","Pommel Strike"],"picked":"SKIP","floor":6},{"not_picked":["Feel No Pain","Headbutt"],"picked":"Battle Trance","floor":8},{"not_picked":["Power Through","Heavy Blade"],"picked":"Whirlwind","floor":10},{"not_picked":["Dark Embrace","Spot Weakness","Heavy Blade"],"picked":"SKIP","floor":11}],"player_experience":663555,"relics_obtained":[{"floor":6,"key":"Champion Belt"},{"floor":9,"key":"Pear"},{"floor":11,"key":"Orichalcum"}],"event_choices":[{"damage_healed":0,"gold_gain":0,"player_choice":"0 cards matched","damage_taken":0,"max_hp_gain":0,"max_hp_loss":0,"event_name":"Match and Keep!","floor":2,"gold_loss":0,"cards_obtained":[]},{"damage_healed":0,"gold_gain":0,"player_choice":"Donut","damage_taken":0,"max_hp_gain":5,"max_hp_loss":0,"event_name":"Big Fish","floor":5,"gold_loss":0},{"damage_healed":0,"gold_gain":0,"cards_transformed":["Strike_R"],"player_choice":"Change","damage_taken":0,"max_hp_gain":0,"max_hp_loss":0,"event_name":"Living Wall","floor":7,"gold_loss":0,"cards_obtained":["Warcry"]},{"damage_healed":0,"gold_gain":0,"player_choice":"Left Gold","damage_taken":0,"max_hp_gain":0,"max_hp_loss":0,"event_name":"World of Goop","floor":14,"gold_loss":34}],"is_beta":true,"boss_relics":[],"items_purged_floors":[],"is_endless":false,"potions_floor_spawned":[6,10],"killed_by":"The Guardian","ascension_level":16}