{"gold_per_floor":[368,368,385,56,67,101,121,121,144,144,155,66,66,83,83,160,160,179,192,21,41,41,41,53,84,84,84,84],"floor_reached":28,"playtime":2174,"items_purged":["Strike_B","Strike_B"],"score":537,"play_id":"682b26de-18df-4590-88c9-d319aa16601e","local_time":"20190118001739","is_ascension_mode":true,"campfire_choices":[{"floor":8.0,"key":"REST"},{"floor":13.0,"key":"REST"},{"data":"Zap","floor":15.0,"key":"SMITH"},{"floor":23.0,"key":"REST"},{"floor":27,"key":"REST"}],"neow_cost":"PERCENT_DAMAGE","seed_source_timestamp":377973485399200,"circlet_count":0,"master_deck":["AscendersBane","Strike_B","Defend_B","Defend_B","Defend_B","Defend_B","Zap+1","Dualcast+1","Genetic Algorithm","Genetic Algorithm","Mayhem+1","Reinforced Body","Cold Snap","Core Surge","Tempest","Sunder","Echo Form","Meteor Strike","Sunder","Meteor Strike","Conserve Battery"],"special_seed":0,"relics":["Cracked Core","Vajra","Smiling Mask","Fusion Hammer","Art of War","Girya"],"potions_floor_usage":[25,28,28],"damage_taken":[{"damage":1.0,"enemies":"Cultist","floor":1.0,"turns":3.0},{"damage":7.0,"enemies":"Jaw Worm","floor":3.0,"turns":4.0},{"damage":3.0,"enemies":"2 Louse","floor":5.0,"turns":4.0},{"damage":22.0,"enemies":"Lagavulin","floor":6.0,"turns":9.0},{"damage":0.0,"enemies":"Looter","floor":7.0,"turns":4.0},{"damage":0.0,"enemies":"2 Fungi Beasts","floor":11.0,"turns":3.0},{"damage":0.0,"enemies":"Red Slaver","floor":14.0,"turns":4.0},{"damage":0.0,"enemies":"Hexaghost","floor":16.0,"turns":9.0},{"damage":10.0,"enemies":"Shell Parasite","floor":18.0,"turns":6.0},{"damage":3.0,"enemies":"3 Byrds","floor":19.0,"turns":3.0},{"damage":0.0,"enemies":"Snecko","floor":21.0,"turns":4.0},{"damage":39.0,"enemies":"Snake Plant","floor":24.0,"turns":5.0},{"damage":26,"enemies":"Book of Stabbing","floor":25,"turns":5},{"damage":24,"enemies":"Slavers","floor":28,"turns":3}],"seed_played":"6578282351593125593","potions_obtained":[{"floor":5.0,"key":"EssenceOfSteel"},{"floor":11.0,"key":"FearPotion"},{"floor":16.0,"key":"LiquidBronze"},{"floor":24.0,"key":"Strength Potion"},{"floor":25,"key":"Poison Potion"}],"is_trial":false,"path_per_floor":["M","?","M","$","M","E","M","R","T","?","M","$","R","M","R","B",null,"M","M","$","M","$","R","M","E","T","R","E"],"character_chosen":"DEFECT","items_purchased":["Genetic Algorithm","Mayhem","Sunder","Meteor Strike"],"campfire_rested":4,"item_purchase_floors":[4,4,12,20],"current_hp_per_floor":[45,45,38,38,35,13,13,34,34,13,13,13,34,34,34,34,62,52,49,49,49,49,70,31,5,5,26,2],"gold":84,"neow_bonus":"TWO_FIFTY_GOLD","is_prod":false,"is_daily":false,"chose_seed":false,"campfire_upgraded":1,"win_rate":0,"timestamp":1547788659,"path_taken":["M","?","M","$","M","E","?","R","T","?","M","$","R","M","R","BOSS","M","M","$","M","$","R","M","E","T","R","E"],"build_version":"2019-01-17","purchased_purges":2,"victory":false,"max_hp_per_floor":[71,71,71,71,71,71,71,71,71,71,71,71,71,71,71,71,71,71,71,71,71,71,71,71,71,71,71,71],"card_choices":[{"not_picked":["Barrage","Leap","Heatsinks"],"picked":"SKIP","floor":1.0},{"not_picked":["Turbo","Coolheaded"],"picked":"Genetic Algorithm","floor":3.0},{"not_picked":["Barrage","Rebound"],"picked":"Reinforced Body","floor":5.0},{"not_picked":["Sweeping Beam","Beam Cell"],"picked":"Cold Snap","floor":6.0},{"not_picked":["Compile Driver","Cold Snap"],"picked":"Core Surge","floor":7.0},{"not_picked":["Reinforced Body","Double Energy"],"picked":"Tempest","floor":11.0},{"not_picked":["Turbo","Steam"],"picked":"Echo Form","floor":14.0},{"not_picked":["Seek","Hyperbeam"],"picked":"Meteor Strike","floor":16.0},{"not_picked":["Compile Driver","Barrage","Beam Cell"],"picked":"SKIP","floor":18.0},{"not_picked":["Gash+1","Skim"],"picked":"Sunder","floor":19.0},{"not_picked":["Hologram","Steam"],"picked":"Conserve Battery","floor":21.0},{"not_picked":["Leap","Coolheaded","Core Surge"],"picked":"SKIP","floor":24.0},{"not_picked":["Go for the Eyes","Consume","Steam"],"picked":"SKIP","floor":25}],"player_experience":477071,"relics_obtained":[{"floor":6.0,"key":"Vajra"},{"floor":9.0,"key":"Smiling Mask"},{"floor":25,"key":"Art of War"},{"floor":26,"key":"Girya"}],"event_choices":[{"cards_removed":["Strike_B"],"damage_healed":0.0,"max_hp_gain":0.0,"max_hp_loss":0.0,"gold_gain":0.0,"event_name":"Bonfire Elementals","player_choice":"Offered Basic","floor":2.0,"gold_loss":0.0,"damage_taken":0.0},{"damage_healed":0.0,"max_hp_gain":0.0,"max_hp_loss":0.0,"gold_gain":0.0,"event_name":"Shining Light","player_choice":"Entered Light","floor":10.0,"gold_loss":0.0,"damage_taken":21.0,"cards_upgraded":["Mayhem","Dualcast"]}],"is_beta":false,"boss_relics":[{"not_picked":["White Beast Statue","Runic Pyramid"],"picked":"Fusion Hammer"}],"items_purged_floors":[4,12],"is_endless":false,"potions_floor_spawned":[5,11,16,18,24,25],"killed_by":"Slavers","ascension_level":17}