{"gold_per_floor":[369,384,395,117,192,211,211,244,244,259,279,299,299,299,299,404,404,414,414,426,426,436,86,116,116,142,158,158,175,27,127,127,227,227,244,256,305,315,333,363,363,397,449,449,449,32,66,66,66,66],"floor_reached":51,"playtime":1843,"items_purged":["Writhe"],"score":857,"play_id":"532c5cc9-7673-497b-b039-8767c533d16a","local_time":"20190203032205","is_ascension_mode":false,"campfire_choices":[{"data":"Uppercut","floor":7.0,"key":"SMITH"},{"data":"Demon Form","floor":13.0,"key":"SMITH"},{"data":"Inflame","floor":15.0,"key":"SMITH"},{"floor":25.0,"key":"REST"},{"data":"Limit Break","floor":32.0,"key":"SMITH"},{"floor":41,"key":"REST"},{"floor":49,"key":"REST"}],"neow_cost":"TEN_PERCENT_HP_LOSS","seed_source_timestamp":8627509727736,"circlet_count":0,"master_deck":["Strike_R+1","Strike_R+1","Strike_R+1","Strike_R+1","Strike_R+1","Defend_R+1","Defend_R+1","Defend_R+1","Defend_R+1","Bash","Pummel+1","Iron Wave+1","Immolate","Uppercut+1","Corruption","Shrug It Off","Body Slam","Power Through","Inflame+1","Flex","Demon Form+1","Demon Form","Demon Form+1","Limit Break+1","Shockwave","Blind","Armaments+1","Body Slam+1","Offering","Sword Boomerang+1","Good Instincts","Good Instincts"],"special_seed":0,"relics":["Burning Blood","Singing Bowl","Sundial","Velvet Choker","Vajra","Centennial Puzzle","Strawberry","Bag of Preparation","Whetstone","Magic Flower","Gremlin Horn","Fusion Hammer","WingedGreaves","Incense Burner","Blue Candle","Dream Catcher","Bronze Scales","Omamori","Bag of Marbles"],"potions_floor_usage":[37,50,50],"damage_taken":[{"damage":3.0,"enemies":"Cultist","floor":1.0,"turns":5.0},{"damage":5.0,"enemies":"Small Slimes","floor":2.0,"turns":3.0},{"damage":8.0,"enemies":"Jaw Worm","floor":3.0,"turns":3.0},{"damage":13.0,"enemies":"Red Slaver","floor":6.0,"turns":2.0},{"damage":0.0,"enemies":"Lagavulin","floor":8.0,"turns":4.0},{"damage":0.0,"enemies":"Large Slime","floor":10.0,"turns":5.0},{"damage":4.0,"enemies":"Exordium Wildlife","floor":11.0,"turns":4.0},{"damage":0.0,"enemies":"Looter","floor":12.0,"turns":2.0},{"damage":32.0,"enemies":"Hexaghost","floor":16.0,"turns":7.0},{"damage":2.0,"enemies":"3 Byrds","floor":18.0,"turns":6.0},{"damage":25.0,"enemies":"Shell Parasite","floor":20.0,"turns":6.0},{"damage":31.0,"enemies":"Shelled Parasite and Fungi","floor":22.0,"turns":6.0},{"damage":18.0,"enemies":"Slavers","floor":24.0,"turns":5.0},{"damage":2.0,"enemies":"Chosen and Byrds","floor":27.0,"turns":5.0},{"damage":2.0,"enemies":"Cultist and Chosen","floor":29.0,"turns":4.0},{"damage":0.0,"enemies":"Colosseum Slavers","floor":31.0,"turns":2.0},{"damage":10.0,"enemies":"Colosseum Nobs","floor":31.0,"turns":3.0},{"damage":56.0,"enemies":"Automaton","floor":33.0,"turns":8.0},{"damage":18,"enemies":"3 Darklings","floor":35,"turns":3},{"damage":6,"enemies":"Orb Walker","floor":36,"turns":3},{"damage":18,"enemies":"2 Orb Walkers","floor":37,"turns":4},{"damage":7,"enemies":"Maw","floor":38,"turns":5},{"damage":0,"enemies":"Transient","floor":39,"turns":5},{"damage":15,"enemies":"Giant Head","floor":40,"turns":5},{"damage":18,"enemies":"Nemesis","floor":42,"turns":5},{"damage":34,"enemies":"Giant Head","floor":47,"turns":7},{"damage":30,"enemies":"Time Eater","floor":50,"turns":7}],"seed_played":"-8860573382353888441","potions_obtained":[{"floor":3.0,"key":"Dexterity Potion"},{"floor":6.0,"key":"AttackPotion"},{"floor":10.0,"key":"Fire Potion"},{"floor":11.0,"key":"SpeedPotion"},{"floor":14.0,"key":"Dexterity Potion"},{"floor":14.0,"key":"AttackPotion"},{"floor":22.0,"key":"Explosive Potion"},{"floor":24.0,"key":"Ancient Potion"},{"floor":31.0,"key":"SkillPotion"},{"floor":33.0,"key":"Dexterity Potion"},{"floor":35,"key":"Swift Potion"},{"floor":39,"key":"AttackPotion"},{"floor":40,"key":"FairyPotion"}],"is_trial":false,"path_per_floor":["M","M","M","$","?","M","R","E","T","M","M","M","R","?","R","B",null,"M","?","M","?","M","$","E","R","T","M","?","M","$","?","R","B",null,"M","M","?","M","M","E","R","E","T","?","?","$","E","$","R","B",null],"character_chosen":"IRONCLAD","items_purchased":["Uppercut","Corruption","Shrug It Off","Body Slam","Power Through","Vajra","Pummel","Shockwave","Blind","Whetstone","Bronze Scales","Strength Potion","Omamori"],"campfire_rested":3,"item_purchase_floors":[4,4,4,4,4,23,23,23,23,30,46,46,46],"current_hp_per_floor":[72,72,70,70,59,52,52,58,58,66,68,76,76,76,76,50,76,78,78,61,61,36,36,26,50,57,61,61,65,65,69,69,22,91,84,87,80,84,95,91,101,94,94,86,86,86,63,63,97,76],"gold":66,"neow_bonus":"TWO_FIFTY_GOLD","is_prod":false,"is_daily":false,"chose_seed":false,"campfire_upgraded":4,"win_rate":0,"timestamp":1549185725,"path_taken":["M","?","?","$","?","M","R","E","T","M","M","M","R","?","R","BOSS","M","?","?","?","M","$","E","R","T","M","?","?","$","?","R","BOSS","M","M","?","M","M","E","R","E","T","?","?","$","E","?","R","BOSS"],"build_version":"2019-01-23","purchased_purges":1,"victory":true,"max_hp_per_floor":[72,72,72,72,72,72,72,72,72,74,74,76,76,76,76,76,76,78,78,80,80,80,80,82,82,89,89,89,89,89,91,91,91,91,93,93,95,97,99,101,101,103,103,105,105,105,107,107,109,109],"card_choices":[{"not_picked":["Havoc","Warcry"],"picked":"Pummel","floor":1.0},{"not_picked":["True Grit","Havoc"],"picked":"Iron Wave","floor":2.0},{"not_picked":["Metallicize","Twin Strike"],"picked":"Immolate","floor":3.0},{"not_picked":["Iron Wave","Pommel Strike"],"picked":"Inflame","floor":6.0},{"not_picked":["True Grit","Cleave"],"picked":"Flex","floor":8.0},{"not_picked":["Twin Strike","Iron Wave","Pommel Strike"],"picked":"Singing Bowl","floor":10.0},{"not_picked":["Metallicize","Pummel"],"picked":"Demon Form","floor":11.0},{"not_picked":["Heavy Blade","Iron Wave","Thunderclap"],"picked":"Singing Bowl","floor":12.0},{"not_picked":["Reaper","Fiend Fire"],"picked":"Demon Form","floor":16.0},{"not_picked":["Perfected Strike+1","Iron Wave+1","Clash"],"picked":"Singing Bowl","floor":18.0},{"not_picked":["Twin Strike","Spot Weakness","Perfected Strike+1"],"picked":"Singing Bowl","floor":20.0},{"not_picked":["Wild Strike","Iron Wave"],"picked":"Limit Break","floor":22.0},{"not_picked":["Warcry","Clash","Clothesline+1"],"picked":"Singing Bowl","floor":24.0},{"not_picked":["Burning Pact","Power Through"],"picked":"Armaments+1","floor":27.0},{"not_picked":["Pummel","Headbutt"],"picked":"Body Slam+1","floor":29.0},{"not_picked":["Heavy Blade","Bloodletting","True Grit"],"picked":"Singing Bowl","floor":31.0},{"not_picked":["Juggernaut","Exhume"],"picked":"Offering","floor":33.0},{"not_picked":["Bloodletting+1","Clash","Warcry+1"],"picked":"Singing Bowl","floor":35},{"not_picked":["Disarm","Rampage+1"],"picked":"Sword Boomerang+1","floor":36},{"not_picked":["Flex+1","Sever Soul+1","Havoc"],"picked":"Singing Bowl","floor":37},{"not_picked":["Burning Pact+1","Havoc+1","Clash"],"picked":"Singing Bowl","floor":38},{"not_picked":["Disarm","Ghostly Armor","Wild Strike+1"],"picked":"Singing Bowl","floor":39},{"not_picked":["Metallicize","Double Tap","Seeing Red"],"picked":"Singing Bowl","floor":40},{"not_picked":["Sword Boomerang+1","Wild Strike+1","Armaments"],"picked":"Singing Bowl","floor":42},{"not_picked":["Purity","Forethought"],"picked":"Good Instincts","floor":44},{"not_picked":["Jack Of All Trades","Deep Breath"],"picked":"Good Instincts","floor":44},{"not_picked":["Deep Breath","Trip","Impatience"],"picked":"Singing Bowl","floor":44},{"not_picked":["Twin Strike+1","True Grit","Intimidate"],"picked":"Singing Bowl","floor":47},{"not_picked":["Thunderclap+1","Perfected Strike","Body Slam+1"],"picked":"Singing Bowl","floor":49}],"player_experience":712846,"relics_obtained":[{"floor":8.0,"key":"Singing Bowl"},{"floor":9.0,"key":"Sundial"},{"floor":24.0,"key":"Centennial Puzzle"},{"floor":26.0,"key":"Strawberry"},{"floor":31.0,"key":"Magic Flower"},{"floor":31.0,"key":"Gremlin Horn"},{"floor":37,"key":"WingedGreaves"},{"floor":40,"key":"Incense Burner"},{"floor":42,"key":"Blue Candle"},{"floor":43,"key":"Dream Catcher"},{"floor":47,"key":"Bag of Marbles"}],"event_choices":[{"damage_healed":0.0,"max_hp_gain":0.0,"max_hp_loss":0.0,"gold_gain":75.0,"event_name":"World of Goop","player_choice":"Gather Gold","floor":5.0,"gold_loss":0.0,"damage_taken":11.0},{"damage_healed":0.0,"max_hp_gain":0.0,"max_hp_loss":0.0,"gold_gain":0.0,"event_name":"Lab","player_choice":"Got Potions","floor":14.0,"gold_loss":0.0,"damage_taken":0.0},{"damage_healed":0.0,"max_hp_gain":0.0,"max_hp_loss":0.0,"gold_gain":0.0,"event_name":"Duplicator","player_choice":"Copied","floor":19.0,"gold_loss":0.0,"damage_taken":0.0,"cards_obtained":["Demon Form"]},{"damage_healed":0.0,"max_hp_gain":0.0,"max_hp_loss":0.0,"gold_gain":0.0,"event_name":"Back to Basics","player_choice":"Simplicity","floor":21.0,"gold_loss":0.0,"damage_taken":0.0,"cards_upgraded":["Strike_R","Strike_R","Strike_R","Strike_R","Strike_R","Defend_R","Defend_R","Defend_R","Defend_R"]},{"damage_healed":0.0,"max_hp_gain":0.0,"max_hp_loss":0.0,"gold_gain":0.0,"event_name":"The Mausoleum","player_choice":"Opened","floor":28.0,"gold_loss":0.0,"damage_taken":0.0,"relics_obtained":["Bag of Preparation"],"cards_obtained":["Writhe"]},{"damage_healed":0.0,"max_hp_gain":0.0,"max_hp_loss":0.0,"gold_gain":0.0,"event_name":"Colosseum","player_choice":"Fight","floor":31.0,"gold_loss":0.0,"damage_taken":0.0},{"damage_healed":0.0,"max_hp_gain":0.0,"max_hp_loss":0.0,"gold_gain":0.0,"event_name":"Colosseum","player_choice":"Fought Nobs","floor":31.0,"gold_loss":0.0,"damage_taken":0.0},{"damage_healed":0,"gold_gain":0,"player_choice":"Fight","damage_taken":0,"max_hp_gain":0,"max_hp_loss":0,"event_name":"Mysterious Sphere","floor":37,"gold_loss":0},{"damage_healed":0,"gold_gain":0,"player_choice":"Memory 3","damage_taken":10,"max_hp_gain":0,"max_hp_loss":0,"event_name":"SensoryStone","floor":44,"gold_loss":0},{"cards_removed":["Pummel"],"damage_healed":0,"gold_gain":0,"player_choice":"Removed Attack","damage_taken":0,"max_hp_gain":0,"max_hp_loss":0,"event_name":"Falling","floor":45,"gold_loss":0}],"is_beta":false,"boss_relics":[{"not_picked":["Pandora\u0027s Box","Runic Cube"],"picked":"Velvet Choker"},{"not_picked":["Snecko Eye","Lizard Tail"],"picked":"Fusion Hammer"}],"items_purged_floors":[46],"is_endless":false,"potions_floor_spawned":[3,6,10,11,22,24,31,33,35,39,40],"ascension_level":0}