{"gold_per_floor":[117,117,130,140,151,151,101,101,146,178,239,239,272,290,290,290],"floor_reached":16,"playtime":562,"items_purged":[],"score":187,"play_id":"3bc31946-165a-461e-94cf-6bf87cf4f5b2","local_time":"20190127153521","is_ascension_mode":true,"campfire_choices":[{"data":"White Noise","floor":6,"key":"SMITH"},{"data":"Zap","floor":8,"key":"SMITH"},{"floor":15,"key":"REST"}],"neow_cost":"NONE","seed_source_timestamp":705252972674998,"circlet_count":0,"master_deck":["AscendersBane","Strike_B","Strike_B","Strike_B+1","Defend_B","Defend_B","Defend_B","Zap+1","Dualcast","Leap","Sweeping Beam+1","White Noise+1","Gash+1","Go for the Eyes+1","Conserve Battery","Coolheaded","Beam Cell+1"],"relics":["Cracked Core","Dream Catcher","Strawberry","Molten Egg 2","Whetstone","Pocketwatch"],"potions_floor_usage":[10,13,13],"damage_taken":[{"damage":1,"enemies":"Cultist","floor":1,"turns":3},{"damage":3,"enemies":"Small Slimes","floor":3,"turns":4},{"damage":0,"enemies":"2 Louse","floor":4,"turns":2},{"damage":5,"enemies":"2 Fungi Beasts","floor":5,"turns":3},{"damage":25,"enemies":"Gremlin Nob","floor":10,"turns":4},{"damage":17,"enemies":"3 Sentries","floor":11,"turns":6},{"damage":1,"enemies":"3 Sentries","floor":13,"turns":4},{"damage":7,"enemies":"Exordium Thugs","floor":14,"turns":3},{"damage":39,"enemies":"Slime Boss","floor":16,"turns":7}],"seed_played":"4243634075348680180","potions_obtained":[{"floor":5,"key":"Swift Potion"},{"floor":11,"key":"EssenceOfSteel"},{"floor":12,"key":"Fire Potion"},{"floor":12,"key":"Fire Potion"},{"floor":14,"key":"Ancient Potion"}],"is_trial":false,"path_per_floor":["M","?","M","M","M","R","?","R","T","E","?","?","E","M","R","B"],"character_chosen":"DEFECT","items_purchased":[],"campfire_rested":1,"item_purchase_floors":[],"current_hp_per_floor":[63,56,53,53,48,48,48,48,55,30,13,13,12,5,28,0],"gold":290,"neow_bonus":"REMOVE_CARD","is_prod":false,"is_daily":false,"chose_seed":false,"campfire_upgraded":2,"win_rate":0,"timestamp":1548599721,"path_taken":["M","?","M","M","M","R","?","R","T","E","?","?","E","?","R","BOSS"],"build_version":"2019-01-23","purchased_purges":0,"victory":false,"max_hp_per_floor":[71,71,71,71,71,71,71,71,78,78,78,78,78,78,78,78],"card_choices":[{"not_picked":["Barrage","Stack"],"picked":"Leap","floor":1},{"not_picked":["Doom and Gloom","Ball Lightning"],"picked":"Sweeping Beam","floor":3},{"not_picked":["Aggregate","Reprogram","Turbo"],"picked":"SKIP","floor":4},{"not_picked":["Streamline","Meteor Strike"],"picked":"White Noise","floor":5},{"not_picked":["Streamline","Turbo"],"picked":"Gash","floor":10},{"not_picked":["Turbo","Streamline+1"],"picked":"Go for the Eyes+1","floor":11},{"not_picked":["Tempest","Defragment"],"picked":"Conserve Battery","floor":13},{"not_picked":["Scrape+1","Leap"],"picked":"Coolheaded","floor":14},{"not_picked":["White Noise","Compile Driver+1"],"picked":"Beam Cell+1","floor":15}],"player_experience":646071,"relics_obtained":[{"floor":9,"key":"Strawberry"},{"floor":10,"key":"Molten Egg 2"},{"floor":11,"key":"Whetstone"},{"floor":13,"key":"Pocketwatch"}],"event_choices":[{"damage_healed":0,"gold_gain":0,"player_choice":"Success","damage_taken":7,"relics_obtained":["Dream Catcher"],"max_hp_gain":0,"max_hp_loss":0,"event_name":"Scrap Ooze","floor":2,"gold_loss":0},{"cards_removed":["Strike_B"],"damage_healed":0,"gold_gain":0,"player_choice":"Card Removal","damage_taken":0,"max_hp_gain":0,"max_hp_loss":0,"event_name":"The Cleric","floor":7,"gold_loss":50},{"damage_healed":0,"gold_gain":30,"player_choice":"Searched \u00273\u0027 times","damage_taken":0,"max_hp_gain":0,"max_hp_loss":0,"event_name":"Dead Adventurer","floor":11,"gold_loss":0},{"damage_healed":0,"gold_gain":0,"player_choice":"Got Potions","damage_taken":0,"max_hp_gain":0,"max_hp_loss":0,"event_name":"Lab","floor":12,"gold_loss":0}],"is_beta":true,"boss_relics":[],"items_purged_floors":[],"is_endless":false,"potions_floor_spawned":[5,11,14],"killed_by":"Slime Boss","ascension_level":14}