{"gold_per_floor":[116,116,191,191,211,211,238,238,238,238,238,238,273,285,285,385,385,400,400,45,55,67,95,122,122,149,177,191,220,220,232,232,333,333,346,346,361,377,377,377,410,32,78,78,39,56,69,81,81,81],"floor_reached":51,"playtime":3535,"items_purged":["Strike_G"],"score":887,"play_id":"3fe9c179-e470-4570-8ef8-b1cd19ba1457","local_time":"20190129145839","is_ascension_mode":true,"campfire_choices":[{"data":"Noxious Fumes","floor":6,"key":"SMITH"},{"floor":10,"key":"REST"},{"floor":12,"key":"REST"},{"data":"Deflect","floor":15,"key":"SMITH"},{"floor":25,"key":"REST"},{"floor":30,"key":"REST"},{"data":"Cloak And Dagger","floor":32,"key":"SMITH"},{"floor":40,"key":"REST"},{"floor":49,"key":"REST"}],"neow_cost":"NONE","seed_source_timestamp":1533256304293864,"circlet_count":0,"master_deck":["Defend_G","Defend_G","Defend_G","Defend_G","Defend_G+1","Strike_G+1","Survivor","Neutralize+1","Panacea","Noxious Fumes+1","Deflect+1","Corpse Explosion","J.A.X.","Footwork+1","Escape Plan","Blind","Sucker Punch+1","Caltrops+1","Well Laid Plans+1","Backstab+1","Cloak And Dagger+1","Backflip","Bane","Leg Sweep+1","Finesse","Corpse Explosion","Catalyst","Noxious Fumes+1","Catalyst","Dodge and Roll+1","Backflip+1"],"relics":["Ring of the Snake","Juzu Bracelet","Frozen Egg 2","Turnip","Lantern","Empty Cage","Oddly Smooth Stone","PreservedInsect","Potion Belt","Strawberry","Art of War","Snake Skull","White Beast Statue","Regal Pillow","Toy Ornithopter","Anchor"],"potions_floor_usage":[16,16,16,16,16,22,27,27,33,37,38,41,41,41,46,46,47,50,50,50,50],"damage_taken":[{"damage":7,"enemies":"Small Slimes","floor":1,"turns":4},{"damage":0,"enemies":"Jaw Worm","floor":5,"turns":5},{"damage":18,"enemies":"Lagavulin","floor":7,"turns":8},{"damage":24,"enemies":"Gremlin Nob","floor":13,"turns":5},{"damage":0,"enemies":"2 Louse","floor":14,"turns":3},{"damage":16,"enemies":"Hexaghost","floor":16,"turns":13},{"damage":0,"enemies":"Shell Parasite","floor":18,"turns":6},{"damage":3,"enemies":"Spheric Guardian","floor":21,"turns":4},{"damage":6,"enemies":"Centurion and Healer","floor":22,"turns":5},{"damage":20,"enemies":"Book of Stabbing","floor":23,"turns":9},{"damage":7,"enemies":"Slavers","floor":27,"turns":4},{"damage":5,"enemies":"Snecko","floor":28,"turns":5},{"damage":30,"enemies":"Gremlin Leader","floor":29,"turns":7},{"damage":0,"enemies":"Cultist and Chosen","floor":31,"turns":4},{"damage":17,"enemies":"Automaton","floor":33,"turns":10},{"damage":0,"enemies":"3 Shapes","floor":35,"turns":4},{"damage":28,"enemies":"3 Darklings","floor":37,"turns":4},{"damage":5,"enemies":"Maw","floor":38,"turns":9},{"damage":32,"enemies":"Giant Head","floor":41,"turns":10},{"damage":3,"enemies":"Writhing Mass","floor":46,"turns":6},{"damage":6,"enemies":"3 Darklings","floor":47,"turns":2},{"damage":0,"enemies":"Maw","floor":48,"turns":7},{"damage":66,"enemies":"Awakened One","floor":50,"turns":18}],"seed_played":"2754694886469659954","potions_obtained":[{"floor":7,"key":"EntropicBrew"},{"floor":13,"key":"Energy Potion"},{"floor":14,"key":"Swift Potion"},{"floor":21,"key":"Explosive Potion"},{"floor":22,"key":"AttackPotion"},{"floor":31,"key":"Weak Potion"},{"floor":35,"key":"SteroidPotion"},{"floor":37,"key":"GhostInAJar"},{"floor":38,"key":"EntropicBrew"},{"floor":41,"key":"Regen Potion"},{"floor":46,"key":"Dexterity Potion"},{"floor":47,"key":"Regen Potion"},{"floor":48,"key":"Poison Potion"}],"is_trial":false,"path_per_floor":["M","?","?","?","M","R","E","?","T","R","?","R","E","M","R","B",null,"M","?","$","M","M","E","T","R","T","E","M","E","R","M","R","B",null,"M","?","M","M","?","R","E","$","T","?","$","M","M","M","R","B",null],"character_chosen":"THE_SILENT","items_purchased":["Footwork+1","Oddly Smooth Stone","Escape Plan","Blind","Catalyst","Toy Ornithopter","Noxious Fumes+1","Catalyst"],"campfire_rested":6,"item_purchase_floors":[20,20,20,20,42,42,42,45],"current_hp_per_floor":[63,63,52,38,38,38,20,17,17,38,31,52,28,28,28,27,70,70,70,70,67,61,41,41,62,69,62,57,27,50,50,50,33,77,77,77,49,44,44,67,35,35,35,35,35,57,56,56,77,36],"gold":81,"neow_bonus":"RANDOM_COLORLESS","is_prod":false,"is_daily":false,"chose_seed":false,"campfire_upgraded":3,"win_rate":0,"timestamp":1548752319,"path_taken":["M","?","?","?","M","R","E","?","T","R","?","R","E","M","R","BOSS","M","?","$","M","M","E","?","R","T","E","M","E","R","M","R","BOSS","M","?","M","M","?","R","E","$","T","?","?","M","M","M","R","BOSS"],"build_version":"2019-01-23","purchased_purges":1,"victory":true,"max_hp_per_floor":[70,70,70,70,70,70,70,70,70,70,70,70,70,70,70,70,70,70,70,70,70,70,70,70,70,77,77,77,77,77,77,77,77,77,77,77,77,77,77,77,77,77,77,77,77,77,77,77,77,77],"card_choices":[{"not_picked":["Prepared","Bane","Catalyst"],"picked":"SKIP","floor":1},{"not_picked":["Setup","Calculated Gamble"],"picked":"Noxious Fumes","floor":5},{"not_picked":["Dagger Spray","Choke","Distraction"],"picked":"SKIP","floor":7},{"not_picked":["Quick Slash","Outmaneuver","Terror"],"picked":"SKIP","floor":13},{"not_picked":["Calculated Gamble","Quick Slash"],"picked":"Deflect","floor":14},{"not_picked":["Venomology","Burst"],"picked":"Corpse Explosion","floor":16},{"not_picked":["Acrobatics","Poisoned Stab","Outmaneuver"],"picked":"SKIP","floor":18},{"not_picked":["Poisoned Stab","Deadly Poison","Underhanded Strike"],"picked":"SKIP","floor":21},{"not_picked":["Dagger Spray","Bane"],"picked":"Sucker Punch+1","floor":22},{"not_picked":["Flying Knee+1","Slice"],"picked":"Caltrops+1","floor":23},{"not_picked":["Deflect","Concentrate"],"picked":"Well Laid Plans+1","floor":27},{"not_picked":["Quick Slash+1","Endless Agony","Slice"],"picked":"SKIP","floor":28},{"not_picked":["Flying Knee+1","Dagger Spray"],"picked":"Backstab+1","floor":29},{"not_picked":["Concentrate","Dagger Throw"],"picked":"Cloak And Dagger","floor":31},{"not_picked":["Prepared+1","Outmaneuver"],"picked":"Backflip","floor":35},{"not_picked":["Underhanded Strike","Bane","Heel Hook+1"],"picked":"SKIP","floor":37},{"not_picked":["Underhanded Strike","Heel Hook+1"],"picked":"Bane","floor":37},{"not_picked":["Choke+1","Sucker Punch"],"picked":"Leg Sweep+1","floor":38},{"not_picked":["Secret Technique","Master of Strategy"],"picked":"Finesse","floor":39},{"not_picked":["Finisher","Acrobatics"],"picked":"Corpse Explosion","floor":41},{"not_picked":["Quick Slash","Calculated Gamble"],"picked":"Dodge and Roll+1","floor":46},{"not_picked":["Quick Slash+1","Reflex","Infinite Blades+1"],"picked":"SKIP","floor":47},{"not_picked":["Cloak And Dagger+1","Outmaneuver+1"],"picked":"Backflip+1","floor":48}],"player_experience":686863,"relics_obtained":[{"floor":7,"key":"Juzu Bracelet"},{"floor":9,"key":"Turnip"},{"floor":13,"key":"Lantern"},{"floor":23,"key":"PreservedInsect"},{"floor":24,"key":"Potion Belt"},{"floor":26,"key":"Strawberry"},{"floor":27,"key":"Art of War"},{"floor":29,"key":"Snake Skull"},{"floor":41,"key":"Regal Pillow"},{"floor":43,"key":"Anchor"}],"event_choices":[{"damage_healed":0,"gold_gain":0,"player_choice":"Grow","damage_taken":0,"max_hp_gain":0,"max_hp_loss":0,"event_name":"Living Wall","floor":2,"gold_loss":0,"cards_upgraded":["Neutralize"]},{"damage_healed":0,"gold_gain":75,"player_choice":"Gather Gold","damage_taken":11,"max_hp_gain":0,"max_hp_loss":0,"event_name":"World of Goop","floor":3,"gold_loss":0},{"damage_healed":0,"gold_gain":0,"player_choice":"Entered Light","damage_taken":14,"max_hp_gain":0,"max_hp_loss":0,"event_name":"Shining Light","floor":4,"gold_loss":0,"cards_upgraded":["Strike_G","Defend_G"]},{"damage_healed":0,"gold_gain":0,"player_choice":"Success","damage_taken":3,"relics_obtained":["Frozen Egg 2"],"max_hp_gain":0,"max_hp_loss":0,"event_name":"Scrap Ooze","floor":8,"gold_loss":0},{"cards_removed":["Strike_G"],"damage_healed":0,"gold_gain":0,"player_choice":"Card Removal","damage_taken":7,"max_hp_gain":0,"max_hp_loss":0,"event_name":"Golden Wing","floor":11,"gold_loss":0},{"damage_healed":0,"gold_gain":0,"player_choice":"Obtain J.A.X.","damage_taken":0,"max_hp_gain":0,"max_hp_loss":0,"event_name":"Drug Dealer","floor":19,"gold_loss":0,"cards_obtained":["J.A.X."]},{"damage_healed":0,"gold_gain":0,"player_choice":"Ignored","damage_taken":0,"max_hp_gain":0,"max_hp_loss":0,"event_name":"SecretPortal","floor":36,"gold_loss":0},{"damage_healed":0,"gold_gain":0,"player_choice":"Memory 1","damage_taken":0,"max_hp_gain":0,"max_hp_loss":0,"event_name":"SensoryStone","floor":39,"gold_loss":0},{"damage_healed":0,"gold_gain":0,"player_choice":"Ignored","damage_taken":0,"max_hp_gain":0,"max_hp_loss":0,"event_name":"Mysterious Sphere","floor":44,"gold_loss":0}],"is_beta":false,"boss_relics":[{"not_picked":["Pandora\u0027s Box","WristBlade"],"picked":"Empty Cage"},{"not_picked":["Fusion Hammer","Snecko Eye"],"picked":"White Beast Statue"}],"items_purged_floors":[42],"is_endless":false,"potions_floor_spawned":[7,13,14,21,22,31,35,37,38,41,46,47,48],"ascension_level":4}