{"gold_per_floor":[113,132,18,18,18,49,49,74,74,74,84,84,84,97,97,97],"floor_reached":16,"playtime":865,"items_purged":["Regret"],"score":149,"play_id":"3e02a4b4-7548-4c27-a7b9-c8bafdd9fe53","local_time":"20190122131212","is_ascension_mode":true,"campfire_choices":[{"floor":13,"key":"REST"},{"data":"Footwork","floor":15,"key":"SMITH"}],"neow_cost":"CURSE","seed_source_timestamp":924747185584437,"circlet_count":0,"master_deck":["Defend_G+1","Defend_G","Defend_G","Defend_G","Defend_G","Strike_G","Strike_G","Strike_G","Strike_G+1","Strike_G","Survivor","Neutralize","Dagger Spray","Poisoned Stab","Footwork+1","Dash","Prepared","Parasite","Prepared","Bullet Time"],"relics":["Ring of the Snake","Darkstone Periapt","Centennial Puzzle","Anchor","Sundial"],"potions_floor_usage":[6],"damage_taken":[{"damage":0,"enemies":"2 Louse","floor":1,"turns":3},{"damage":19,"enemies":"Small Slimes","floor":2,"turns":5},{"damage":20,"enemies":"3 Sentries","floor":6,"turns":8},{"damage":30,"enemies":"Gremlin Nob","floor":8,"turns":6},{"damage":0,"enemies":"Jaw Worm","floor":11,"turns":4},{"damage":0,"enemies":"Looter","floor":14,"turns":4},{"damage":62,"enemies":"Slime Boss","floor":16,"turns":12}],"seed_played":"-6954794844040298032","potions_obtained":[{"floor":1,"key":"Block Potion"}],"is_trial":false,"path_per_floor":["M","M","$","?","?","E","$","E","T","?","M","?","R","M","R","B"],"character_chosen":"THE_SILENT","items_purchased":["Footwork"],"campfire_rested":1,"item_purchase_floors":[3],"current_hp_per_floor":[84,65,65,71,53,33,33,3,3,31,31,31,59,59,59,0],"gold":97,"neow_bonus":"TWENTY_PERCENT_HP_BONUS","is_prod":false,"is_daily":false,"chose_seed":false,"campfire_upgraded":1,"win_rate":0,"timestamp":1548141132,"path_taken":["M","M","$","?","?","E","?","E","T","?","M","?","R","?","R","BOSS"],"build_version":"2019-01-17v2","purchased_purges":1,"victory":false,"max_hp_per_floor":[84,84,84,90,90,90,90,90,90,96,96,96,96,96,96,96],"card_choices":[{"not_picked":["Underhanded Strike","Prepared"],"picked":"Dagger Spray","floor":1},{"not_picked":["Escape Plan","Blade Dance"],"picked":"Poisoned Stab","floor":2},{"not_picked":["Deadly Poison","Poisoned Stab"],"picked":"Dash","floor":6},{"not_picked":["Slice","Dagger Spray"],"picked":"Prepared","floor":8},{"not_picked":["Skewer","Accuracy"],"picked":"Prepared","floor":11},{"not_picked":["Outmaneuver","Dodge and Roll"],"picked":"Bullet Time","floor":14}],"player_experience":624733,"relics_obtained":[{"floor":6,"key":"Centennial Puzzle"},{"floor":8,"key":"Anchor"},{"floor":9,"key":"Sundial"}],"event_choices":[{"damage_healed":0,"gold_gain":0,"player_choice":"Box","damage_taken":0,"relics_obtained":["Darkstone Periapt"],"max_hp_gain":0,"max_hp_loss":0,"event_name":"Big Fish","floor":4,"gold_loss":0,"cards_obtained":["Regret"]},{"damage_healed":0,"gold_gain":0,"player_choice":"Entered Light","damage_taken":18,"max_hp_gain":0,"max_hp_loss":0,"event_name":"Shining Light","floor":5,"gold_loss":0,"cards_upgraded":["Strike_G","Defend_G"]},{"damage_healed":22,"gold_gain":0,"player_choice":"Healed and dodged fight","damage_taken":0,"max_hp_gain":0,"max_hp_loss":0,"event_name":"Mushrooms","floor":10,"gold_loss":0,"cards_obtained":["Parasite"]},{"cards_removed":["Regret"],"damage_healed":0,"gold_gain":0,"player_choice":"Forget","damage_taken":0,"max_hp_gain":0,"max_hp_loss":0,"event_name":"Living Wall","floor":12,"gold_loss":0}],"is_beta":false,"boss_relics":[],"items_purged_floors":[3],"is_endless":false,"potions_floor_spawned":[1],"killed_by":"Slime Boss","ascension_level":3}