{"gold_per_floor":[116,135,135,135,151,177,203,242,332,368,380,392,504,535,547,654,716,742,768,337,337,252,252,281,281,281,293,293,313,313,313],"floor_reached":31,"playtime":2378,"items_purged":["Strike_B"],"score":271,"play_id":"f07b78be-1080-4d3e-b6fc-8a60774a0322","local_time":"20190203154903","is_ascension_mode":false,"campfire_choices":[{"floor":11,"key":"REST"},{"floor":15,"key":"REST"},{"data":"Consume","floor":23,"key":"SMITH"},{"data":"Sunder","floor":25,"key":"SMITH"}],"neow_cost":"NONE","seed_source_timestamp":357516095824600,"circlet_count":0,"master_deck":["Strike_B","Strike_B","Strike_B","Defend_B+1","Defend_B+1","Defend_B","Defend_B+1","Zap","Dualcast","Go for the Eyes","Cold Snap","Beam Cell","Skim","White Noise","Consume+1","Capacitor","Electrodynamics","Sunder+1","Leap","Static Discharge","Self Repair","Thunder Strike","Capacitor","Doom and Gloom","Scrape+1"],"relics":["Cracked Core","War Paint","Kunai","WingedGreaves","MawBank","Pantograph","Ornamental Fan","Odd Mushroom","Tiny House","Bag of Preparation","Omamori","Peace Pipe","Ice Cream","Potion Belt"],"potions_floor_usage":[16,24,31,31],"damage_taken":[{"damage":0,"enemies":"Jaw Worm","floor":1,"turns":3},{"damage":0,"enemies":"Small Slimes","floor":2,"turns":4},{"damage":0,"enemies":"Cultist","floor":5,"turns":3},{"damage":10,"enemies":"3 Sentries","floor":6,"turns":10},{"damage":17,"enemies":"Gremlin Nob","floor":7,"turns":4},{"damage":10,"enemies":"3 Sentries","floor":8,"turns":12},{"damage":6,"enemies":"The Mushroom Lair","floor":10,"turns":4},{"damage":0,"enemies":"Blue Slaver","floor":14,"turns":4},{"damage":32,"enemies":"Hexaghost","floor":16,"turns":11},{"damage":18,"enemies":"Shell Parasite","floor":18,"turns":10},{"damage":0,"enemies":"Chosen","floor":19,"turns":5},{"damage":23,"enemies":"Gremlin Leader","floor":24,"turns":8},{"damage":9,"enemies":"Centurion and Healer","floor":27,"turns":6},{"damage":29,"enemies":"Snake Plant","floor":29,"turns":5},{"damage":15,"enemies":"3 Cultists","floor":31,"turns":4}],"seed_played":"-1502437598503344252","potions_obtained":[{"floor":1,"key":"Weak Potion"},{"floor":6,"key":"Ancient Potion"},{"floor":14,"key":"SpeedPotion"},{"floor":16,"key":"SteroidPotion"},{"floor":17,"key":"Energy Potion"},{"floor":24,"key":"Ancient Potion"},{"floor":29,"key":"FocusPotion"}],"is_trial":false,"path_per_floor":["M","M","?","?","M","E","E","E","T","?","R","$","?","M","R","B",null,"M","M","$","?","?","R","E","R","T","M","?","M","?","M"],"character_chosen":"DEFECT","items_purchased":["Self Repair","Thunder Strike","Bag of Preparation"],"campfire_rested":2,"item_purchase_floors":[20,20,20],"current_hp_per_floor":[75,75,50,55,55,45,28,18,18,12,36,36,36,36,60,48,85,67,67,67,67,67,67,44,44,44,35,35,13,13,0],"gold":313,"neow_bonus":"RANDOM_COMMON_RELIC","is_prod":false,"is_daily":false,"chose_seed":false,"campfire_upgraded":2,"win_rate":0.0,"timestamp":1549180143,"path_taken":["M","M","?","?","M","E","E","E","T","?","R","$","?","?","R","BOSS","M","M","$","?","?","R","E","R","T","M","?","M","?","M"],"build_version":"2019-01-23","purchased_purges":1,"victory":false,"max_hp_per_floor":[75,75,75,80,80,80,80,80,80,80,80,80,80,80,80,80,85,85,85,85,85,85,85,85,85,85,85,85,85,85,85],"card_choices":[{"not_picked":["Skim","Stack"],"picked":"Go for the Eyes","floor":1},{"not_picked":["Reprogram","Hologram"],"picked":"Cold Snap","floor":2},{"not_picked":["Conserve Battery","Scrape"],"picked":"Beam Cell","floor":5},{"not_picked":["Tempest","Turbo"],"picked":"Skim","floor":6},{"not_picked":["Reprogram","Conserve Battery","Redo"],"picked":"SKIP","floor":7},{"not_picked":["Conserve Battery","BootSequence"],"picked":"White Noise","floor":8},{"not_picked":["Streamline","Leap"],"picked":"Consume","floor":10},{"not_picked":["Conserve Battery","Compile Driver"],"picked":"Capacitor","floor":14},{"not_picked":["Meteor Strike","Buffer"],"picked":"Electrodynamics","floor":16},{"not_picked":["Coolheaded","Stack"],"picked":"Sunder","floor":17},{"not_picked":["Storm+1","Fusion"],"picked":"Leap","floor":18},{"not_picked":["Coolheaded","Sunder"],"picked":"Static Discharge","floor":19},{"not_picked":["Leap","Cold Snap+1","Sweeping Beam+1"],"picked":"SKIP","floor":24},{"not_picked":["Hello World","Turbo+1"],"picked":"Doom and Gloom","floor":27},{"not_picked":["Recycle","Consume"],"picked":"Scrape+1","floor":29}],"player_experience":281403,"relics_obtained":[{"floor":6,"key":"WingedGreaves"},{"floor":7,"key":"MawBank"},{"floor":8,"key":"Pantograph"},{"floor":9,"key":"Ornamental Fan"},{"floor":10,"key":"Odd Mushroom"},{"floor":24,"key":"Peace Pipe"},{"floor":26,"key":"Ice Cream"}],"event_choices":[{"damage_healed":0,"gold_gain":0,"player_choice":"Success","damage_taken":25,"relics_obtained":["Kunai"],"max_hp_gain":0,"max_hp_loss":0,"event_name":"Scrap Ooze","floor":3,"gold_loss":0},{"damage_healed":0,"gold_gain":0,"player_choice":"Donut","damage_taken":0,"max_hp_gain":5,"max_hp_loss":0,"event_name":"Big Fish","floor":4,"gold_loss":0},{"damage_healed":0,"gold_gain":0,"player_choice":"Fought Mushrooms","damage_taken":0,"max_hp_gain":0,"max_hp_loss":0,"event_name":"Mushrooms","floor":10,"gold_loss":0},{"damage_healed":0,"gold_gain":100,"player_choice":"Pray","damage_taken":0,"max_hp_gain":0,"max_hp_loss":0,"event_name":"Golden Shrine","floor":13,"gold_loss":0},{"damage_healed":0,"gold_gain":0,"player_choice":"Read","damage_taken":0,"max_hp_gain":0,"max_hp_loss":0,"event_name":"The Library","floor":21,"gold_loss":0,"cards_obtained":["Capacitor"]},{"damage_healed":0,"gold_gain":0,"player_choice":"Obtained Relic","damage_taken":0,"relics_obtained":["Omamori"],"max_hp_gain":0,"max_hp_loss":0,"event_name":"Addict","floor":22,"gold_loss":85},{"damage_healed":0,"gold_gain":0,"player_choice":"Opened","damage_taken":0,"relics_obtained":["Potion Belt"],"max_hp_gain":0,"max_hp_loss":0,"event_name":"The Mausoleum","floor":28,"gold_loss":0,"cards_obtained":["Writhe"]},{"damage_healed":0,"gold_gain":0,"player_choice":"Smashed Altar","damage_taken":0,"max_hp_gain":0,"max_hp_loss":0,"event_name":"Forgotten Altar","floor":30,"gold_loss":0,"cards_obtained":["Decay"]}],"is_beta":false,"boss_relics":[{"not_picked":["Astrolabe","Snecko Eye"],"picked":"Tiny House"}],"items_purged_floors":[20],"is_endless":false,"potions_floor_spawned":[1,6,14,16,24,29],"killed_by":"3 Cultists","ascension_level":0}