{"gold_per_floor":[110,122,133,83,8,41,41,56,56,84,84,97,107,126,126,225,225,242,242,93,108,123,157,171,171,196,221,248,270,295,222,234,347,359,389,401,413,425,448,460,506,518,530,379,394,168,193,210,210,210],"floor_reached":51,"playtime":10037,"items_purged":["Defend_R","Strike_R","Normality","Shame"],"score":984,"play_id":"99573ff2-ea94-45c1-a8e3-ee4afd6ba55c","local_time":"20180926193229","is_ascension_mode":true,"campfire_choices":[{"data":"Fiend Fire","floor":7,"key":"SMITH"},{"data":"Battle Trance","floor":11,"key":"SMITH"},{"floor":15,"key":"REST"},{"data":"Armaments","floor":25,"key":"SMITH"},{"data":"Feel No Pain","floor":32,"key":"SMITH"},{"data":"Exhume","floor":40,"key":"SMITH"},{"data":"Discovery","floor":42,"key":"SMITH"},{"data":"Burning Pact","floor":49,"key":"SMITH"}],"neow_cost":"NONE","seed_source_timestamp":1114228999889066,"circlet_count":0,"master_deck":["Strike_R","Strike_R+1","Strike_R","Defend_R","Defend_R","Defend_R","Bash+1","Fiend Fire+1","Shockwave","Iron Wave","Battle Trance+1","Warcry","Impervious","Feel No Pain+1","Sword Boomerang+1","Pummel+1","Offering+1","Disarm+1","Armaments+1","Infernal Blade+1","Second Wind","Anger+1","Spot Weakness","Anger+1","Whirlwind+1","Exhume+1","Pommel Strike+1","Discovery+1","Dramatic Entrance+1","Warcry+1","Thunderclap+1","Fiend Fire+1","Inflame","Power Through+1","Burning Pact+1","Flex+1"],"relics":["Burning Blood","Champion Belt","Shuriken","Molten Egg 2","Cursed Key","War Paint","Whetstone","Bag of Marbles","MawBank","Kunai","Busted Crown","Ice Cream","Charon\u0027s Ashes","Boot"],"potions_floor_usage":[10,16,16,33,41,50,50],"damage_taken":[{"damage":1,"enemies":"Cultist","floor":1,"turns":3},{"damage":16,"enemies":"Jaw Worm","floor":2,"turns":4},{"damage":6,"enemies":"Small Slimes","floor":3,"turns":2},{"damage":30,"enemies":"3 Sentries","floor":6,"turns":10},{"damage":15,"enemies":"Gremlin Gang","floor":8,"turns":5},{"damage":10,"enemies":"Lagavulin","floor":10,"turns":4},{"damage":10,"enemies":"Large Slime","floor":12,"turns":3},{"damage":9,"enemies":"Exordium Thugs","floor":13,"turns":7},{"damage":10,"enemies":"2 Fungi Beasts","floor":14,"turns":4},{"damage":13,"enemies":"Hexaghost","floor":16,"turns":7},{"damage":6,"enemies":"Chosen","floor":18,"turns":3},{"damage":10,"enemies":"2 Thieves","floor":21,"turns":4},{"damage":0,"enemies":"Centurion and Healer","floor":22,"turns":4},{"damage":21,"enemies":"Book of Stabbing","floor":23,"turns":7},{"damage":6,"enemies":"Cultist and Chosen","floor":24,"turns":4},{"damage":6,"enemies":"Slavers","floor":27,"turns":5},{"damage":4,"enemies":"3 Cultists","floor":29,"turns":5},{"damage":16,"enemies":"Centurion and Healer","floor":30,"turns":6},{"damage":58,"enemies":"Collector","floor":33,"turns":9},{"damage":11,"enemies":"3 Shapes","floor":35,"turns":6},{"damage":0,"enemies":"Mind Bloom Boss Battle","floor":38,"turns":4},{"damage":3,"enemies":"Orb Walker","floor":39,"turns":2},{"damage":22,"enemies":"Giant Head","floor":41,"turns":6},{"damage":2,"enemies":"Jaw Worm Horde","floor":45,"turns":3},{"damage":9,"enemies":"2 Orb Walkers","floor":47,"turns":1},{"damage":6,"enemies":"Transient","floor":48,"turns":5},{"damage":18,"enemies":"Donu and Deca","floor":50,"turns":3}],"seed_played":"30423351804245939","potions_obtained":[{"floor":8,"key":"AttackPotion"},{"floor":10,"key":"Strength Potion"},{"floor":12,"key":"Strength Potion"},{"floor":14,"key":"SteroidPotion"},{"floor":19,"key":"SteroidPotion"},{"floor":19,"key":"Swift Potion"},{"floor":19,"key":"FearPotion"},{"floor":39,"key":"BloodPotion"},{"floor":41,"key":"Swift Potion"},{"floor":45,"key":"PowerPotion"}],"is_trial":false,"path_per_floor":["M","M","M","?","$","E","R","M","T","E","R","M","M","M","R","B",null,"M","?","$","M","M","E","M","R","T","E","T","M","M","?","R","B",null,"M","$","?","?","M","R","E","R","T","$","M","$","E","M","R","B"],"character_chosen":"IRONCLAD","items_purchased":["Armaments","Inflame","Burning Pact"],"campfire_rested":1,"item_purchase_floors":[20,44,46],"current_hp_per_floor":[80,70,70,70,70,46,46,37,37,33,33,29,26,22,46,39,80,80,80,80,76,80,65,65,65,65,80,80,80,70,70,70,18,80,75,75,65,71,74,74,66,66,66,66,70,70,67,67,67,55],"gold":210,"neow_bonus":"ONE_RANDOM_RARE_CARD","is_prod":false,"is_daily":false,"chose_seed":false,"campfire_upgraded":7,"win_rate":0,"timestamp":1537983149,"path_taken":["M","?","M","?","$","E","R","M","T","E","R","M","?","M","R","BOSS","M","?","$","M","M","E","M","R","T","E","?","M","M","?","R","BOSS","M","?","?","?","M","R","E","R","T","$","M","$","E","M","R","BOSS"],"build_version":"2018-09-25","purchased_purges":4,"victory":true,"max_hp_per_floor":[80,80,80,80,80,80,80,80,80,80,80,80,80,80,80,80,80,80,80,80,80,80,80,80,80,80,80,80,80,80,80,80,80,80,80,80,80,80,80,80,80,80,80,80,80,80,80,80,80,80],"card_choices":[{"not_picked":["Body Slam","Perfected Strike"],"picked":"Shockwave","floor":1},{"not_picked":["Entrench","Anger"],"picked":"Iron Wave","floor":2},{"not_picked":["Sword Boomerang","Anger"],"picked":"Battle Trance","floor":3},{"not_picked":["Havoc","Clothesline"],"picked":"Warcry","floor":6},{"not_picked":["Iron Wave","Combust"],"picked":"Impervious","floor":8},{"not_picked":["Bloodletting","Metallicize"],"picked":"Feel No Pain","floor":10},{"not_picked":["Wild Strike+1","Perfected Strike+1"],"picked":"Sword Boomerang+1","floor":12},{"not_picked":["Second Wind","Warcry"],"picked":"Pummel+1","floor":13},{"not_picked":["Anger+1","Havoc","Sever Soul+1"],"picked":"SKIP","floor":14},{"not_picked":["Double Tap","Feed+1"],"picked":"Offering","floor":16},{"not_picked":["Pommel Strike+1","Wild Strike+1"],"picked":"Disarm+1","floor":18},{"not_picked":["Flame Barrier","Blood for Blood+1"],"picked":"Infernal Blade","floor":21},{"not_picked":["True Grit","Flex"],"picked":"Second Wind","floor":22},{"not_picked":["Heavy Blade+1","Flex"],"picked":"Anger+1","floor":23},{"not_picked":["Wild Strike+1","Perfected Strike+1"],"picked":"Spot Weakness","floor":24},{"not_picked":["Havoc","Clothesline+1","Battle Trance+1"],"picked":"SKIP","floor":27},{"not_picked":["Body Slam+1","Clothesline+1"],"picked":"Anger+1","floor":29},{"not_picked":["Bloodletting","True Grit"],"picked":"Whirlwind+1","floor":30},{"not_picked":["Offering","Demon Form"],"picked":"Exhume","floor":33},{"not_picked":[],"picked":"Pommel Strike+1","floor":35},{"not_picked":[],"picked":"Discovery","floor":37},{"not_picked":[],"picked":"Dramatic Entrance+1","floor":37},{"not_picked":[],"picked":"Warcry+1","floor":38},{"not_picked":[],"picked":"Thunderclap+1","floor":39},{"not_picked":[],"picked":"Fiend Fire+1","floor":41},{"not_picked":[],"picked":"Power Through+1","floor":45},{"not_picked":[],"picked":"Flex+1","floor":47},{"not_picked":["Wild Strike+1"],"picked":"SKIP","floor":48}],"player_experience":114390,"relics_obtained":[{"floor":6,"key":"Champion Belt"},{"floor":9,"key":"Shuriken"},{"floor":10,"key":"Molten Egg 2"},{"floor":23,"key":"War Paint"},{"floor":26,"key":"Whetstone"},{"floor":27,"key":"Bag of Marbles"},{"floor":28,"key":"MawBank"},{"floor":38,"key":"Ice Cream"},{"floor":41,"key":"Charon\u0027s Ashes"},{"floor":47,"key":"Boot"}],"event_choices":[{"event_name":"The Cleric","player_choice":"Card Removal","floor":4,"damage_taken":0},{"event_name":"The Lab","player_choice":"Got Potions","floor":19,"damage_taken":0},{"event_name":"Addict","player_choice":"Obtained Relic","floor":31,"damage_taken":0},{"event_name":"SensoryStone","player_choice":"Memory 3","floor":37,"damage_taken":0},{"event_name":"MindBloom","player_choice":"Fight","floor":38,"damage_taken":0}],"is_beta":true,"boss_relics":[{"not_picked":["Tiny House","Velvet Choker"],"picked":"Cursed Key"},{"not_picked":["Runic Cube","Philosopher\u0027s Stone"],"picked":"Busted Crown"}],"items_purged_floors":[5,20,44,46],"is_endless":false,"potions_floor_spawned":[8,10,12,14,22,29,30,39,41,45],"ascension_level":3}