{"gold_per_floor":[118,68,83,98,173,173,202,202,229,229,229],"floor_reached":11,"playtime":1033,"items_purged":[],"score":82,"play_id":"dcc68467-fafc-460d-8ac2-2f56a86b8191","local_time":"20190129201829","is_ascension_mode":true,"campfire_choices":[{"data":"Bash","floor":6,"key":"SMITH"},{"data":"True Grit","floor":8,"key":"SMITH"}],"neow_cost":"NONE","seed_source_timestamp":455619417424866,"circlet_count":0,"master_deck":["Strike_R","Strike_R","Strike_R","Defend_R","Defend_R","Defend_R","Defend_R","Bash+1","Sentinel","Battle Trance","Spot Weakness","True Grit+1"],"relics":["Burning Blood","Boot","Regal Pillow"],"potions_floor_usage":[],"damage_taken":[{"damage":7,"enemies":"Small Slimes","floor":1,"turns":4},{"damage":9,"enemies":"Cultist","floor":3,"turns":5},{"damage":8,"enemies":"Jaw Worm","floor":4,"turns":4},{"damage":46,"enemies":"Lagavulin","floor":7,"turns":7},{"damage":62,"enemies":"Gremlin Nob","floor":11,"turns":5}],"seed_played":"-227803480506886472","potions_obtained":[{"floor":4,"key":"Ancient Potion"}],"is_trial":false,"path_per_floor":["M","?","M","M","?","R","E","R","T","?","E"],"character_chosen":"IRONCLAD","items_purchased":[],"campfire_rested":0,"item_purchase_floors":[],"current_hp_per_floor":[87,87,84,82,71,71,31,31,31,31,0],"gold":229,"neow_bonus":"TEN_PERCENT_HP_BONUS","is_prod":false,"is_daily":false,"chose_seed":false,"campfire_upgraded":2,"win_rate":0,"timestamp":1548789509,"path_taken":["M","?","M","M","?","R","E","R","T","?","E"],"build_version":"2019-01-23","purchased_purges":0,"victory":false,"max_hp_per_floor":[88,88,88,88,88,88,88,88,88,88,88],"card_choices":[{"not_picked":["Thunderclap","Sever Soul"],"picked":"Sentinel","floor":1},{"not_picked":["Pummel","Heavy Blade"],"picked":"Battle Trance","floor":3},{"not_picked":["Thunderclap","Warcry"],"picked":"Spot Weakness","floor":4},{"not_picked":["Blood for Blood","Seeing Red"],"picked":"True Grit","floor":7}],"player_experience":48590,"relics_obtained":[{"floor":7,"key":"Boot"},{"floor":9,"key":"Regal Pillow"}],"event_choices":[{"cards_removed":["Strike_R"],"damage_healed":0,"gold_gain":0,"player_choice":"Card Removal","damage_taken":0,"max_hp_gain":0,"max_hp_loss":0,"event_name":"The Cleric","floor":2,"gold_loss":50},{"damage_healed":0,"gold_gain":75,"player_choice":"Gather Gold","damage_taken":11,"max_hp_gain":0,"max_hp_loss":0,"event_name":"World of Goop","floor":5,"gold_loss":0},{"cards_removed":["Strike_R"],"damage_healed":0,"gold_gain":0,"player_choice":"Offered Basic","damage_taken":0,"max_hp_gain":0,"max_hp_loss":0,"event_name":"Bonfire Elementals","floor":10,"gold_loss":0}],"is_beta":false,"boss_relics":[],"items_purged_floors":[],"is_endless":false,"potions_floor_spawned":[4],"killed_by":"Gremlin Nob","ascension_level":3}