{"path_per_floor":["M","M","?","?","M","E","?","R","T","E","R","M","E","$","R","B",null,"M","?","$","?","M","E","?","R","T","M","?","M","M","E","R","B",null,"M","?","M","?","M","R","E","R","T","R","M","M","M","E","R","B"],"character_chosen":"THE_SILENT","items_purchased":["Apotheosis","Bandage Up"],"gold_per_floor":[119,138,238,238,248,283,283,283,283,309,309,329,363,16,16,119,119,119,119,19,19,0,0,0,0,0,0,0,0,0,0,0,0,0,0,0,0,0,0,0,0,0,0,0,0,0,0,0,0,0],"floor_reached":51,"campfire_rested":6,"playtime":11769,"current_hp_per_floor":[70,69,69,69,69,49,49,70,70,67,67,67,59,59,59,54,70,56,56,56,43,32,23,23,45,45,30,55,59,53,39,61,44,75,72,72,57,48,38,60,58,58,58,82,72,72,55,30,54,51],"items_purged":["Strike_G","Writhe"],"gold":0,"score":765,"play_id":"3a3613c8-84bc-4f9a-bcbf-5c61552e06ea","local_time":"20180507220312","is_prod":false,"is_daily":false,"chose_seed":false,"is_ascension_mode":false,"campfire_upgraded":3,"timestamp":1525723392,"path_taken":["M","M","?","?","?","E","?","R","T","E","R","M","E","$","R","BOSS","M","?","$","?","M","E","?","R","T","M","?","M","M","E","R","BOSS","M","?","M","?","?","R","E","R","T","R","M","M","M","E","R","BOSS"],"build_version":"2018-05-03","seed_source_timestamp":13820029621077,"purchased_purges":2,"victory":true,"master_deck":["Defend_G","Defend_G","Defend_G+1","Defend_G","Defend_G","Strike_G","Strike_G","Strike_G","Strike_G","Survivor","Neutralize","Backflip+1","Well Laid Plans","Dash+1","Die Die Die+1","Quick Slash","Dagger Spray","Tactician+1","Apotheosis+1","Bandage Up","A Thousand Cuts","Choke","Dodge and Roll","Malaise+1","Terror","Heel Hook+1","Backflip","Backflip","Infinite Blades","Acrobatics","Phantasmal Killer","Outmaneuver+1","Dodge and Roll+1","Madness+1","Madness","Flechettes","Backflip","PiercingWail+1","Deflect+1","Deflect+1","Prepared+1","Backstab+1"],"max_hp_per_floor":[70,70,70,70,70,70,70,70,70,70,70,70,70,70,70,70,70,70,70,70,75,75,75,75,75,75,75,75,75,75,75,75,75,75,75,75,75,75,75,75,82,82,82,82,82,82,82,82,82,82],"relics":["Ring of the Snake","Dream Catcher","Mummified Hand","Vajra","Ice Cream","Ectoplasm","Letter Opener","Pantograph","War Paint","Ornamental Fan","Black Star","Red Mask","Bronze Scales","Strawberry","Orichalcum","Lantern","Bag of Marbles"],"card_choices":[{"not_picked":["PiercingWail","Bane"],"picked":"Backflip","floor":1},{"not_picked":["Backflip","Crippling Poison"],"picked":"Well Laid Plans","floor":2},{"not_picked":["Skewer","Prepared"],"picked":"Dash","floor":5},{"not_picked":["Choke","Glass Knife"],"picked":"Die Die Die","floor":6},{"not_picked":["Crippling Poison","Poisoned Stab"],"picked":"Quick Slash","floor":8},{"not_picked":["Sucker Punch","Leg Sweep"],"picked":"Dagger Spray","floor":12},{"not_picked":["Bullet Time","Dagger Throw"],"picked":"Tactician","floor":13},{"not_picked":["Doppelganger","Tactician"],"picked":"A Thousand Cuts","floor":16},{"not_picked":["Poisoned Stab","Deadly Poison"],"picked":"Choke","floor":18},{"not_picked":["Quick Slash","Bane"],"picked":"Dodge and Roll","floor":22},{"not_picked":["Dodge and Roll","Dagger Throw"],"picked":"Malaise","floor":23},{"not_picked":["Endless Agony","Catalyst"],"picked":"Terror","floor":25},{"not_picked":["Eviscerate","Glass Knife"],"picked":"Heel Hook","floor":27},{"not_picked":["Prepared","Underhanded Strike"],"picked":"Backflip","floor":29},{"not_picked":["Choke","Masterful Stab"],"picked":"Backflip","floor":30},{"not_picked":["Deflect","Well Laid Plans"],"picked":"Infinite Blades","floor":31},{"not_picked":["Backflip","Expertise"],"picked":"Acrobatics","floor":32},{"not_picked":["Tools of the Trade","Wraith Form v2"],"picked":"Phantasmal Killer","floor":33},{"not_picked":["Reflex","Backflip"],"picked":"Outmaneuver","floor":35},{"not_picked":["Slice","Catalyst"],"picked":"Dodge and Roll","floor":37},{"not_picked":["Acrobatics","Deflect"],"picked":"Flechettes","floor":39},{"not_picked":["Infinite Blades","All Out Attack"],"picked":"Backflip","floor":40},{"not_picked":["Poisoned Stab","Prepared"],"picked":"PiercingWail","floor":41},{"not_picked":["PiercingWail","Bane"],"picked":"Deflect","floor":44},{"not_picked":["Quick Slash","Bane"],"picked":"Deflect","floor":45},{"not_picked":["Predator","Malaise"],"picked":"Prepared","floor":48},{"not_picked":["Footwork","Outmaneuver"],"picked":"Backstab","floor":49}],"player_experience":74629,"potions_floor_usage":[6,12,16,23,23,23,33,39,50,50],"damage_taken":[{"damage":0,"enemies":"2 Louse","floor":1,"turns":2},{"damage":1,"enemies":"Cultist","floor":2,"turns":4},{"damage":0,"enemies":"Small Slimes","floor":5,"turns":3},{"damage":20,"enemies":"Lagavulin","floor":6,"turns":10},{"damage":3,"enemies":"3 Sentries","floor":10,"turns":5},{"damage":0,"enemies":"Exordium Thugs","floor":12,"turns":3},{"damage":8,"enemies":"Gremlin Nob","floor":13,"turns":4},{"damage":26,"enemies":"Hexaghost","floor":16,"turns":10},{"damage":14,"enemies":"Spheric Guardian","floor":18,"turns":4},{"damage":15,"enemies":"2 Thieves","floor":22,"turns":3},{"damage":15,"enemies":"Book of Stabbing","floor":23,"turns":4},{"damage":21,"enemies":"Snake Plant","floor":27,"turns":4},{"damage":0,"enemies":"Centurion and Healer","floor":29,"turns":6},{"damage":12,"enemies":"Chosen and Byrds","floor":30,"turns":7},{"damage":20,"enemies":"Slavers","floor":31,"turns":5},{"damage":37,"enemies":"Collector","floor":33,"turns":10},{"damage":3,"enemies":"3 Shapes","floor":35,"turns":4},{"damage":21,"enemies":"3 Darklings","floor":37,"turns":5},{"damage":16,"enemies":"Maw","floor":39,"turns":6},{"damage":15,"enemies":"Giant Head","floor":41,"turns":8},{"damage":10,"enemies":"Sphere and 2 Shapes","floor":45,"turns":4},{"damage":0,"enemies":"4 Shapes","floor":46,"turns":3},{"damage":21,"enemies":"3 Darklings","floor":47,"turns":5},{"damage":31,"enemies":"2 Orb Walkers","floor":48,"turns":5},{"damage":32,"enemies":"Awakened One","floor":50,"turns":15}],"event_choices":[{"event_name":"Golden Shrine","player_choice":"Pray","floor":3,"damage_taken":0},{"event_name":"Upgrade Shrine","player_choice":"Upgraded","floor":4,"damage_taken":0},{"event_name":"Living Wall","player_choice":"Grow","floor":7,"damage_taken":0},{"event_name":"The Mausoleum","player_choice":"Yes","floor":19,"damage_taken":0},{"event_name":"Forgotten Altar","player_choice":"Shed Blood","floor":21,"damage_taken":0},{"event_name":"Addict","player_choice":"Ignored","floor":24,"damage_taken":0},{"event_name":"The Library","player_choice":"Heal","floor":28,"damage_taken":0},{"event_name":"Tomb of Lord Red Mask","player_choice":"Paid","floor":36,"damage_taken":0},{"event_name":"Winding Halls","player_choice":"Embrace Madness","floor":38,"damage_taken":0}],"boss_relics":[{"not_picked":["Orrery","Astrolabe"],"picked":"Ectoplasm"},{"not_picked":["Tiny House","Lizard Tail"],"picked":"Black Star"}],"potions_floor_spawned":[1,5,13,16,18,22,31,35,37,39],"seed_played":"-4440755123879861201","ascension_level":0,"is_trial":false}