{"gold_per_floor":[112,132,55,71,71,71,96,96,119,154,173,173],"floor_reached":12,"playtime":412,"items_purged":[],"score":172,"play_id":"08fd8558-bedb-4aa2-9d15-9dabd2b0b7d8","local_time":"20190205120735","is_ascension_mode":true,"campfire_choices":[{"data":"Anger","floor":6,"key":"SMITH"}],"neow_cost":"NONE","seed_source_timestamp":1470571404101800,"circlet_count":0,"master_deck":["AscendersBane","Strike_R","Strike_R","Strike_R","Strike_R","Defend_R","Defend_R","Defend_R","Defend_R","Bash","Inflame","Spot Weakness","Anger+1","Anger","Heavy Blade"],"relics":["Burning Blood","Bag of Preparation","Bronze Scales","Boot"],"potions_floor_usage":[4,10],"damage_taken":[{"damage":4,"enemies":"Small Slimes","floor":1,"turns":4},{"damage":3,"enemies":"2 Louse","floor":2,"turns":4},{"damage":2,"enemies":"Cultist","floor":4,"turns":4},{"damage":35,"enemies":"Lagavulin","floor":7,"turns":6},{"damage":31,"enemies":"Gremlin Nob","floor":10,"turns":4},{"damage":26,"enemies":"Exordium Wildlife","floor":11,"turns":4},{"damage":10,"enemies":"Gremlin Gang","floor":12,"turns":2}],"seed_played":"7795616809116962843","potions_obtained":[{"floor":1,"key":"PowerPotion"},{"floor":2,"key":"SteroidPotion"}],"is_trial":false,"path_per_floor":["M","M","$","M","?","R","E","?","T","E","M","M"],"character_chosen":"IRONCLAD","items_purchased":["Spot Weakness"],"campfire_rested":0,"item_purchase_floors":[3],"current_hp_per_floor":[77,80,80,82,82,82,53,53,53,28,8,0],"gold":173,"neow_bonus":"TEN_PERCENT_HP_BONUS","is_prod":false,"is_daily":false,"chose_seed":false,"campfire_upgraded":1,"win_rate":0,"timestamp":1549364855,"path_taken":["M","M","$","M","?","R","E","?","T","E","M","M"],"build_version":"2019-01-23","purchased_purges":0,"victory":false,"max_hp_per_floor":[82,82,82,82,82,82,82,82,82,82,82,82],"card_choices":[{"not_picked":["Metallicize","Wild Strike"],"picked":"Inflame","floor":1},{"not_picked":["Corruption","Perfected Strike","Blood for Blood"],"picked":"SKIP","floor":2},{"not_picked":["Searing Blow","Battle Trance"],"picked":"Anger","floor":4},{"not_picked":["Headbutt","Warcry","Clothesline"],"picked":"SKIP","floor":7},{"not_picked":["Hemokinesis","Flex"],"picked":"Anger","floor":10},{"not_picked":["Iron Wave","Double Tap"],"picked":"Heavy Blade","floor":11}],"player_experience":703184,"relics_obtained":[{"floor":7,"key":"Bag of Preparation"},{"floor":9,"key":"Bronze Scales"},{"floor":10,"key":"Boot"}],"event_choices":[{"damage_healed":0,"gold_gain":0,"player_choice":"Leave","damage_taken":0,"max_hp_gain":0,"max_hp_loss":0,"event_name":"The Cleric","floor":5,"gold_loss":0},{"cards_removed":["Strike_R"],"damage_healed":0,"gold_gain":0,"player_choice":"Forget","damage_taken":0,"max_hp_gain":0,"max_hp_loss":0,"event_name":"Living Wall","floor":8,"gold_loss":0}],"is_beta":true,"boss_relics":[],"items_purged_floors":[],"is_endless":false,"potions_floor_spawned":[1,2],"killed_by":"Gremlin Gang","ascension_level":19}