{"gold_per_floor":[110,188,207,282,282,317,317,342,342,360,373,402,413,433,433,534,534,551,551,551,566,252,308,308,333,384,384,284,209,209,220,220,319,319,334,334,351,276,290,290,365,23,23,50,50],"floor_reached":45,"playtime":2701,"items_purged":["Shame"],"score":732,"play_id":"023afc91-aad4-4b27-83cb-7b5fa475ace3","local_time":"20190131170558","is_ascension_mode":true,"campfire_choices":[{"data":"Bludgeon","floor":7,"key":"SMITH"},{"data":"Battle Trance","floor":15,"key":"SMITH"},{"data":"Shockwave","floor":24,"key":"SMITH"},{"data":"Disarm","floor":27,"key":"SMITH"},{"data":"Impervious","floor":30,"key":"SMITH"},{"floor":32,"key":"REST"},{"data":"Armaments","floor":40,"key":"SMITH"}],"neow_cost":"NONE","seed_source_timestamp":102607306873900,"circlet_count":0,"master_deck":["Strike_R","Defend_R","Defend_R","Defend_R","Defend_R","Bash","Carnage","Battle Trance+1","Juggernaut","Bludgeon+1","Pommel Strike","Carnage","Feel No Pain","Feed","Shrug It Off","Impervious+1","Shrug It Off","Carnage+1","Shockwave+1","Uppercut+1","Disarm+1","Armaments+1","Metallicize","Immolate+1","Injury","Injury","Disarm","Armaments","Armaments+1"],"relics":["Burning Blood","FossilizedHelix","Ginger","Gambling Chip","Ornamental Fan","Sozu","Matryoshka","Tiny Chest","PreservedInsect","Bag of Marbles","Oddly Smooth Stone","Calling Bell","Pen Nib","Dodecahedron","Bird Faced Urn","Membership Card","Shuriken","Strawberry","Omamori","Letter Opener"],"potions_floor_usage":[33,33],"damage_taken":[{"damage":0,"enemies":"2 Louse","floor":1,"turns":3},{"damage":1,"enemies":"Cultist","floor":3,"turns":3},{"damage":40,"enemies":"3 Sentries","floor":6,"turns":10},{"damage":15,"enemies":"Lagavulin","floor":8,"turns":4},{"damage":0,"enemies":"Small Slimes","floor":10,"turns":3},{"damage":0,"enemies":"2 Fungi Beasts","floor":11,"turns":3},{"damage":0,"enemies":"Gremlin Nob","floor":12,"turns":3},{"damage":0,"enemies":"Blue Slaver","floor":13,"turns":2},{"damage":0,"enemies":"Large Slime","floor":14,"turns":4},{"damage":42,"enemies":"Slime Boss","floor":16,"turns":10},{"damage":0,"enemies":"Chosen","floor":18,"turns":4},{"damage":0,"enemies":"Spheric Guardian","floor":21,"turns":3},{"damage":27,"enemies":"Gremlin Leader","floor":23,"turns":3},{"damage":22,"enemies":"Book of Stabbing","floor":25,"turns":4},{"damage":0,"enemies":"Shelled Parasite and Fungi","floor":31,"turns":5},{"damage":59,"enemies":"Champ","floor":33,"turns":10},{"damage":5,"enemies":"Orb Walker","floor":35,"turns":5},{"damage":6,"enemies":"3 Shapes","floor":37,"turns":2},{"damage":0,"enemies":"3 Darklings","floor":39,"turns":2},{"damage":61,"enemies":"Reptomancer","floor":44,"turns":6},{"damage":39,"enemies":"Sphere and 2 Shapes","floor":45,"turns":5}],"seed_played":"-4258124492125250996","potions_obtained":[{"floor":3,"key":"Swift Potion"},{"floor":8,"key":"SkillPotion"},{"floor":11,"key":"SkillPotion"},{"floor":14,"key":"Weak Potion"}],"is_trial":false,"path_per_floor":["M","?","M","?","?","E","R","E","T","M","M","E","M","M","R","B",null,"M","?","?","M","$","E","R","E","T","R","$","?","R","M","R","B",null,"M","?","M","$","M","R","?","$","T","E","M"],"character_chosen":"IRONCLAD","items_purchased":["Shockwave","Matryoshka","Armaments","Metallicize","Membership Card","Shuriken","Armaments"],"campfire_rested":1,"item_purchase_floors":[22,22,28,28,42,42,42],"current_hp_per_floor":[78,78,80,69,69,35,35,26,26,32,38,44,50,59,59,23,68,77,77,77,83,83,65,65,49,49,49,49,49,49,55,81,28,74,79,79,79,79,85,85,77,77,84,31,0],"gold":50,"neow_bonus":"TRANSFORM_CARD","is_prod":false,"is_daily":false,"chose_seed":false,"campfire_upgraded":6,"win_rate":0,"timestamp":1548925558,"path_taken":["M","?","M","?","?","E","R","E","T","M","M","E","M","?","R","BOSS","M","?","?","M","?","E","R","E","T","R","$","?","R","M","R","BOSS","M","?","M","$","?","R","?","$","T","E","?"],"build_version":"2019-01-23","purchased_purges":1,"victory":false,"max_hp_per_floor":[80,80,80,80,80,80,80,80,80,80,80,80,80,83,83,83,83,86,86,86,86,86,89,89,89,89,89,89,89,89,89,89,89,89,89,89,89,89,89,89,89,89,96,96,96],"card_choices":[{"not_picked":["Body Slam","Intimidate","Thunderclap"],"picked":"SKIP","floor":1},{"not_picked":["Corruption","Sever Soul"],"picked":"Battle Trance","floor":3},{"not_picked":["Flex","Feel No Pain"],"picked":"Bludgeon","floor":6},{"not_picked":["Blood for Blood","Flex"],"picked":"Pommel Strike","floor":8},{"not_picked":["Havoc","Wild Strike","Combust"],"picked":"SKIP","floor":10},{"not_picked":["Havoc","Wild Strike"],"picked":"Carnage","floor":11},{"not_picked":["Sever Soul","Sword Boomerang"],"picked":"Feel No Pain","floor":12},{"not_picked":["Perfected Strike","Headbutt"],"picked":"Feed","floor":13},{"not_picked":["Entrench","Anger"],"picked":"Shrug It Off","floor":14},{"not_picked":["Brutality","Limit Break"],"picked":"Impervious","floor":16},{"not_picked":["Clash","Sever Soul"],"picked":"Shrug It Off","floor":18},{"not_picked":["Headbutt","Brutality"],"picked":"Carnage+1","floor":21},{"not_picked":["Warcry","Blood for Blood"],"picked":"Uppercut+1","floor":23},{"not_picked":["Twin Strike","Corruption"],"picked":"Disarm","floor":25},{"not_picked":["Thunderclap+1","Dropkick","Twin Strike"],"picked":"SKIP","floor":31},{"not_picked":["Berserk","Exhume"],"picked":"Immolate","floor":33},{"not_picked":["Havoc+1","Clothesline","Wild Strike"],"picked":"SKIP","floor":35},{"not_picked":["Feel No Pain+1","Second Wind+1"],"picked":"Disarm","floor":37},{"not_picked":["Uppercut","Flex","Rage"],"picked":"SKIP","floor":39},{"not_picked":["Pommel Strike+1","Combust"],"picked":"Armaments+1","floor":44}],"player_experience":217851,"relics_obtained":[{"floor":6,"key":"FossilizedHelix"},{"floor":8,"key":"Ginger"},{"floor":9,"key":"Gambling Chip"},{"floor":12,"key":"Ornamental Fan"},{"floor":23,"key":"Tiny Chest"},{"floor":25,"key":"PreservedInsect"},{"floor":26,"key":"Bag of Marbles"},{"floor":26,"key":"Oddly Smooth Stone"},{"floor":34,"key":"Pen Nib"},{"floor":34,"key":"Dodecahedron"},{"floor":34,"key":"Bird Faced Urn"},{"floor":43,"key":"Strawberry"},{"floor":43,"key":"Omamori"},{"floor":44,"key":"Letter Opener"}],"event_choices":[{"damage_healed":0,"gold_gain":78,"player_choice":"Gained Gold","damage_taken":0,"max_hp_gain":0,"max_hp_loss":0,"event_name":"Golden Wing","floor":2,"gold_loss":0},{"damage_healed":0,"gold_gain":75,"player_choice":"Gather Gold","damage_taken":11,"max_hp_gain":0,"max_hp_loss":0,"event_name":"World of Goop","floor":4,"gold_loss":0},{"damage_healed":0,"gold_gain":0,"cards_transformed":["Strike_R"],"player_choice":"Transformed","damage_taken":0,"max_hp_gain":0,"max_hp_loss":0,"event_name":"Transmorgrifier","floor":5,"gold_loss":0,"cards_obtained":["Juggernaut"]},{"damage_healed":0,"gold_gain":0,"player_choice":"Ignored","damage_taken":0,"max_hp_gain":0,"max_hp_loss":0,"event_name":"Ghosts","floor":19,"gold_loss":0},{"cards_removed":["Strike_R"],"damage_healed":0,"gold_gain":0,"player_choice":"Elegance","damage_taken":0,"max_hp_gain":0,"max_hp_loss":0,"event_name":"Back to Basics","floor":20,"gold_loss":0},{"cards_removed":["Strike_R"],"damage_healed":0,"gold_gain":0,"player_choice":"Gave Gold","damage_taken":0,"max_hp_gain":0,"max_hp_loss":0,"event_name":"Beggar","floor":29,"gold_loss":75},{"damage_healed":0,"gold_gain":0,"player_choice":"Upgraded","damage_taken":0,"max_hp_gain":0,"max_hp_loss":0,"event_name":"Upgrade Shrine","floor":36,"gold_loss":0,"cards_upgraded":["Immolate"]},{"damage_healed":0,"gold_gain":75,"player_choice":"Touch","damage_taken":8,"max_hp_gain":0,"max_hp_loss":0,"event_name":"FaceTrader","floor":41,"gold_loss":0}],"is_beta":false,"boss_relics":[{"not_picked":["Black Blood","White Beast Statue"],"picked":"Sozu"},{"not_picked":["Runic Cube","Empty Cage"],"picked":"Calling Bell"}],"items_purged_floors":[38],"is_endless":false,"potions_floor_spawned":[3,8,11,12,14,18,23,31,35,44],"killed_by":"Sphere and 2 Shapes","ascension_level":7}