{"path_per_floor":["M","M","?","M","M","E","R","M","T","M","E","M","$","M","R","B",null,"M","M","$","?","M","R"],"character_chosen":"IRONCLAD","items_purchased":["Oddly Smooth Stone","Armaments","Iron Wave","Dream Catcher","Vajra"],"gold_per_floor":[119,139,214,227,247,279,279,289,343,359,385,404,27,40,40,135,135,150,170,17,17,29,29],"floor_reached":24,"campfire_rested":1,"playtime":2922,"current_hp_per_floor":[80,80,69,62,58,53,53,52,52,45,37,28,28,29,75,78,104,102,104,104,104,101,101],"items_purged":[],"gold":29,"play_id":"4d9295d8-4ad8-431b-b151-a7c008781b58","is_prod":false,"is_daily":false,"campfire_rituals":0,"campfire_upgraded":2,"is_hardmode":false,"path_taken":["M","M","?","M","M","E","R","M","T","?","E","M","$","M","R","BOSS","M","M","$","?","M","R","?"],"build_version":"2018-01-18-PROD4","purchased_purges":0,"victory":false,"master_deck":["Strike_R","Strike_R","Strike_R","Strike_R","Strike_R","Defend_R","Defend_R","Defend_R","Bash","Intimidate","Second Wind","Shrug It Off","Uppercut","Anger","Disarm","Thunderclap","Inflame","Shrug It Off","Armaments","Iron Wave","Flex","Twin Strike","Dark Embrace","Warcry","Pommel Strike","Thunderclap","Thunderclap","Metallicize","Parasite"],"max_hp_per_floor":[80,80,80,80,80,94,94,94,94,94,104,104,104,104,104,104,104,104,104,104,104,104,104],"relics":["Burning Blood","Mango","Regal Pillow","Pear","Oddly Smooth Stone","Dream Catcher","Mark of Pain","Vajra"],"campfire_meditates":0,"card_choices":[{"not_picked":["Anger","Twin Strike"],"picked":"Intimidate"},{"not_picked":["Rupture","Perfected Strike"],"picked":"Second Wind"},{"not_picked":["Burning Pact","Anger"],"picked":"Shrug It Off"},{"not_picked":["Armaments","Sword Boomerang"],"picked":"Uppercut"},{"not_picked":["Pommel Strike","Bludgeon"],"picked":"Anger"},{"not_picked":["Iron Wave","Headbutt"],"picked":"Disarm"},{"not_picked":["Clothesline","Sword Boomerang"],"picked":"Thunderclap"},{"not_picked":["Body Slam","Corruption"],"picked":"Inflame"},{"not_picked":["Feed","Searing Blow"],"picked":"Shrug It Off"},{"not_picked":["Thunderclap","Intimidate"],"picked":"Flex"},{"not_picked":["Flame Barrier","Headbutt"],"picked":"Twin Strike"},{"not_picked":["Berserk","Offering"],"picked":"Dark Embrace"},{"not_picked":["Clash","Flex"],"picked":"Warcry"},{"not_picked":["Anger","Sword Boomerang"],"picked":"Pommel Strike"},{"not_picked":["Clothesline","Metallicize"],"picked":"Thunderclap"}],"player_experience":15119,"potions_floor_usage":[6,16,16,16],"damage_taken":[{"damage":1,"enemies":"Cultist","floor":1,"turns":3},{"damage":2,"enemies":"2 Louse","floor":2,"turns":4},{"damage":13,"enemies":"Blue Slaver","floor":4,"turns":4},{"damage":10,"enemies":"Gremlin Gang","floor":5,"turns":8},{"damage":25,"enemies":"3 Sentries","floor":6,"turns":8},{"damage":7,"enemies":"3 Louse","floor":8,"turns":4},{"damage":13,"enemies":"Red Slaver","floor":10,"turns":3},{"damage":24,"enemies":"Gremlin Nob","floor":11,"turns":4},{"damage":15,"enemies":"Exordium Wildlife","floor":12,"turns":4},{"damage":5,"enemies":"2 Fungi Beasts","floor":14,"turns":5},{"damage":3,"enemies":"Slime Boss","floor":16,"turns":9},{"damage":8,"enemies":"2 Thieves","floor":18,"turns":5},{"damage":4,"enemies":"3 Byrds","floor":19,"turns":6},{"damage":9,"enemies":"Snake Plant","floor":22,"turns":4}],"event_choices":[{"event_name":"World of Goop","player_choice":"Gather Gold","floor":3,"damage_taken":0},{"event_name":"Transmorgrifier","player_choice":"Transform","floor":21,"damage_taken":0}],"boss_relics":[{"not_picked":["Orrery","Snecko Eye"],"picked":"Mark of Pain"}],"potions_floor_spawned":[2,5,11,12,14,18],"seed_played":"-5927384391494733145","is_trial":false}