{"gold_per_floor":[118,130,145,1,1,1,30,30,57,57,70,83,101,111,111,215,215,230,230,190,201,300,300,315,315],"floor_reached":25,"playtime":1906,"items_purged":[],"score":205,"play_id":"65d32aef-1101-4fc3-aca7-0a6913215637","local_time":"20190128200300","is_ascension_mode":false,"campfire_choices":[{"data":"Armaments","floor":6,"key":"SMITH"},{"data":"Whirlwind","floor":10,"key":"SMITH"},{"data":"Perfected Strike","floor":15,"key":"SMITH"},{"data":"Heavy Blade","floor":23,"key":"SMITH"}],"neow_cost":"NONE","seed_source_timestamp":1171520130513200,"circlet_count":0,"master_deck":["Strike_R","Strike_R","Strike_R","Strike_R","Defend_R","Defend_R","Defend_R","Defend_R","Bash","Perfected Strike+1","True Grit","Whirlwind+1","Armaments+1","Discovery","Metallicize","Clothesline","Ghostly Armor","Flex","Barricade+1","Heavy Blade+1"],"relics":["Burning Blood","Blood Vial","Dream Catcher","Runic Pyramid"],"potions_floor_usage":[7,12,19],"damage_taken":[{"damage":17,"enemies":"Jaw Worm","floor":1,"turns":5},{"damage":0,"enemies":"2 Louse","floor":2,"turns":2},{"damage":1,"enemies":"Small Slimes","floor":3,"turns":3},{"damage":21,"enemies":"3 Sentries","floor":7,"turns":9},{"damage":11,"enemies":"Gremlin Gang","floor":11,"turns":3},{"damage":13,"enemies":"Large Slime","floor":12,"turns":6},{"damage":5,"enemies":"2 Fungi Beasts","floor":13,"turns":3},{"damage":11,"enemies":"Red Slaver","floor":14,"turns":5},{"damage":53,"enemies":"Hexaghost","floor":16,"turns":20},{"damage":25,"enemies":"3 Byrds","floor":18,"turns":5},{"damage":49,"enemies":"Colosseum Slavers","floor":19,"turns":9},{"damage":1,"enemies":"Chosen","floor":21,"turns":6},{"damage":28,"enemies":"Shelled Parasite and Fungi","floor":24,"turns":15},{"damage":27,"enemies":"Chosen and Byrds","floor":25,"turns":4}],"seed_played":"5285915119279862713","potions_obtained":[{"floor":2,"key":"Energy Potion"},{"floor":3,"key":"AttackPotion"},{"floor":12,"key":"Swift Potion"},{"floor":13,"key":"Ancient Potion"},{"floor":18,"key":"LiquidBronze"}],"is_trial":false,"path_per_floor":["M","M","M","$","?","R","E","?","T","R","M","M","M","M","R","B",null,"M","?","?","M","?","R","M","M"],"character_chosen":"IRONCLAD","items_purchased":["Armaments","Discovery"],"campfire_rested":0,"item_purchase_floors":[4,4],"current_hp_per_floor":[77,83,88,88,81,81,66,71,71,71,68,63,66,63,63,18,93,74,33,33,40,40,40,20,0],"gold":315,"neow_bonus":"TEN_PERCENT_HP_BONUS","is_prod":false,"is_daily":false,"chose_seed":false,"campfire_upgraded":4,"win_rate":0.0,"timestamp":1548723780,"path_taken":["M","M","M","$","?","R","E","?","T","R","M","M","M","M","R","BOSS","M","?","?","?","?","R","M","M"],"build_version":"2019-01-23","purchased_purges":0,"victory":false,"max_hp_per_floor":[88,88,88,88,88,88,88,93,93,93,93,93,93,93,93,93,93,93,93,93,93,93,93,93,93],"card_choices":[{"not_picked":["Warcry","Clash"],"picked":"Perfected Strike","floor":1},{"not_picked":["Flame Barrier","Warcry"],"picked":"True Grit","floor":2},{"not_picked":["Rampage","Clash"],"picked":"Whirlwind","floor":3},{"not_picked":["Perfected Strike","True Grit"],"picked":"Metallicize","floor":7},{"not_picked":["Fire Breathing","Anger"],"picked":"Clothesline","floor":11},{"not_picked":["Armaments","Fire Breathing"],"picked":"Ghostly Armor","floor":12},{"not_picked":["Thunderclap","Disarm"],"picked":"Flex","floor":13},{"not_picked":["Feel No Pain","Thunderclap","Headbutt"],"picked":"SKIP","floor":14},{"not_picked":["Fiend Fire","Demon Form"],"picked":"Barricade","floor":16},{"not_picked":["Warcry","Anger","Armaments"],"picked":"SKIP","floor":18},{"not_picked":["Fire Breathing+1","Whirlwind"],"picked":"Heavy Blade","floor":21},{"not_picked":["Infernal Blade","Sword Boomerang","Dropkick"],"picked":"SKIP","floor":24}],"player_experience":47811,"relics_obtained":[{"floor":7,"key":"Blood Vial"},{"floor":9,"key":"Dream Catcher"}],"event_choices":[{"cards_removed":["Strike_R"],"damage_healed":0,"gold_gain":0,"player_choice":"Card Removal","damage_taken":7,"max_hp_gain":0,"max_hp_loss":0,"event_name":"Golden Wing","floor":5,"gold_loss":0},{"damage_healed":0,"gold_gain":0,"player_choice":"Donut","damage_taken":0,"max_hp_gain":5,"max_hp_loss":0,"event_name":"Big Fish","floor":8,"gold_loss":0},{"damage_healed":0,"gold_gain":0,"player_choice":"Fight","damage_taken":0,"max_hp_gain":0,"max_hp_loss":0,"event_name":"Colosseum","floor":19,"gold_loss":0},{"damage_healed":0,"gold_gain":0,"player_choice":"Fled From Nobs","damage_taken":0,"max_hp_gain":0,"max_hp_loss":0,"event_name":"Colosseum","floor":19,"gold_loss":0},{"damage_healed":0,"gold_gain":0,"player_choice":"Upgrade","damage_taken":0,"max_hp_gain":0,"max_hp_loss":0,"event_name":"Designer","floor":20,"gold_loss":40,"cards_upgraded":["Barricade"]},{"damage_healed":0,"gold_gain":99,"player_choice":"Stole From Cult","damage_taken":0,"max_hp_gain":0,"max_hp_loss":0,"event_name":"Nest","floor":22,"gold_loss":0}],"is_beta":false,"boss_relics":[{"not_picked":["Runic Dome","Lizard Tail"],"picked":"Runic Pyramid"}],"items_purged_floors":[],"is_endless":false,"potions_floor_spawned":[2,3,12,13,18],"killed_by":"Chosen and Byrds","ascension_level":0}