{"gold_per_floor":[112,123,72,4,22,52,52,63,88,121,131,131,147,97,97,192,192,203,56,56,155,170,198,210,251,263,275,287,299,345,6,6,109,109,127,140,140,155,155,155,155,184,184,184,204,223,223,239,239,239],"floor_reached":51,"playtime":2140,"items_purged":["Strike_G"],"score":1127,"play_id":"095e5e0e-11bb-41fe-a7da-4b08a1ed598b","local_time":"20190201150636","is_ascension_mode":true,"campfire_choices":[{"floor":7.0,"key":"REST"},{"floor":12.0,"key":"REST"},{"data":"Bouncing Flask","floor":15.0,"key":"SMITH"},{"floor":24.0,"key":"REST"},{"floor":27.0,"key":"REST"},{"data":"Catalyst","floor":29.0,"key":"SMITH"},{"data":"Footwork","floor":32.0,"key":"SMITH"},{"data":"Burst","floor":40.0,"key":"SMITH"},{"data":"Bouncing Flask","floor":44.0,"key":"SMITH"},{"floor":47,"key":"REST"},{"floor":49,"key":"REST"}],"neow_cost":"NONE","seed_source_timestamp":0,"circlet_count":0,"master_deck":["AscendersBane","Defend_G","Defend_G","Defend_G","Defend_G","Defend_G","Strike_G","Strike_G","Survivor","Neutralize","Bouncing Flask+1","Dagger Throw","Acrobatics","Well Laid Plans","Blur","Catalyst+1","Dash","Cloak And Dagger","Adrenaline","Bouncing Flask+1","Leg Sweep","Wraith Form v2","Footwork+1","Burst+1","Noxious Fumes+1","After Image","Blur+1","Catalyst+1"],"special_seed":0,"relics":["Ring of the Snake","NeowsBlessing","Omamori","Orichalcum","Lantern","Velvet Choker","Snake Skull","MawBank","Blue Candle","Pantograph","Prayer Wheel","Blood Vial","HoveringKite","Juzu Bracelet","The Courier","Pear"],"potions_floor_usage":[48,48],"damage_taken":[{"damage":0.0,"enemies":"Cultist","floor":1.0,"turns":1.0},{"damage":0.0,"enemies":"2 Louse","floor":2.0,"turns":1.0},{"damage":0.0,"enemies":"Jaw Worm","floor":5.0,"turns":1.0},{"damage":26.0,"enemies":"Lagavulin","floor":6.0,"turns":7.0},{"damage":12.0,"enemies":"2 Fungi Beasts","floor":8.0,"turns":6.0},{"damage":22.0,"enemies":"3 Sentries","floor":10.0,"turns":11.0},{"damage":6.0,"enemies":"Looter","floor":11.0,"turns":3.0},{"damage":4.0,"enemies":"Blue Slaver","floor":13.0,"turns":5.0},{"damage":30.0,"enemies":"Hexaghost","floor":16.0,"turns":10.0},{"damage":2.0,"enemies":"3 Byrds","floor":18.0,"turns":8.0},{"damage":2.0,"enemies":"Shell Parasite","floor":22.0,"turns":4.0},{"damage":20.0,"enemies":"Book of Stabbing","floor":23.0,"turns":4.0},{"damage":28.0,"enemies":"Gremlin Leader","floor":25.0,"turns":6.0},{"damage":5.0,"enemies":"Book of Stabbing","floor":30.0,"turns":5.0},{"damage":39.0,"enemies":"Collector","floor":33.0,"turns":8.0},{"damage":7.0,"enemies":"3 Darklings","floor":35.0,"turns":5.0},{"damage":5.0,"enemies":"Orb Walker","floor":36.0,"turns":5.0},{"damage":0.0,"enemies":"Transient","floor":38.0,"turns":5.0},{"damage":12.0,"enemies":"Giant Head","floor":42.0,"turns":6.0},{"damage":22.0,"enemies":"Spire Growth","floor":45.0,"turns":3.0},{"damage":16,"enemies":"Writhing Mass","floor":46,"turns":5},{"damage":15,"enemies":"Jaw Worm Horde","floor":48,"turns":5},{"damage":32,"enemies":"Time Eater","floor":50,"turns":3}],"seed_played":"-4337081710147910212","potions_obtained":[{"floor":1.0,"key":"Regen Potion"},{"floor":6.0,"key":"Swift Potion"},{"floor":11.0,"key":"EssenceOfSteel"},{"floor":18.0,"key":"SteroidPotion"},{"floor":23.0,"key":"Poison Potion"},{"floor":38.0,"key":"Swift Potion"},{"floor":42.0,"key":"SteroidPotion"},{"floor":46,"key":"EssenceOfSteel"}],"is_trial":false,"path_per_floor":["M","M","$","$","M","E","R","M","T","E","M","R","M","?","R","B",null,"M","$","?","?","M","E","R","E","T","R","?","R","E","$","R","B",null,"M","M","?","M","?","R","?","E","T","R","M","M","R","M","R","B",null],"character_chosen":"THE_SILENT","items_purchased":["Acrobatics","Well Laid Plans","Snake Skull","Footwork","Blood Vial","SpeedPotion"],"campfire_rested":6,"item_purchase_floors":[3,4,19,31,31,31],"current_hp_per_floor":[63,63,63,63,63,37,58,46,46,39,33,54,50,50,50,20,58,56,56,56,56,54,34,55,27,27,48,48,48,43,43,43,31,60,55,52,52,54,54,54,54,44,54,54,34,20,44,31,55,48],"gold":239,"neow_bonus":"THREE_ENEMY_KILL","is_prod":false,"is_daily":false,"chose_seed":false,"campfire_upgraded":5,"win_rate":0,"timestamp":1549051596,"path_taken":["M","?","?","$","M","E","R","M","T","E","M","R","M","?","R","BOSS","M","$","?","?","M","E","R","E","T","R","?","R","E","?","R","BOSS","M","M","?","M","?","R","?","E","T","R","M","M","R","M","R","BOSS"],"build_version":"2019-01-23","purchased_purges":1,"victory":true,"max_hp_per_floor":[70,70,70,70,70,70,70,70,70,70,70,70,70,70,70,70,70,70,70,70,70,70,70,70,70,70,70,70,70,70,70,70,70,70,70,70,70,70,70,70,70,70,80,80,80,80,80,80,80,80],"card_choices":[{"not_picked":["Backstab","PiercingWail"],"picked":"Bouncing Flask","floor":1.0},{"not_picked":["Bane","Flechettes"],"picked":"Dagger Throw","floor":2.0},{"not_picked":["Riddle With Holes","Acrobatics"],"picked":"Blur","floor":5.0},{"not_picked":["Underhanded Strike","Die Die Die"],"picked":"Catalyst","floor":6.0},{"not_picked":["Flying Knee","Prepared"],"picked":"Dash","floor":8.0},{"not_picked":["Slice","Infinite Blades","All Out Attack"],"picked":"SKIP","floor":10.0},{"not_picked":["Acrobatics","Infinite Blades","Prepared"],"picked":"SKIP","floor":11.0},{"not_picked":["Underhanded Strike","Endless Agony"],"picked":"Cloak And Dagger","floor":13.0},{"not_picked":["Glass Knife","Storm of Steel"],"picked":"Adrenaline","floor":16.0},{"not_picked":["Underhanded Strike","Deflect","Poisoned Stab"],"picked":"SKIP","floor":18.0},{"not_picked":["Endless Agony","Underhanded Strike"],"picked":"Bouncing Flask","floor":22.0},{"not_picked":["Dash","Heel Hook+1"],"picked":"Leg Sweep","floor":23.0},{"not_picked":["Prepared","Dodge and Roll","Well Laid Plans"],"picked":"SKIP","floor":25.0},{"not_picked":["Underhanded Strike","Dash+1"],"picked":"Wraith Form v2","floor":30.0},{"not_picked":["A Thousand Cuts","Tools of the Trade"],"picked":"Burst","floor":33.0},{"not_picked":["Deflect","Underhanded Strike"],"picked":"Noxious Fumes+1","floor":35.0},{"not_picked":["PiercingWail","Dodge and Roll+1","Backflip+1"],"picked":"SKIP","floor":35.0},{"not_picked":["Deadly Poison+1","Deflect+1"],"picked":"After Image","floor":36.0},{"not_picked":["Bane","PiercingWail","All Out Attack"],"picked":"SKIP","floor":36.0},{"not_picked":["Endless Agony+1","Predator+1","Concentrate"],"picked":"SKIP","floor":38.0},{"not_picked":["Eviscerate","Dagger Spray","All Out Attack+1"],"picked":"SKIP","floor":38.0},{"not_picked":["Prepared","Poisoned Stab+1","Backflip+1"],"picked":"SKIP","floor":42.0},{"not_picked":["Blade Dance","Crippling Poison"],"picked":"Blur+1","floor":45.0},{"not_picked":["Masterful Stab","Leg Sweep+1","Predator"],"picked":"SKIP","floor":45.0},{"not_picked":["Expertise+1","Cloak And Dagger"],"picked":"Catalyst+1","floor":46},{"not_picked":["Choke","Setup","Leg Sweep+1"],"picked":"SKIP","floor":46},{"not_picked":["Dagger Throw+1","Slice","Poisoned Stab+1"],"picked":"SKIP","floor":48},{"not_picked":["Eviscerate+1","Sucker Punch+1","Quick Slash+1"],"picked":"SKIP","floor":48}],"player_experience":202745,"relics_obtained":[{"floor":6.0,"key":"Omamori"},{"floor":9.0,"key":"Orichalcum"},{"floor":10.0,"key":"Lantern"},{"floor":23.0,"key":"MawBank"},{"floor":25.0,"key":"Blue Candle"},{"floor":26.0,"key":"Pantograph"},{"floor":30.0,"key":"Prayer Wheel"},{"floor":42.0,"key":"The Courier"},{"floor":43.0,"key":"Pear"}],"event_choices":[{"cards_removed":["Strike_G"],"damage_healed":0.0,"max_hp_gain":0.0,"max_hp_loss":0.0,"gold_gain":0.0,"event_name":"The Cleric","player_choice":"Card Removal","floor":14.0,"gold_loss":50.0,"damage_taken":0.0},{"damage_healed":0.0,"max_hp_gain":0.0,"max_hp_loss":0.0,"gold_gain":99.0,"event_name":"Nest","player_choice":"Stole From Cult","floor":21.0,"gold_loss":0.0,"damage_taken":0.0},{"damage_healed":0.0,"max_hp_gain":0.0,"max_hp_loss":0.0,"gold_gain":0.0,"event_name":"Vampires","player_choice":"Ignored","floor":28.0,"gold_loss":0.0,"damage_taken":0.0},{"cards_removed":["Strike_G"],"damage_healed":0.0,"max_hp_gain":0.0,"max_hp_loss":0.0,"gold_gain":0.0,"event_name":"Falling","player_choice":"Removed Attack","floor":37.0,"gold_loss":0.0,"damage_taken":0.0},{"damage_healed":0.0,"max_hp_gain":0.0,"max_hp_loss":0.0,"gold_gain":0.0,"event_name":"Mysterious Sphere","player_choice":"Ignored","floor":39.0,"gold_loss":0.0,"damage_taken":0.0},{"damage_healed":0.0,"max_hp_gain":0.0,"max_hp_loss":0.0,"gold_gain":0.0,"event_name":"WeMeetAgain","player_choice":"Gave Potion","floor":41.0,"gold_loss":0.0,"damage_taken":0.0,"relics_obtained":["Juzu Bracelet"]}],"is_beta":false,"boss_relics":[{"not_picked":["Sozu","Astrolabe"],"picked":"Velvet Choker"},{"not_picked":["White Beast Statue","Ring of the Serpent"],"picked":"HoveringKite"}],"items_purged_floors":[31],"is_endless":false,"potions_floor_spawned":[1,6,11,18,23,38,42,46],"ascension_level":10}