{"gold_per_floor":[12,12,12,27,27,27,27,40,40,57,57,83,157,173,173,250,250,230,230,240,48,59,59,89,89,89,89,89],"floor_reached":28,"playtime":1627,"items_purged":[],"score":444,"play_id":"ef7d2c3d-0e34-44cd-a756-8feda8f68148","local_time":"20181029222622","is_ascension_mode":true,"campfire_choices":[{"data":"Shrug It Off","floor":6.0,"key":"SMITH"},{"data":"Entrench","floor":11.0,"key":"SMITH"},{"floor":15.0,"key":"REST"},{"data":"Body Slam","floor":23.0,"key":"SMITH"},{"data":"Iron Wave","floor":25.0,"key":"SMITH"}],"neow_cost":"NO_GOLD","seed_source_timestamp":116835901037311,"circlet_count":0,"master_deck":["Strike_R","Strike_R","Strike_R","Strike_R","Strike_R","Defend_R","Defend_R","Defend_R","Defend_R","Bash","AscendersBane","Barricade+1","Shrug It Off+1","Entrench+1","Ghostly Armor","Iron Wave+1","Body Slam+1"],"special_seed":0,"relics":["Burning Blood","Singing Bowl","Toxic Egg 2","Runic Dome","Oddly Smooth Stone","Orichalcum","Bag of Preparation"],"potions_floor_usage":[],"damage_taken":[{"damage":6.0,"enemies":"Cultist","floor":1.0,"turns":3.0},{"damage":12.0,"enemies":"Jaw Worm","floor":4.0,"turns":4.0},{"damage":7.0,"enemies":"2 Louse","floor":8.0,"turns":3.0},{"damage":16.0,"enemies":"2 Fungi Beasts","floor":10.0,"turns":5.0},{"damage":30.0,"enemies":"3 Sentries","floor":12.0,"turns":17.0},{"damage":10.0,"enemies":"Exordium Wildlife","floor":14.0,"turns":7.0},{"damage":4.0,"enemies":"The Guardian","floor":16.0,"turns":19.0},{"damage":18.0,"enemies":"2 Thieves","floor":18.0,"turns":4.0},{"damage":26.0,"enemies":"Spheric Guardian","floor":20.0,"turns":12.0},{"damage":17.0,"enemies":"Centurion and Healer","floor":22.0,"turns":8.0},{"damage":10.0,"enemies":"Gremlin Leader","floor":24.0,"turns":10.0},{"damage":43,"enemies":"Book of Stabbing","floor":28,"turns":6}],"seed_played":"-2597882588498502031","potions_obtained":[{"floor":8.0,"key":"Explosive Potion"},{"floor":10.0,"key":"EssenceOfSteel"},{"floor":14.0,"key":"EssenceOfSteel"},{"floor":20.0,"key":"BloodPotion"}],"is_trial":false,"path_per_floor":["M","$","?","M","?","R","$","M","T","M","R","E","T","M","R","B",null,"M","?","M","$","M","R","E","R","T","?"],"character_chosen":"IRONCLAD","items_purchased":["Body Slam","Oddly Smooth Stone"],"campfire_rested":1,"item_purchase_floors":[21,21],"current_hp_per_floor":[68,68,68,62,62,62,62,61,61,51,51,29,29,27,50,54,74,64,64,44,44,43,43,41,41,41,41,0],"gold":89,"neow_bonus":"THREE_RARE_CARDS","is_prod":false,"is_daily":false,"chose_seed":false,"campfire_upgraded":4,"win_rate":0,"timestamp":1540848382,"path_taken":["M","?","?","M","?","R","?","M","T","M","R","E","?","M","R","BOSS","M","?","M","$","M","R","E","R","T","?","E"],"build_version":"2018-10-29","purchased_purges":0,"victory":false,"max_hp_per_floor":[75,75,75,75,75,75,75,75,75,75,75,77,77,79,79,81,81,83,83,83,83,85,85,87,87,87,87,87],"card_choices":[{"not_picked":["Offering","Impervious"],"picked":"Barricade","floor":0.0},{"not_picked":["Blood for Blood","Sword Boomerang"],"picked":"Shrug It Off","floor":1.0},{"not_picked":["Spot Weakness","Clothesline","Twin Strike"],"picked":"SKIP","floor":4.0},{"not_picked":["Combust","Evolve"],"picked":"Entrench","floor":8.0},{"not_picked":["Sentinel","Clothesline"],"picked":"Ghostly Armor","floor":10.0},{"not_picked":["Cleave","Reaper","Feel No Pain"],"picked":"Singing Bowl","floor":12.0},{"not_picked":["Dropkick","Flex+1","Spot Weakness+1"],"picked":"Singing Bowl","floor":14.0},{"not_picked":["Demon Form","Dark Embrace","Bludgeon"],"picked":"Singing Bowl","floor":16.0},{"not_picked":["True Grit+1","Sword Boomerang","Twin Strike"],"picked":"Singing Bowl","floor":18.0},{"not_picked":["True Grit+1","Wild Strike"],"picked":"Iron Wave","floor":20.0},{"not_picked":["Rupture+1","Pommel Strike","Spot Weakness+1"],"picked":"Singing Bowl","floor":22.0},{"not_picked":["Ghostly Armor+1","Whirlwind","Anger"],"picked":"Singing Bowl","floor":24.0}],"player_experience":427227,"relics_obtained":[{"floor":9.0,"key":"Singing Bowl"},{"floor":12.0,"key":"Toxic Egg 2"},{"floor":24.0,"key":"Orichalcum"},{"floor":26.0,"key":"Bag of Preparation"}],"event_choices":[{"damage_healed":0.0,"max_hp_gain":0.0,"max_hp_loss":0.0,"gold_gain":0.0,"event_name":"Upgrade Shrine","player_choice":"Upgraded","floor":3.0,"gold_loss":0.0,"damage_taken":0.0,"cards_upgraded":["Barricade"]},{"damage_healed":0.0,"max_hp_gain":0.0,"max_hp_loss":0.0,"gold_gain":0.0,"event_name":"The Cleric","player_choice":"Leave","floor":5.0,"gold_loss":0.0,"damage_taken":0.0},{"damage_healed":0.0,"max_hp_gain":0.0,"max_hp_loss":0.0,"gold_gain":0.0,"event_name":"Ghosts","player_choice":"Ignored","floor":19.0,"gold_loss":0.0,"damage_taken":0.0},{"damage_healed":0,"gold_gain":0,"player_choice":"Ignored","damage_taken":0,"max_hp_gain":0,"max_hp_loss":0,"event_name":"Cursed Tome","floor":27,"gold_loss":0}],"is_beta":true,"boss_relics":[{"not_picked":["Astrolabe","Runic Pyramid"],"picked":"Runic Dome"}],"items_purged_floors":[],"is_endless":false,"potions_floor_spawned":[8,10,14,20],"killed_by":"Book of Stabbing","ascension_level":14}