{"gold_per_floor":[114,114,127,138,88,88,118,136,210,210,238,238,256,268,268,268],"floor_reached":16,"playtime":800,"items_purged":[],"score":168,"play_id":"2c2742e2-284f-4d48-a2c2-71d4d66f3d97","local_time":"20181027155332","is_ascension_mode":true,"campfire_choices":[{"data":"Madness","floor":6,"key":"SMITH"},{"data":"Anger","floor":12,"key":"SMITH"},{"data":"Limit Break","floor":15,"key":"SMITH"}],"neow_cost":"NONE","seed_source_timestamp":1496513696176343,"circlet_count":0,"master_deck":["Strike_R","Strike_R","Strike_R","Defend_R","Defend_R","Defend_R","Defend_R","Bash","AscendersBane","Madness+1","Heavy Blade","Anger+1","Limit Break+1","Intimidate","Rage","Inflame"],"relics":["Burning Blood","Calipers","Shuriken","Ancient Tea Set","Odd Mushroom"],"potions_floor_usage":[7,14],"damage_taken":[{"damage":4,"enemies":"Jaw Worm","floor":1,"turns":4},{"damage":8,"enemies":"2 Louse","floor":3,"turns":3},{"damage":10,"enemies":"Small Slimes","floor":4,"turns":3},{"damage":10,"enemies":"Gremlin Nob","floor":7,"turns":3},{"damage":7,"enemies":"3 Louse","floor":8,"turns":5},{"damage":24,"enemies":"The Mushroom Lair","floor":11,"turns":5},{"damage":11,"enemies":"Blue Slaver","floor":13,"turns":4},{"damage":7,"enemies":"Gremlin Gang","floor":14,"turns":4},{"damage":32,"enemies":"Hexaghost","floor":16,"turns":9}],"seed_played":"-5739916680743951695","potions_obtained":[{"floor":4,"key":"SkillPotion"},{"floor":7,"key":"Block Potion"},{"floor":11,"key":"Explosive Potion"}],"is_trial":false,"path_per_floor":["M","?","M","M","?","R","E","M","T","?","?","R","M","M","R"],"character_chosen":"IRONCLAD","items_purchased":[],"campfire_rested":0,"item_purchase_floors":[],"current_hp_per_floor":[74,67,65,61,61,61,57,56,56,56,38,38,33,32,32,0],"gold":268,"neow_bonus":"RANDOM_COLORLESS","is_prod":false,"is_daily":false,"chose_seed":false,"campfire_upgraded":3,"win_rate":0,"timestamp":1540648412,"path_taken":["M","?","M","M","?","R","E","M","T","?","?","R","M","M","R","BOSS"],"build_version":"2018-10-25v2","purchased_purges":0,"victory":false,"max_hp_per_floor":[80,80,80,80,80,80,80,80,80,80,80,80,80,80,80,80],"card_choices":[{"not_picked":["Pommel Strike","Cleave"],"picked":"Heavy Blade","floor":1},{"not_picked":["Pummel","Perfected Strike","Twin Strike"],"picked":"SKIP","floor":3},{"not_picked":["Iron Wave","Perfected Strike"],"picked":"Anger","floor":4},{"not_picked":["Combust","Clothesline"],"picked":"Limit Break","floor":7},{"not_picked":["Cleave","Seeing Red"],"picked":"Intimidate","floor":8},{"not_picked":["Headbutt","Clothesline"],"picked":"Rage","floor":13},{"not_picked":["Combust","Armaments"],"picked":"Inflame","floor":14}],"player_experience":410119,"relics_obtained":[{"floor":7,"key":"Calipers"},{"floor":9,"key":"Shuriken"},{"floor":11,"key":"Odd Mushroom"}],"event_choices":[{"cards_removed":["Strike_R"],"damage_healed":0,"gold_gain":0,"player_choice":"Card Removal","damage_taken":7,"max_hp_gain":0,"max_hp_loss":0,"event_name":"Golden Wing","floor":2,"gold_loss":0},{"cards_removed":["Strike_R"],"damage_healed":0,"gold_gain":0,"player_choice":"Card Removal","damage_taken":0,"max_hp_gain":0,"max_hp_loss":0,"event_name":"The Cleric","floor":5,"gold_loss":50},{"damage_healed":0,"gold_gain":0,"player_choice":"Gave Potion","damage_taken":0,"relics_obtained":["Ancient Tea Set"],"max_hp_gain":0,"max_hp_loss":0,"event_name":"WeMeetAgain","floor":10,"gold_loss":0},{"damage_healed":0,"gold_gain":0,"player_choice":"Fought Mushrooms","damage_taken":0,"max_hp_gain":0,"max_hp_loss":0,"event_name":"Mushrooms","floor":11,"gold_loss":0}],"is_beta":true,"boss_relics":[],"items_purged_floors":[],"is_endless":false,"potions_floor_spawned":[4,7,11],"killed_by":"Hexaghost","ascension_level":13}