{"gold_per_floor":[115,128,148,148,27,54,54,83,83,83,101,121,134,152,152,152],"floor_reached":16,"playtime":982,"items_purged":["Decay"],"score":120,"play_id":"750211a3-8ab6-4046-9ba0-a7bb9d6c1d44","local_time":"20190203180255","is_ascension_mode":true,"campfire_choices":[{"data":"Terror","floor":7,"key":"SMITH"},{"floor":10,"key":"REST"},{"data":"Tools of the Trade","floor":15,"key":"SMITH"}],"neow_cost":"CURSE","seed_source_timestamp":1683638353434600,"circlet_count":0,"master_deck":["Defend_G","Defend_G","Defend_G","Defend_G","Defend_G","Strike_G","Strike_G","Strike_G","Strike_G","Survivor","Neutralize","Choke","Backflip","Terror+1","PiercingWail","Predator","Deflect","Tools of the Trade+1","Backstab","Outmaneuver","Leg Sweep"],"relics":["Ring of the Snake","Ice Cream","Smiling Mask","Du-Vu Doll","Blue Candle"],"potions_floor_usage":[12,12,16],"damage_taken":[{"damage":0,"enemies":"2 Louse","floor":1,"turns":4},{"damage":2,"enemies":"Cultist","floor":2,"turns":4},{"damage":2,"enemies":"Small Slimes","floor":3,"turns":3},{"damage":45,"enemies":"3 Sentries","floor":6,"turns":12},{"damage":19,"enemies":"Lagavulin","floor":8,"turns":6},{"damage":4,"enemies":"Red Slaver","floor":11,"turns":3},{"damage":0,"enemies":"Lots of Slimes","floor":12,"turns":4},{"damage":3,"enemies":"Blue Slaver","floor":13,"turns":2},{"damage":5,"enemies":"2 Fungi Beasts","floor":14,"turns":3},{"damage":13,"enemies":"Hexaghost","floor":16,"turns":13}],"seed_played":"4468547888958680651","potions_obtained":[{"floor":2,"key":"Poison Potion"},{"floor":8,"key":"Block Potion"},{"floor":11,"key":"Weak Potion"},{"floor":13,"key":"Strength Potion"},{"floor":14,"key":"LiquidBronze"}],"is_trial":false,"path_per_floor":["M","M","M","?","$","E","R","E","T","R","M","M","M","M","R","B"],"character_chosen":"THE_SILENT","items_purchased":["PiercingWail"],"campfire_rested":1,"item_purchase_floors":[5],"current_hp_per_floor":[70,68,66,66,66,21,21,2,2,23,19,19,16,11,11,0],"gold":152,"neow_bonus":"ONE_RARE_RELIC","is_prod":false,"is_daily":false,"chose_seed":false,"campfire_upgraded":2,"win_rate":0,"timestamp":1549234975,"path_taken":["M","M","M","?","$","E","R","E","T","R","M","M","?","M","R","BOSS"],"build_version":"2019-01-23","purchased_purges":1,"victory":false,"max_hp_per_floor":[70,70,70,70,70,70,70,70,70,70,70,70,70,70,70,70],"card_choices":[{"not_picked":["Riddle With Holes","Acrobatics"],"picked":"Choke","floor":1},{"not_picked":["Catalyst","Expertise","Eviscerate"],"picked":"SKIP","floor":2},{"not_picked":["Prepared","Slice"],"picked":"Backflip","floor":3},{"not_picked":["Deadly Poison","Backflip"],"picked":"Predator","floor":6},{"not_picked":["Slice","Poisoned Stab"],"picked":"Deflect","floor":8},{"not_picked":["Bouncing Flask","Backflip"],"picked":"Tools of the Trade","floor":11},{"not_picked":["Quick Slash","All Out Attack"],"picked":"Backstab","floor":12},{"not_picked":["Flying Knee","Eviscerate"],"picked":"Outmaneuver","floor":13},{"not_picked":["Deadly Poison","Noxious Fumes"],"picked":"Leg Sweep","floor":14}],"player_experience":205943,"relics_obtained":[{"floor":6,"key":"Smiling Mask"},{"floor":8,"key":"Du-Vu Doll"},{"floor":9,"key":"Blue Candle"}],"event_choices":[{"damage_healed":0,"gold_gain":0,"cards_transformed":["Strike_G"],"player_choice":"Transformed","damage_taken":0,"max_hp_gain":0,"max_hp_loss":0,"event_name":"Transmorgrifier","floor":4,"gold_loss":0,"cards_obtained":["Terror"]}],"is_beta":false,"boss_relics":[],"items_purged_floors":[5],"is_endless":false,"potions_floor_spawned":[2,8,11,13,14],"killed_by":"Hexaghost","ascension_level":1}