{"gold_per_floor":[115,115,115,182,262,262,281,281,281,311,311,436,421],"floor_reached":13,"playtime":811,"items_purged":[],"score":93,"play_id":"4e457b9a-6708-4ede-b688-3182f8f141b9","local_time":"20190129200107","is_ascension_mode":true,"campfire_choices":[{"data":"Barricade","floor":6,"key":"SMITH"},{"data":"Shrug It Off","floor":8,"key":"SMITH"},{"data":"1","floor":11,"key":"LIFT"}],"neow_cost":"TEN_PERCENT_HP_LOSS","seed_source_timestamp":454798521507528,"circlet_count":0,"master_deck":["Strike_R","Strike_R","Strike_R","Strike_R","Strike_R","Defend_R","Defend_R","Defend_R","Defend_R","Bash","Barricade+1","Warcry","Shrug It Off+1","Entrench","Intimidate"],"relics":["Burning Blood","SsserpentHead","Tiny Chest","Mercury Hourglass","Girya"],"potions_floor_usage":[13],"damage_taken":[{"damage":6,"enemies":"2 Louse","floor":1,"turns":4},{"damage":7,"enemies":"Jaw Worm","floor":4,"turns":4},{"damage":12,"enemies":"Cultist","floor":7,"turns":5},{"damage":43,"enemies":"3 Sentries","floor":10,"turns":9},{"damage":11,"enemies":"Looter","floor":13,"turns":1}],"seed_played":"-1711412403552549279","potions_obtained":[{"floor":4,"key":"Poison Potion"},{"floor":10,"key":"BloodPotion"}],"is_trial":false,"path_per_floor":["M","?","?","M","?","R","M","R","T","E","R","?","M"],"character_chosen":"IRONCLAD","items_purchased":[],"campfire_rested":0,"item_purchase_floors":[],"current_hp_per_floor":[72,77,77,76,58,58,52,52,52,15,15,4,0],"gold":421,"neow_bonus":"THREE_RARE_CARDS","is_prod":false,"is_daily":false,"chose_seed":false,"campfire_upgraded":2,"win_rate":1,"timestamp":1548788467,"path_taken":["M","?","?","?","?","R","M","R","T","E","R","?","M"],"build_version":"2019-01-23","purchased_purges":0,"victory":false,"max_hp_per_floor":[72,77,77,77,77,77,77,77,77,77,77,77,77],"card_choices":[{"not_picked":["Reaper","Limit Break"],"picked":"Barricade","floor":0},{"not_picked":["Anger","Wild Strike"],"picked":"Warcry","floor":1},{"not_picked":["Clothesline","Fire Breathing"],"picked":"Shrug It Off","floor":4},{"not_picked":["Flex","Sword Boomerang"],"picked":"Entrench","floor":7},{"not_picked":["Combust","Thunderclap"],"picked":"Intimidate","floor":10}],"player_experience":47779,"relics_obtained":[{"floor":9,"key":"Mercury Hourglass"},{"floor":10,"key":"Girya"}],"event_choices":[{"damage_healed":0,"gold_gain":0,"player_choice":"Donut","damage_taken":0,"max_hp_gain":5,"max_hp_loss":0,"event_name":"Big Fish","floor":2,"gold_loss":0},{"damage_healed":0,"gold_gain":0,"player_choice":"Trade","damage_taken":0,"relics_obtained":["SsserpentHead"],"max_hp_gain":0,"max_hp_loss":0,"event_name":"FaceTrader","floor":3,"gold_loss":0},{"damage_healed":0,"gold_gain":0,"player_choice":"Success","damage_taken":18,"relics_obtained":["Tiny Chest"],"max_hp_gain":0,"max_hp_loss":0,"event_name":"Scrap Ooze","floor":5,"gold_loss":0},{"damage_healed":0,"gold_gain":75,"player_choice":"Gather Gold","damage_taken":11,"max_hp_gain":0,"max_hp_loss":0,"event_name":"World of Goop","floor":12,"gold_loss":0}],"is_beta":false,"boss_relics":[],"items_purged_floors":[],"is_endless":false,"potions_floor_spawned":[4,10],"killed_by":"Looter","ascension_level":3}