{"gold_per_floor":[109,119,131,131,93,93,93,11,11,11,26,26,52,52,52,153,153,169,109,208,208],"floor_reached":21,"playtime":991,"items_purged":[],"score":326,"play_id":"d455a03b-8315-4d06-bbec-49192923e38b","local_time":"20190204104141","is_ascension_mode":true,"campfire_choices":[{"data":"Zap","floor":6,"key":"SMITH"},{"data":"Doom and Gloom","floor":10,"key":"SMITH"},{"data":"Glacier","floor":12,"key":"SMITH"},{"floor":15,"key":"REST"}],"neow_cost":"NONE","seed_source_timestamp":816677274881,"circlet_count":0,"master_deck":["Strike_B","Strike_B","Defend_B","Defend_B","Defend_B","Defend_B","Zap+1","Dualcast","Conserve Battery","Consume+1","Double Energy","Capacitor","Doom and Gloom+1","Glacier+1","Coolheaded","Amplify","Capacitor"],"relics":["Cracked Core","Bag of Marbles","Bag of Preparation","Empty Cage"],"potions_floor_usage":[13,13],"damage_taken":[{"damage":0,"enemies":"2 Louse","floor":1,"turns":2},{"damage":0,"enemies":"Small Slimes","floor":2,"turns":4},{"damage":0,"enemies":"Jaw Worm","floor":3,"turns":3},{"damage":0,"enemies":"Lots of Slimes","floor":11,"turns":1},{"damage":42,"enemies":"Gremlin Nob","floor":13,"turns":4},{"damage":0,"enemies":"The Guardian","floor":16,"turns":12},{"damage":9,"enemies":"Spheric Guardian","floor":18,"turns":8},{"damage":35,"enemies":"2 Thieves","floor":19,"turns":4},{"damage":59,"enemies":"Masked Bandits","floor":21,"turns":3}],"seed_played":"-4024812971772581572","potions_obtained":[{"floor":2,"key":"SpeedPotion"},{"floor":3,"key":"SteroidPotion"},{"floor":11,"key":"PowerPotion"},{"floor":18,"key":"FairyPotion"}],"is_trial":false,"path_per_floor":["M","M","M","?","$","R","?","$","T","R","M","R","E","$","R","B",null,"M","M","?","?"],"character_chosen":"DEFECT","items_purchased":["Capacitor","Doom and Gloom"],"campfire_rested":1,"item_purchase_floors":[5,8],"current_hp_per_floor":[75,75,75,80,80,80,80,80,80,80,80,80,38,38,64,64,81,72,37,37,0],"gold":208,"neow_bonus":"TEN_PERCENT_HP_BONUS","is_prod":false,"is_daily":false,"chose_seed":false,"campfire_upgraded":3,"win_rate":0,"timestamp":1549255301,"path_taken":["M","M","M","?","$","R","?","?","T","R","M","R","E","$","R","BOSS","M","?","?","?"],"build_version":"2019-01-23","purchased_purges":0,"victory":false,"max_hp_per_floor":[82,82,82,87,87,87,87,87,87,87,87,87,87,87,87,87,87,87,87,87,87],"card_choices":[{"not_picked":["Chaos","Barrage"],"picked":"Conserve Battery","floor":1},{"not_picked":["Go for the Eyes","Blizzard"],"picked":"Consume","floor":2},{"not_picked":["Gash","Sweeping Beam"],"picked":"Double Energy","floor":3},{"not_picked":["Compile Driver","Redo"],"picked":"Glacier","floor":11},{"not_picked":["Ball Lightning","Defragment"],"picked":"Coolheaded","floor":13},{"not_picked":["Core Surge","Meteor Strike"],"picked":"Amplify","floor":16},{"not_picked":["Tempest","Go for the Eyes+1"],"picked":"Capacitor","floor":18},{"not_picked":["Compile Driver","Barrage","Beam Cell"],"picked":"SKIP","floor":19}],"player_experience":716441,"relics_obtained":[{"floor":9,"key":"Bag of Marbles"},{"floor":13,"key":"Bag of Preparation"}],"event_choices":[{"damage_healed":0,"gold_gain":0,"player_choice":"Donut","damage_taken":0,"max_hp_gain":5,"max_hp_loss":0,"event_name":"Big Fish","floor":4,"gold_loss":0},{"damage_healed":0,"gold_gain":0,"player_choice":"Grow","damage_taken":0,"max_hp_gain":0,"max_hp_loss":0,"event_name":"Living Wall","floor":7,"gold_loss":0,"cards_upgraded":["Consume"]},{"damage_healed":0,"gold_gain":99,"player_choice":"Stole From Cult","damage_taken":0,"max_hp_gain":0,"max_hp_loss":0,"event_name":"Nest","floor":20,"gold_loss":0},{"damage_healed":0,"gold_gain":0,"player_choice":"Fought Bandits","damage_taken":0,"max_hp_gain":0,"max_hp_loss":0,"event_name":"Masked Bandits","floor":21,"gold_loss":0}],"is_beta":false,"boss_relics":[{"not_picked":["Orrery","Black Star"],"picked":"Empty Cage"}],"items_purged_floors":[],"is_endless":false,"potions_floor_spawned":[2,3,11,18],"killed_by":"Masked Bandits","ascension_level":9}