{"gold_per_floor":[114,84,99,114,129,129,144,144,169,23,23,123,153,168,168,268,268,268],"floor_reached":18,"playtime":861,"items_purged":[],"score":162,"play_id":"8f9af7b6-2826-40c4-ab71-5f846216e5ec","local_time":"20190203012807","daily_mods":["Allstar","Green Cards","Lethality"],"is_ascension_mode":false,"campfire_choices":[{"data":"True Grit","floor":6,"key":"SMITH"},{"floor":11,"key":"REST"},{"data":"Noxious Fumes","floor":15,"key":"SMITH"}],"neow_cost":"","seed_source_timestamp":0,"circlet_count":0,"master_deck":["Strike_R","Strike_R","Strike_R","Strike_R","Defend_R","Defend_R","Defend_R","Defend_R","Bash","Metamorphosis","Bandage Up","PanicButton","Deep Breath","Enlightenment","Caltrops","Sucker Punch","True Grit+1","Cleave","Escape Plan","Noxious Fumes+1","Shockwave","Blur","Adrenaline","Clumsy"],"special_seed":17930,"relics":["Burning Blood","Red Skull","Omamori","Calling Bell","Bag of Marbles","Mercury Hourglass","Prayer Wheel"],"potions_floor_usage":[4,18],"damage_taken":[{"damage":3,"enemies":"2 Louse","floor":1,"turns":3},{"damage":0,"enemies":"Cultist","floor":3,"turns":3},{"damage":4,"enemies":"Jaw Worm","floor":4,"turns":2},{"damage":3,"enemies":"Looter","floor":5,"turns":2},{"damage":49,"enemies":"Gremlin Gang","floor":7,"turns":5},{"damage":7,"enemies":"Lagavulin","floor":13,"turns":5},{"damage":13,"enemies":"2 Fungi Beasts","floor":14,"turns":3},{"damage":41,"enemies":"The Guardian","floor":16,"turns":7},{"damage":82,"enemies":"3 Byrds","floor":18,"turns":3}],"seed_played":"8747077811986150983","potions_obtained":[{"floor":1,"key":"Poison Potion"},{"floor":2,"key":"Fire Potion"},{"floor":2,"key":"Poison Potion"},{"floor":3,"key":"Explosive Potion"},{"floor":5,"key":"FearPotion"},{"floor":13,"key":"FearPotion"}],"is_trial":false,"path_per_floor":["M","?","M","M","M","R","M","?","T","$","R","?","E","M","R","B",null,"M"],"character_chosen":"IRONCLAD","items_purchased":["Escape Plan","Noxious Fumes"],"campfire_rested":1,"item_purchase_floors":[10,10],"current_hp_per_floor":[80,80,80,80,80,80,37,37,37,37,61,61,64,57,57,26,80,0],"gold":268,"neow_bonus":"","is_prod":false,"is_daily":true,"chose_seed":false,"campfire_upgraded":2,"win_rate":0,"timestamp":1549153687,"path_taken":["M","?","M","M","?","R","M","?","T","?","R","?","E","?","R","BOSS","M"],"build_version":"2019-01-23","purchased_purges":0,"victory":false,"max_hp_per_floor":[80,80,80,80,80,80,80,80,80,80,80,80,80,80,80,80,80,80],"card_choices":[{"not_picked":["Havoc","Flechettes","Slice"],"picked":"SKIP","floor":1},{"not_picked":["Expertise","Anger"],"picked":"Caltrops","floor":3},{"not_picked":["Bane","Dual Wield"],"picked":"Sucker Punch","floor":4},{"not_picked":["Corruption","Cloak And Dagger"],"picked":"True Grit","floor":5},{"not_picked":["Hemokinesis","Deflect"],"picked":"Cleave","floor":7},{"not_picked":["Bane","Dual Wield"],"picked":"Shockwave","floor":13},{"not_picked":["Body Slam","Riddle With Holes"],"picked":"Blur","floor":14},{"not_picked":["Juggernaut","Envenom"],"picked":"Adrenaline","floor":16}],"player_experience":503216,"relics_obtained":[{"floor":9,"key":"Red Skull"},{"floor":13,"key":"Omamori"},{"floor":17,"key":"Bag of Marbles"},{"floor":17,"key":"Mercury Hourglass"},{"floor":17,"key":"Prayer Wheel"}],"event_choices":[{"damage_healed":0,"gold_gain":0,"player_choice":"Bought 2 Potions","damage_taken":0,"max_hp_gain":0,"max_hp_loss":0,"event_name":"The Woman in Blue","floor":2,"gold_loss":0},{"cards_removed":["Strike_R"],"damage_healed":0,"gold_gain":0,"player_choice":"Forget","damage_taken":0,"max_hp_gain":0,"max_hp_loss":0,"event_name":"Living Wall","floor":8,"gold_loss":0},{"damage_healed":0,"gold_gain":100,"player_choice":"Pray","damage_taken":0,"max_hp_gain":0,"max_hp_loss":0,"event_name":"Golden Shrine","floor":12,"gold_loss":0}],"is_beta":false,"boss_relics":[{"not_picked":["Orrery","Pandora\u0027s Box"],"picked":"Calling Bell"}],"items_purged_floors":[],"is_endless":false,"potions_floor_spawned":[1,3,5,13],"killed_by":"3 Byrds","ascension_level":0}