{"gold_per_floor":[114,114,133,86,105,143,143,181,181,181,219,219,238,257,257,382,382,401,326,326,345,345,383,383,402,427,114,133,171,171,209,209,334,334,353,353,353,372,391,391,391],"floor_reached":41,"playtime":3601,"items_purged":["Writhe"],"score":469,"play_id":"14540633-87e4-4f6d-b95b-1069229b4641","local_time":"20180713220516","daily_mods":["Heirloom","Elite Swarm","Binary"],"is_ascension_mode":false,"campfire_choices":[{"floor":7,"key":"REST"},{"floor":12,"key":"REST"},{"floor":15,"key":"REST"},{"floor":24,"key":"REST"},{"floor":30,"key":"REST"},{"data":"After Image","floor":32,"key":"SMITH"},{"data":"Burst","floor":40,"key":"SMITH"}],"neow_cost":"","seed_source_timestamp":182960390690354,"circlet_count":0,"master_deck":["Survivor","Neutralize","Dagger Spray","Dagger Throw","Quick Slash","Dagger Spray","Glass Knife","After Image+1","Burst+1","Flying Knee","Noxious Fumes","Bullet Time","Dagger Throw","Tactician+1","Reflex","Crippling Poison+1","Terror+1","A Thousand Cuts","Malaise","Corpse Explosion","Outmaneuver","Noxious Fumes","Terror","Underhanded Strike","PiercingWail","Riddle With Holes","Predator","Setup","Dagger Throw","Dagger Spray+1","Skewer","Flechettes+1"],"special_seed":17725,"relics":["Ring of the Snake","Bird Faced Urn","Golden Idol","Regal Pillow","Bag of Preparation","Shuriken","Ginger","Cursed Key","Matryoshka","Gremlin Horn","Dream Catcher","Centennial Puzzle","TwistedFunnel","War Paint","Anchor","Pandora\u0027s Box"],"potions_floor_usage":[],"damage_taken":[{"damage":2,"enemies":"2 Louse","floor":1,"turns":3},{"damage":3,"enemies":"Jaw Worm","floor":3,"turns":7},{"damage":0,"enemies":"Cultist","floor":5,"turns":3},{"damage":45,"enemies":"Lagavulin","floor":6,"turns":11},{"damage":26,"enemies":"Gremlin Nob","floor":8,"turns":5},{"damage":8,"enemies":"3 Sentries","floor":11,"turns":6},{"damage":0,"enemies":"Large Slime","floor":13,"turns":4},{"damage":9,"enemies":"2 Fungi Beasts","floor":14,"turns":2},{"damage":54,"enemies":"Hexaghost","floor":16,"turns":10},{"damage":16,"enemies":"Shell Parasite","floor":18,"turns":6},{"damage":0,"enemies":"3 Byrds","floor":21,"turns":4},{"damage":44,"enemies":"Gremlin Leader","floor":23,"turns":6},{"damage":24,"enemies":"Sentry and Sphere","floor":25,"turns":4},{"damage":6,"enemies":"Chosen and Byrds","floor":28,"turns":5},{"damage":13,"enemies":"Book of Stabbing","floor":29,"turns":5},{"damage":7,"enemies":"Slavers","floor":31,"turns":4},{"damage":50,"enemies":"Champ","floor":33,"turns":11},{"damage":0,"enemies":"3 Darklings","floor":35,"turns":3},{"damage":32,"enemies":"3 Shapes","floor":38,"turns":3},{"damage":22,"enemies":"3 Darklings","floor":39,"turns":3},{"damage":28,"enemies":"Nemesis","floor":41,"turns":3}],"seed_played":"5986081896675769642","potions_obtained":[{"floor":1,"key":"Ancient Potion"},{"floor":3,"key":"Weak Potion"},{"floor":8,"key":"AttackPotion"},{"floor":16,"key":"Poison Potion"}],"is_trial":false,"path_per_floor":["M","?","M","$","M","E","R","E","T","?","E","R","M","M","R","B",null,"M","?","?","M","?","E","R","M","T","$","M","E","R","E","R","B",null,"M","?","?","M","M","R"],"character_chosen":"THE_SILENT","items_purchased":["Quick Slash","TwistedFunnel","Crippling Poison"],"campfire_rested":5,"item_purchase_floors":[4,27,27],"current_hp_per_floor":[68,51,48,48,48,3,39,13,13,13,7,43,45,38,70,18,70,54,54,54,58,58,18,54,34,34,34,32,23,59,58,58,14,70,70,70,70,40,22,22,0],"gold":391,"neow_bonus":"","is_prod":false,"is_daily":true,"chose_seed":false,"campfire_upgraded":2,"win_rate":0.0,"timestamp":1531512316,"path_taken":["M","?","?","$","M","E","R","E","T","?","E","R","?","?","R","BOSS","M","?","?","M","?","E","R","?","T","$","M","E","R","E","R","BOSS","M","?","?","M","M","R","E"],"build_version":"2018-07-12","purchased_purges":1,"victory":false,"max_hp_per_floor":[70,70,70,70,70,70,70,70,70,70,70,70,70,70,70,70,70,70,70,70,70,70,70,70,70,70,70,70,70,70,70,70,70,70,70,70,70,70,70,70,70],"card_choices":[{"not_picked":["Accuracy"],"picked":"Dagger Spray","floor":1},{"not_picked":["Masterful Stab"],"picked":"Dagger Throw","floor":3},{"not_picked":["Distraction"],"picked":"Dagger Spray","floor":5},{"not_picked":["Phantasmal Killer"],"picked":"Glass Knife","floor":6},{"not_picked":["Burst"],"picked":"After Image","floor":8},{"not_picked":["Storm of Steel"],"picked":"Burst","floor":11},{"not_picked":["Dodge and Roll"],"picked":"Flying Knee","floor":13},{"not_picked":["Dagger Spray"],"picked":"Noxious Fumes","floor":14},{"not_picked":["After Image"],"picked":"Bullet Time","floor":16},{"not_picked":["Acrobatics"],"picked":"Dagger Throw","floor":18},{"not_picked":["Flechettes","Deadly Poison"],"picked":"SKIP","floor":21},{"not_picked":["Burst"],"picked":"Tactician","floor":23},{"not_picked":["Prepared+1"],"picked":"Reflex","floor":25},{"not_picked":["Underhanded Strike"],"picked":"Terror+1","floor":28},{"not_picked":["Venomology"],"picked":"A Thousand Cuts","floor":29},{"not_picked":["Reflex"],"picked":"Malaise","floor":30},{"not_picked":["Bullet Time"],"picked":"Die Die Die","floor":31},{"not_picked":["Die Die Die"],"picked":"Corpse Explosion","floor":33},{"not_picked":["Predator"],"picked":"Dagger Spray+1","floor":35},{"not_picked":["Setup+1"],"picked":"Skewer","floor":38},{"not_picked":["Reflex"],"picked":"Flechettes+1","floor":39}],"player_experience":49581,"relics_obtained":[{"floor":6,"key":"Regal Pillow"},{"floor":8,"key":"Bag of Preparation"},{"floor":9,"key":"Shuriken"},{"floor":11,"key":"Ginger"},{"floor":23,"key":"Gremlin Horn"},{"floor":26,"key":"Dream Catcher"},{"floor":26,"key":"Centennial Puzzle"},{"floor":29,"key":"War Paint"},{"floor":31,"key":"Anchor"}],"event_choices":[{"event_name":"Golden Idol","player_choice":"Take Damage","floor":2,"damage_taken":0},{"event_name":"Golden Wing","player_choice":"Ignored","floor":10,"damage_taken":0},{"event_name":"Beggar","player_choice":"Gave Gold","floor":19,"damage_taken":0},{"event_name":"Back to Basics","player_choice":"Simplicity","floor":20,"damage_taken":0},{"event_name":"The Mausoleum","player_choice":"Yes","floor":22,"damage_taken":0},{"event_name":"Falling","player_choice":"Removed Attack","floor":36,"damage_taken":0},{"event_name":"Purifier","player_choice":"One Purge","floor":37,"damage_taken":0}],"boss_relics":[{"not_picked":["Tiny House","Orrery"],"picked":"Cursed Key"},{"not_picked":["Fusion Hammer","Velvet Choker"],"picked":"Pandora\u0027s Box"}],"items_purged_floors":[27],"is_endless":false,"potions_floor_spawned":[1,3,8,11,16,18,21,33,35,38,39],"killed_by":"Nemesis","ascension_level":0}