{"gold_per_floor":[218,218,237,256,268,268,302,302,302,302,319,6,6,22,22,121,121,121,36,0,0,0,0,0,0,0,0,0,0,0,0,0,0,0,0,0,0,0,0,0,0,0,0,0,0,0,0,0,0,0],"floor_reached":51,"playtime":3780,"items_purged":[],"score":880,"play_id":"6198948c-f556-46d4-ad51-ce94a3b74cf2","local_time":"20190205163303","is_ascension_mode":true,"campfire_choices":[{"data":"Zap","floor":6.0,"key":"SMITH"},{"data":"Hologram","floor":8,"key":"SMITH"},{"data":"Conserve Battery","floor":10,"key":"SMITH"},{"data":"Fission","floor":13,"key":"SMITH"},{"data":"Glacier","floor":15,"key":"SMITH"},{"data":"FTL","floor":24,"key":"SMITH"},{"data":"Reboot","floor":32,"key":"SMITH"},{"data":"Seek","floor":40,"key":"SMITH"},{"data":"Doom and Gloom","floor":49,"key":"SMITH"}],"neow_cost":"NONE","seed_source_timestamp":0,"circlet_count":0,"master_deck":["Strike_B+1","Strike_B+1","Strike_B+1","Defend_B+1","Defend_B+1","Defend_B+1","Defend_B+1","Zap+1","Dualcast","Cold Snap","Conserve Battery+1","FTL+1","Glacier+1","Hologram+1","Storm+1","Buffer+1","Fission+1","Self Repair+1","Echo Form+1","Conserve Battery","Self Repair+1","Dramatic Entrance","Reboot+1","Defragment+1","Storm+1","Seek+1","Storm+1","Conserve Battery+1","Doom and Gloom+1"],"special_seed":0,"relics":["Cracked Core","Matryoshka","Frozen Egg 2","Incense Burner","Ectoplasm","Nunchaku","MawBank","Mango","Juzu Bracelet","Dream Catcher","Ornamental Fan","Busted Crown","Red Mask","Shuriken","Pantograph","Thread and Needle","Pocketwatch","Bottled Tornado"],"potions_floor_usage":[30,33,50,50],"damage_taken":[{"damage":0.0,"enemies":"Small Slimes","floor":1.0,"turns":2.0},{"damage":5.0,"enemies":"2 Louse","floor":3.0,"turns":2.0},{"damage":0.0,"enemies":"Cultist","floor":4.0,"turns":3.0},{"damage":0.0,"enemies":"3 Louse","floor":5.0,"turns":4.0},{"damage":9,"enemies":"Lagavulin","floor":7,"turns":9},{"damage":0,"enemies":"2 Fungi Beasts","floor":11,"turns":3},{"damage":3,"enemies":"Looter","floor":14,"turns":3},{"damage":18,"enemies":"Hexaghost","floor":16,"turns":15},{"damage":4,"enemies":"3 Byrds","floor":18,"turns":6},{"damage":15,"enemies":"2 Thieves","floor":20,"turns":5},{"damage":0,"enemies":"Gremlin Leader","floor":23,"turns":10},{"damage":8,"enemies":"Book of Stabbing","floor":25,"turns":7},{"damage":3,"enemies":"Gremlin Leader","floor":28,"turns":8},{"damage":18,"enemies":"Slavers","floor":30,"turns":5},{"damage":38,"enemies":"Snake Plant","floor":31,"turns":3},{"damage":53,"enemies":"Automaton","floor":33,"turns":11},{"damage":6,"enemies":"3 Darklings","floor":35,"turns":4},{"damage":15,"enemies":"Orb Walker","floor":36,"turns":3},{"damage":37,"enemies":"Reptomancer","floor":41,"turns":7},{"damage":0,"enemies":"Maw","floor":44,"turns":8},{"damage":0,"enemies":"Nemesis","floor":45,"turns":7},{"damage":9,"enemies":"Writhing Mass","floor":46,"turns":4},{"damage":0,"enemies":"Reptomancer","floor":47,"turns":5},{"damage":13,"enemies":"Jaw Worm Horde","floor":48,"turns":3},{"damage":11,"enemies":"Time Eater","floor":50,"turns":7}],"seed_played":"5785571876076833241","potions_obtained":[{"floor":11,"key":"Ancient Potion"},{"floor":16,"key":"Ancient Potion"},{"floor":25,"key":"AttackPotion"},{"floor":31,"key":"LiquidBronze"},{"floor":33,"key":"Regen Potion"},{"floor":35,"key":"Dexterity Potion"}],"is_trial":false,"path_per_floor":["M","?","M","M","M","R","E","R","T","R","M","$","R","M","R","B",null,"M","?","M","?","?","E","R","E","T","?","E","?","E","M","R","B",null,"M","M","?","?","?","R","E","T","T","M","E","M","E","M","R","B",null],"character_chosen":"DEFECT","items_purchased":["Buffer+1","Fission"],"campfire_rested":0,"item_purchase_floors":[12,12],"current_hp_per_floor":[75,75,70,70,70,70,61,61,61,61,61,61,61,58,58,50,75,75,75,70,70,70,75,75,89,89,73,89,89,89,71,71,38,89,89,84,84,84,84,84,67,67,67,85,85,85,85,85,85,85],"gold":0,"neow_bonus":"HUNDRED_GOLD","is_prod":false,"is_daily":false,"chose_seed":false,"campfire_upgraded":9,"win_rate":1,"timestamp":1549380783,"path_taken":["M","?","M","M","M","R","E","R","T","R","M","$","R","M","R","BOSS","M","?","M","?","?","E","R","E","T","?","E","?","E","M","R","BOSS","M","M","?","?","?","R","E","?","T","M","E","M","E","M","R","BOSS"],"build_version":"2019-01-23","purchased_purges":0,"victory":true,"max_hp_per_floor":[75,75,75,75,75,75,75,75,75,75,75,75,75,75,75,75,75,75,75,75,75,75,75,75,89,89,89,89,89,89,89,89,89,89,89,89,85,85,85,85,85,85,85,85,85,85,85,85,85,85],"card_choices":[{"not_picked":["Compile Driver","Streamline"],"picked":"Cold Snap","floor":1.0},{"not_picked":["Sweeping Beam","Reinforced Body"],"picked":"Conserve Battery","floor":3.0},{"not_picked":["Melter","Streamline"],"picked":"FTL","floor":4.0},{"not_picked":["Sunder","Lockon"],"picked":"Glacier","floor":5.0},{"not_picked":["Beam Cell","Go for the Eyes"],"picked":"Hologram","floor":7},{"not_picked":["Gash","FTL"],"picked":"Storm+1","floor":11},{"not_picked":["Go for the Eyes","Stack"],"picked":"Self Repair+1","floor":14},{"not_picked":["Meteor Strike","Rainbow"],"picked":"Echo Form+1","floor":16},{"not_picked":["Steam","Lockon+1"],"picked":"Conserve Battery","floor":18},{"not_picked":["Leap","Ball Lightning"],"picked":"Self Repair+1","floor":20},{"not_picked":["Hologram","Coolheaded","Beam Cell"],"picked":"SKIP","floor":23},{"not_picked":["Barrage","FTL","Go for the Eyes"],"picked":"SKIP","floor":25},{"not_picked":["Auto Shields","Redo+1"],"picked":"Reboot","floor":28},{"not_picked":["Gash","Genetic Algorithm+1"],"picked":"Storm+1","floor":30},{"not_picked":["Rebound+1","Turbo","Coolheaded"],"picked":"SKIP","floor":31},{"not_picked":["All For One","Reboot"],"picked":"Seek","floor":33},{"not_picked":["Compile Driver+1"],"picked":"SKIP","floor":35},{"not_picked":["Rebound+1"],"picked":"SKIP","floor":36},{"not_picked":["FTL+1"],"picked":"SKIP","floor":41},{"not_picked":[],"picked":"Storm+1","floor":44},{"not_picked":[],"picked":"Conserve Battery+1","floor":45},{"not_picked":["Cold Snap"],"picked":"SKIP","floor":46},{"not_picked":[],"picked":"Doom and Gloom","floor":47},{"not_picked":["Scrape+1"],"picked":"SKIP","floor":48}],"player_experience":18415,"relics_obtained":[{"floor":7,"key":"Matryoshka"},{"floor":9,"key":"Frozen Egg 2"},{"floor":9,"key":"Incense Burner"},{"floor":23,"key":"MawBank"},{"floor":25,"key":"Mango"},{"floor":26,"key":"Juzu Bracelet"},{"floor":28,"key":"Dream Catcher"},{"floor":30,"key":"Ornamental Fan"},{"floor":41,"key":"Shuriken"},{"floor":42,"key":"Pantograph"},{"floor":43,"key":"Thread and Needle"},{"floor":45,"key":"Pocketwatch"},{"floor":47,"key":"Bottled Tornado"}],"event_choices":[{"damage_healed":0.0,"max_hp_gain":0.0,"max_hp_loss":0.0,"gold_gain":0.0,"event_name":"Liars Game","player_choice":"Ignored","floor":2.0,"gold_loss":0.0,"damage_taken":0.0},{"damage_healed":0,"gold_gain":0,"player_choice":"Obtained Relic","damage_taken":0,"relics_obtained":["Nunchaku"],"max_hp_gain":0,"max_hp_loss":0,"event_name":"Addict","floor":19,"gold_loss":85},{"damage_healed":0,"gold_gain":0,"player_choice":"Simplicity","damage_taken":0,"max_hp_gain":0,"max_hp_loss":0,"event_name":"Back to Basics","floor":21,"gold_loss":0,"cards_upgraded":["Strike_B","Strike_B","Strike_B","Strike_B","Defend_B","Defend_B","Defend_B","Defend_B"]},{"damage_healed":0,"gold_gain":0,"player_choice":"Ignored","damage_taken":0,"max_hp_gain":0,"max_hp_loss":0,"event_name":"Beggar","floor":22,"gold_loss":0},{"damage_healed":0,"gold_gain":0,"player_choice":"CARD ","damage_taken":16,"max_hp_gain":0,"max_hp_loss":0,"event_name":"Knowing Skull","floor":27,"potions_obtained":[],"gold_loss":0,"cards_obtained":["Dramatic Entrance"]},{"damage_healed":0,"gold_gain":0,"player_choice":"Read","damage_taken":0,"max_hp_gain":0,"max_hp_loss":0,"event_name":"The Library","floor":29,"gold_loss":0,"cards_obtained":["Defragment"]},{"damage_healed":0,"gold_gain":0,"player_choice":"Max HP","damage_taken":0,"max_hp_gain":0,"max_hp_loss":4,"event_name":"Winding Halls","floor":37,"gold_loss":0},{"cards_removed":["Strike_B"],"damage_healed":0,"gold_gain":0,"player_choice":"Removed Attack","damage_taken":0,"max_hp_gain":0,"max_hp_loss":0,"event_name":"Falling","floor":38,"gold_loss":0},{"damage_healed":0,"gold_gain":0,"player_choice":"Paid","damage_taken":0,"relics_obtained":["Red Mask"],"max_hp_gain":0,"max_hp_loss":0,"event_name":"Tomb of Lord Red Mask","floor":39,"gold_loss":0}],"is_beta":false,"boss_relics":[{"not_picked":["Inserter","Nuclear Battery"],"picked":"Ectoplasm"},{"not_picked":["Astrolabe","Coffee Dripper"],"picked":"Busted Crown"}],"items_purged_floors":[],"is_endless":false,"potions_floor_spawned":[11,16,25,31,33,35,36,46],"ascension_level":1}