{"gold_per_floor":[110,126,141,61,78,78,78,78,78,78,26,51,62,62,62,167,167,177,276,276,95,106,106,134,134],"floor_reached":25,"playtime":1846,"items_purged":[],"score":230,"play_id":"1983a4b0-1f94-4de0-ab22-f2ab9d880891","local_time":"20190130003607","is_ascension_mode":true,"campfire_choices":[{"data":"Gash","floor":8,"key":"SMITH"},{"data":"Hologram","floor":10,"key":"SMITH"},{"data":"Ball Lightning","floor":15,"key":"SMITH"},{"data":"Fission","floor":23,"key":"SMITH"}],"neow_cost":"NONE","seed_source_timestamp":1274367943416200,"circlet_count":0,"master_deck":["Zap","Dualcast","Gash+1","Ball Lightning+1","Hologram+1","FTL","Steam","Doom and Gloom","Streamline","Core Surge","Beam Cell","Fission+1","Static Discharge","Compile Driver","Ball Lightning","Recycle","Hello World","Hello World","Melter","Rebound","Auto Shields"],"relics":["Cracked Core","Meat on the Bone","Lantern","Pandora\u0027s Box","Bag of Preparation","Happy Flower"],"potions_floor_usage":[22,22,24],"damage_taken":[{"damage":2,"enemies":"Small Slimes","floor":1,"turns":3},{"damage":1,"enemies":"Cultist","floor":2,"turns":4},{"damage":6,"enemies":"Jaw Worm","floor":3,"turns":2},{"damage":8,"enemies":"2 Fungi Beasts","floor":5,"turns":3},{"damage":11,"enemies":"Lagavulin","floor":12,"turns":5},{"damage":7,"enemies":"Blue Slaver","floor":13,"turns":3},{"damage":27,"enemies":"Slime Boss","floor":16,"turns":7},{"damage":21,"enemies":"Shell Parasite","floor":18,"turns":4},{"damage":3,"enemies":"3 Byrds","floor":22,"turns":4},{"damage":56,"enemies":"Gremlin Leader","floor":24,"turns":6},{"damage":15,"enemies":"Centurion and Healer","floor":25,"turns":4}],"seed_played":"-5751108059468698811","potions_obtained":[{"floor":5,"key":"SneckoOil"},{"floor":13,"key":"Swift Potion"},{"floor":16,"key":"PowerPotion"},{"floor":22,"key":"GamblersBrew"}],"is_trial":false,"path_per_floor":["M","M","M","$","M","?","?","R","T","R","$","E","M","?","R","B",null,"M","?","?","$","M","R","E","M"],"character_chosen":"DEFECT","items_purchased":["FTL","Streamline","Bag of Preparation","Rebound"],"campfire_rested":0,"item_purchase_floors":[4,11,21,21],"current_hp_per_floor":[80,79,73,73,65,58,58,58,58,58,58,47,52,52,52,37,82,61,61,61,61,58,58,14,0],"gold":134,"neow_bonus":"TEN_PERCENT_HP_BONUS","is_prod":false,"is_daily":false,"chose_seed":false,"campfire_upgraded":4,"win_rate":0,"timestamp":1548826567,"path_taken":["M","M","M","$","M","?","?","R","T","R","$","E","?","?","R","BOSS","M","?","?","$","M","R","E","M"],"build_version":"2019-01-23","purchased_purges":0,"victory":false,"max_hp_per_floor":[82,82,82,82,82,82,82,82,82,82,82,82,82,82,82,82,82,82,82,82,82,82,82,82,82],"card_choices":[{"not_picked":["Redo","Hologram"],"picked":"Gash","floor":1},{"not_picked":["Barrage","Cold Snap"],"picked":"Ball Lightning","floor":2},{"not_picked":["Tempest","Reprogram"],"picked":"Hologram","floor":3},{"not_picked":["Chaos","Streamline"],"picked":"Steam","floor":5},{"not_picked":["Rip and Tear","Glacier"],"picked":"Core Surge","floor":12},{"not_picked":["Barrage","Darkness"],"picked":"Beam Cell","floor":13},{"not_picked":["Meteor Strike","Biased Cognition"],"picked":"Fission","floor":16},{"not_picked":["Conserve Battery+1","Leap"],"picked":"Melter","floor":18},{"not_picked":["Cold Snap","Ball Lightning+1","Coolheaded"],"picked":"SKIP","floor":22},{"not_picked":["Sweeping Beam","Beam Cell"],"picked":"Auto Shields","floor":24}],"player_experience":98495,"relics_obtained":[{"floor":9,"key":"Meat on the Bone"},{"floor":12,"key":"Lantern"},{"floor":24,"key":"Happy Flower"}],"event_choices":[{"cards_removed":["Strike_B"],"damage_healed":0,"gold_gain":0,"player_choice":"Card Removal","damage_taken":7,"max_hp_gain":0,"max_hp_loss":0,"event_name":"Golden Wing","floor":6,"gold_loss":0},{"damage_healed":0,"gold_gain":0,"cards_transformed":["Strike_B"],"player_choice":"Transformed","damage_taken":0,"max_hp_gain":0,"max_hp_loss":0,"event_name":"Transmorgrifier","floor":7,"gold_loss":0,"cards_obtained":["Doom and Gloom"]},{"damage_healed":0,"gold_gain":0,"player_choice":"Ignored","damage_taken":0,"max_hp_gain":0,"max_hp_loss":0,"event_name":"Liars Game","floor":14,"gold_loss":0},{"damage_healed":0,"gold_gain":99,"player_choice":"Stole From Cult","damage_taken":0,"max_hp_gain":0,"max_hp_loss":0,"event_name":"Nest","floor":19,"gold_loss":0},{"damage_healed":0,"gold_gain":0,"player_choice":"Ignored","damage_taken":0,"max_hp_gain":0,"max_hp_loss":0,"event_name":"Vampires","floor":20,"gold_loss":0}],"is_beta":false,"boss_relics":[{"not_picked":["Calling Bell","Ectoplasm"],"picked":"Pandora\u0027s Box"}],"items_purged_floors":[],"is_endless":false,"potions_floor_spawned":[5,13,16,22],"killed_by":"Centurion and Healer","ascension_level":1}