{"gold_per_floor":[109,109,109,109,128,128,171,96,96,49,49,89,89,50,50,174,174,188,188,202,202,127,158,158,158,158,158,182,182,216,236,236,236],"floor_reached":33,"playtime":1660,"items_purged":["Regret"],"score":374,"play_id":"edad3b2b-1964-4ac6-b7d7-5e0e86c519a7","local_time":"20190128200348","is_ascension_mode":true,"campfire_choices":[{"data":"Zap","floor":6,"key":"SMITH"},{"data":"Gash","floor":11,"key":"SMITH"},{"data":"Leap","floor":13,"key":"SMITH"},{"data":"Gash","floor":15,"key":"SMITH"},{"data":"Dualcast","floor":25,"key":"SMITH"},{"data":"Beam Cell","floor":27,"key":"SMITH"},{"data":"Auto Shields","floor":32,"key":"SMITH"}],"neow_cost":"NONE","seed_source_timestamp":22978196206813,"circlet_count":0,"master_deck":["Strike_B","Strike_B","Defend_B","Defend_B","Defend_B","Defend_B","Zap+1","Dualcast+1","Cold Snap+1","Leap+1","Gash+1","Gash+1","Auto Shields+1","All For One","RitualDagger","Beam Cell+1","Reprogram+1","Steam+1","Cold Snap"],"relics":["Cracked Core","NeowsBlessing","Happy Flower","Golden Idol","Juzu Bracelet","Question Card","DataDisk","Busted Crown","Bird Faced Urn","Meat on the Bone","Pear","Pantograph"],"potions_floor_usage":[12,16,23,31,33],"damage_taken":[{"damage":0,"enemies":"Small Slimes","floor":1,"turns":1},{"damage":0,"enemies":"Jaw Worm","floor":5,"turns":1},{"damage":0,"enemies":"Lagavulin","floor":7,"turns":1},{"damage":28,"enemies":"Gremlin Nob","floor":12,"turns":4},{"damage":20,"enemies":"Hexaghost","floor":16,"turns":10},{"damage":3,"enemies":"3 Byrds","floor":18,"turns":4},{"damage":0,"enemies":"Chosen","floor":20,"turns":5},{"damage":23,"enemies":"Gremlin Leader","floor":23,"turns":6},{"damage":19,"enemies":"Snake Plant","floor":28,"turns":3},{"damage":19,"enemies":"Book of Stabbing","floor":30,"turns":3},{"damage":2,"enemies":"Cultist and Chosen","floor":31,"turns":7},{"damage":85,"enemies":"Champ","floor":33,"turns":12}],"seed_played":"-4107060330052429824","potions_obtained":[{"floor":7,"key":"Poison Potion"},{"floor":12,"key":"Poison Potion"},{"floor":20,"key":"AttackPotion"},{"floor":30,"key":"Ancient Potion"},{"floor":31,"key":"Poison Potion"}],"is_trial":false,"path_per_floor":["M","?","?","?","M","R","E","$","T","$","R","E","R","$","R","B",null,"M","?","M","?","?","E","?","R","T","R","M","?","E","M","R","B"],"character_chosen":"DEFECT","items_purchased":["Gash","Auto Shields"],"campfire_rested":0,"item_purchase_floors":[10,14],"current_hp_per_floor":[75,75,57,57,57,57,57,57,57,57,57,29,29,29,29,9,75,72,66,66,66,66,43,43,43,53,53,46,46,39,49,49,0],"gold":236,"neow_bonus":"THREE_ENEMY_KILL","is_prod":false,"is_daily":false,"chose_seed":false,"campfire_upgraded":7,"win_rate":0,"timestamp":1548702228,"path_taken":["M","?","?","?","?","R","E","$","T","$","R","E","R","?","R","BOSS","M","?","M","?","?","E","?","R","T","R","M","?","E","M","R","BOSS"],"build_version":"2019-01-23","purchased_purges":1,"victory":false,"max_hp_per_floor":[75,75,75,75,75,75,75,75,75,75,75,75,75,75,75,75,75,75,75,75,75,75,75,75,75,85,85,85,85,85,85,85,85],"card_choices":[{"not_picked":["Heatsinks","Leap"],"picked":"Cold Snap","floor":1},{"not_picked":["Barrage","Compile Driver"],"picked":"Leap","floor":5},{"not_picked":["Reprogram","Reinforced Body"],"picked":"Gash","floor":7},{"not_picked":["Tempest","Recycle","Turbo","Barrage"],"picked":"SKIP","floor":12},{"not_picked":["Reboot","Echo Form","Creative AI"],"picked":"All For One","floor":16},{"not_picked":["Storm","Aggregate"],"picked":"SKIP","floor":18},{"not_picked":["Blizzard"],"picked":"Beam Cell","floor":20},{"not_picked":["Hologram+1"],"picked":"Reprogram","floor":23},{"not_picked":["Streamline"],"picked":"Steam+1","floor":28},{"not_picked":["Amplify"],"picked":"Cold Snap","floor":30},{"not_picked":["Auto Shields","Doom and Gloom"],"picked":"SKIP","floor":31}],"player_experience":339803,"relics_obtained":[{"floor":7,"key":"Juzu Bracelet"},{"floor":9,"key":"Question Card"},{"floor":12,"key":"DataDisk"},{"floor":23,"key":"Bird Faced Urn"},{"floor":26,"key":"Pear"},{"floor":30,"key":"Pantograph"}],"event_choices":[{"damage_healed":0,"gold_gain":0,"player_choice":"Box","damage_taken":0,"relics_obtained":["Happy Flower"],"max_hp_gain":0,"max_hp_loss":0,"event_name":"Big Fish","floor":2,"gold_loss":0,"cards_obtained":["Regret"]},{"damage_healed":0,"gold_gain":0,"player_choice":"Take Damage","damage_taken":18,"relics_obtained":["Golden Idol"],"max_hp_gain":0,"max_hp_loss":0,"event_name":"Golden Idol","floor":3,"gold_loss":0},{"damage_healed":0,"gold_gain":0,"player_choice":"Grow","damage_taken":0,"max_hp_gain":0,"max_hp_loss":0,"event_name":"Living Wall","floor":4,"gold_loss":0,"cards_upgraded":["Cold Snap"]},{"damage_healed":0,"gold_gain":0,"player_choice":"Joined the Cult","damage_taken":6,"max_hp_gain":0,"max_hp_loss":0,"event_name":"Nest","floor":19,"gold_loss":0,"cards_obtained":["RitualDagger"]},{"cards_removed":["Strike_B"],"damage_healed":0,"gold_gain":0,"player_choice":"Offered Basic","damage_taken":0,"max_hp_gain":0,"max_hp_loss":0,"event_name":"Bonfire Elementals","floor":21,"gold_loss":0},{"cards_removed":["Strike_B"],"damage_healed":0,"gold_gain":0,"player_choice":"Gave Gold","damage_taken":0,"max_hp_gain":0,"max_hp_loss":0,"event_name":"Beggar","floor":22,"gold_loss":75},{"damage_healed":0,"gold_gain":0,"player_choice":"Opened","damage_taken":0,"relics_obtained":["Meat on the Bone"],"max_hp_gain":0,"max_hp_loss":0,"event_name":"The Mausoleum","floor":24,"gold_loss":0},{"damage_healed":0,"gold_gain":0,"player_choice":"Upgraded","damage_taken":0,"max_hp_gain":0,"max_hp_loss":0,"event_name":"Upgrade Shrine","floor":29,"gold_loss":0,"cards_upgraded":["Reprogram"]}],"is_beta":false,"boss_relics":[{"not_picked":["White Beast Statue","Orrery"],"picked":"Busted Crown"}],"items_purged_floors":[8],"is_endless":false,"potions_floor_spawned":[7,12,20,30,31],"killed_by":"Champ","ascension_level":4}