{"gold_per_floor":[213,229,229,239,32,32,361,361,361,391,391,341,354,429,429,531,561,576,592,592,602,621,651,651,191,217,227,259,291,291,323,323,323],"floor_reached":33,"playtime":2543,"items_purged":["Defend_B"],"score":363,"play_id":"3e7a3231-ecb4-4c6f-a668-582a71a092f4","local_time":"20180628222156","is_ascension_mode":false,"campfire_choices":[{"data":"Apotheosis","floor":6,"key":"SMITH"},{"data":"Ball Lightning","floor":8,"key":"SMITH"},{"data":"Zap","floor":15,"key":"SMITH"},{"data":"Conserve Battery","floor":24,"key":"SMITH"},{"data":"Mind Blast","floor":30,"key":"SMITH"},{"data":"Dualcast","floor":32,"key":"SMITH"}],"neow_cost":"NONE","seed_source_timestamp":28727158118418,"circlet_count":0,"master_deck":["Defend_B","Defend_B","Defend_B+1","Zap+1","Dualcast+1","Leap","Beam Cell","Apotheosis+1","Ball Lightning+1","Scrape","Conserve Battery+1","Core Surge+1","Compile Driver","Go for the Eyes","Bite","Bite","Bite","Bite","Bite","Rebound","Auto Shields+1","Rip and Tear","Mind Blast+1","Self Repair","Turbo"],"relics":["Cracked Core","Old Coin","Meat on the Bone","Dream Catcher","Du-Vu Doll","Tiny House","Bird Faced Urn","Pantograph","Bronze Scales","Red Mask","Boot","Art of War"],"potions_floor_usage":[7,7,7,10,16,19,19,27,27,29,29,33],"damage_taken":[{"damage":5,"enemies":"Small Slimes","floor":1,"turns":3},{"damage":2,"enemies":"2 Louse","floor":2,"turns":3},{"damage":0,"enemies":"Jaw Worm","floor":4,"turns":3},{"damage":2,"enemies":"Lagavulin","floor":7,"turns":5},{"damage":6,"enemies":"Gremlin Nob","floor":10,"turns":3},{"damage":6,"enemies":"2 Fungi Beasts","floor":13,"turns":2},{"damage":3,"enemies":"Slime Boss","floor":16,"turns":8},{"damage":0,"enemies":"Spheric Guardian","floor":18,"turns":3},{"damage":5,"enemies":"2 Thieves","floor":19,"turns":4},{"damage":21,"enemies":"Snecko","floor":21,"turns":6},{"damage":11,"enemies":"Chosen and Byrds","floor":22,"turns":5},{"damage":20,"enemies":"Book of Stabbing","floor":23,"turns":6},{"damage":24,"enemies":"Centurion and Healer","floor":27,"turns":4},{"damage":10,"floor":28,"turns":5},{"damage":30,"enemies":"Slavers","floor":29,"turns":4},{"damage":35,"enemies":"Gremlin Leader","floor":31,"turns":8},{"damage":73,"enemies":"Collector","floor":33,"turns":7}],"seed_played":"2668354839149840823","potions_obtained":[{"floor":2,"key":"FearPotion"},{"floor":4,"key":"EntropicBrew"},{"floor":7,"key":"Regen Potion"},{"floor":17,"key":"AttackPotion"},{"floor":19,"key":"Explosive Potion"},{"floor":27,"key":"Ancient Potion"},{"floor":28,"key":"Regen Potion"},{"floor":31,"key":"Poison Potion"}],"is_trial":false,"path_per_floor":["M","M","?","M","$","R","E","R","T","E","?","?","M","?","R","B",null,"M","M","?","M","M","E","R","$","T","M","?","E","R","E","R"],"character_chosen":"DEFECT","items_purchased":["Apotheosis","Pantograph","Mind Blast","PowerPotion"],"campfire_rested":0,"item_purchase_floors":[5,25,25,25],"current_hp_per_floor":[70,68,53,53,53,53,65,65,65,68,61,61,55,44,44,41,80,80,75,56,44,44,34,34,34,34,29,29,41,41,35,35,0],"gold":323,"neow_bonus":"HUNDRED_GOLD","is_prod":false,"is_daily":false,"chose_seed":false,"campfire_upgraded":6,"win_rate":0,"timestamp":1530217316,"path_taken":["M","M","?","M","$","R","E","R","T","E","?","?","M","?","R","BOSS","M","M","?","M","M","E","R","$","T","M","?","E","R","E","R","BOSS"],"build_version":"2018-06-21v2","purchased_purges":1,"victory":false,"max_hp_per_floor":[75,75,75,75,75,75,75,75,75,75,75,75,75,75,75,75,80,80,80,56,56,56,56,56,56,56,56,56,56,56,56,56,56],"card_choices":[{"not_picked":["Streamline","Hologram","Ball Lightning"],"picked":"SKIP","floor":1},{"not_picked":["Force Field","Beam Cell"],"picked":"Leap","floor":2},{"not_picked":["Compile Driver","BootSequence"],"picked":"Beam Cell","floor":4},{"not_picked":["Steam","Leap"],"picked":"Ball Lightning","floor":7},{"not_picked":["Stack","Barrage"],"picked":"Scrape","floor":10},{"not_picked":["Cold Snap","Go for the Eyes"],"picked":"Conserve Battery","floor":13},{"not_picked":["Creative AI","Meteor Strike"],"picked":"Core Surge","floor":16},{"not_picked":["Doom and Gloom","Consume"],"picked":"Compile Driver","floor":17},{"not_picked":["Hologram","Reprogram"],"picked":"Go for the Eyes","floor":18},{"not_picked":["Stack+1","Chill","Reprogram+1"],"picked":"SKIP","floor":19},{"not_picked":["Force Field+1","Redo+1"],"picked":"Rebound","floor":21},{"not_picked":["Steam","Barrage"],"picked":"Auto Shields+1","floor":22},{"not_picked":["Go for the Eyes","Barrage"],"picked":"Rip and Tear","floor":23},{"not_picked":["Blizzard+1","Fusion","Leap"],"picked":"SKIP","floor":27},{"not_picked":["Static Discharge","Blizzard"],"picked":"Self Repair","floor":28},{"not_picked":["Defragment","Rip and Tear","Reboot"],"picked":"SKIP","floor":29},{"not_picked":["Steam","Reboot"],"picked":"Turbo","floor":31}],"player_experience":220246,"relics_obtained":[{"floor":7,"key":"Old Coin"},{"floor":9,"key":"Meat on the Bone"},{"floor":10,"key":"Dream Catcher"},{"floor":23,"key":"Bird Faced Urn"},{"floor":26,"key":"Bronze Scales"},{"floor":28,"key":"Red Mask"},{"floor":29,"key":"Boot"},{"floor":31,"key":"Art of War"}],"event_choices":[{"event_name":"Shining Light","player_choice":"Entered Light","floor":3,"damage_taken":0},{"event_name":"Scrap Ooze","player_choice":"success","floor":11,"damage_taken":7},{"event_name":"The Cleric","player_choice":"Card Removal","floor":12,"damage_taken":0},{"event_name":"World of Goop","player_choice":"Gather Gold","floor":14,"damage_taken":0},{"event_name":"Vampires","player_choice":"Became a vampire","floor":20,"damage_taken":0},{"event_name":"Masked Bandits","player_choice":"Fought over 227 gold","floor":28,"damage_taken":0}],"boss_relics":[{"not_picked":["Runic Dome","Lizard Tail"],"picked":"Tiny House"}],"items_purged_floors":[25],"is_endless":false,"potions_floor_spawned":[2,4,7,19,27,28,31],"killed_by":"Collector","ascension_level":0}