{"gold_per_floor":[110,110,130,150,150,191,204,204],"floor_reached":8,"playtime":267,"items_purged":[],"score":87,"play_id":"359361cf-b6e4-4f36-83a7-1c2ec4ad4287","local_time":"20181103120908","is_ascension_mode":true,"campfire_choices":[],"neow_cost":"NONE","seed_source_timestamp":513450917397830,"circlet_count":0,"master_deck":["AscendersBane","Strike_B","Strike_B","Strike_B","Strike_B","Defend_B","Defend_B","Defend_B","Defend_B","Zap","Dualcast","Doom and Gloom","Hologram","Rip and Tear","Leap","Steam","FTL","Turbo","Auto Shields"],"relics":["Cracked Core","Golden Idol","Pen Nib"],"potions_floor_usage":[],"damage_taken":[{"damage":0,"enemies":"2 Louse","floor":1,"turns":2},{"damage":6,"enemies":"Cultist","floor":3,"turns":3},{"damage":4,"enemies":"Small Slimes","floor":4,"turns":3},{"damage":31,"enemies":"Gremlin Nob","floor":6,"turns":5},{"damage":23,"enemies":"Gremlin Gang","floor":7,"turns":4},{"damage":11,"enemies":"Lagavulin","floor":8,"turns":2}],"seed_played":"4827038789459084045","potions_obtained":[{"floor":3,"key":"Block Potion"},{"floor":6,"key":"EntropicBrew"}],"is_trial":false,"path_per_floor":["M","?","M","M","?","E","M","E"],"character_chosen":"DEFECT","items_purchased":[],"campfire_rested":0,"item_purchase_floors":[],"current_hp_per_floor":[68,68,62,58,58,27,4,0],"gold":204,"neow_bonus":"THREE_CARDS","is_prod":false,"is_daily":false,"chose_seed":false,"campfire_upgraded":0,"win_rate":0,"timestamp":1541243348,"path_taken":["M","?","?","M","?","E","M","E"],"build_version":"2018-11-02","purchased_purges":0,"victory":false,"max_hp_per_floor":[75,75,75,75,69,69,69,69],"card_choices":[{"not_picked":["Turbo","Loop"],"picked":"Doom and Gloom","floor":0},{"not_picked":["Turbo","Barrage"],"picked":"Hologram","floor":1},{"not_picked":["Coolheaded","Scrape"],"picked":"Steam","floor":3},{"not_picked":["Hologram","Streamline"],"picked":"FTL","floor":4},{"not_picked":["Storm","Seek"],"picked":"Turbo","floor":6},{"not_picked":["Rebound","Sweeping Beam"],"picked":"Auto Shields","floor":7}],"player_experience":480258,"relics_obtained":[{"floor":6,"key":"Pen Nib"}],"event_choices":[{"damage_healed":0,"gold_gain":0,"player_choice":"2 cards matched","damage_taken":0,"max_hp_gain":0,"max_hp_loss":0,"event_name":"Match and Keep!","floor":2,"gold_loss":0,"cards_obtained":["Rip and Tear","Leap"]},{"damage_healed":0,"gold_gain":0,"player_choice":"Lose Max HP","damage_taken":0,"relics_obtained":["Golden Idol"],"max_hp_gain":0,"max_hp_loss":6,"event_name":"Golden Idol","floor":5,"gold_loss":0}],"is_beta":true,"boss_relics":[],"items_purged_floors":[],"is_endless":false,"potions_floor_spawned":[3,6],"killed_by":"Lagavulin","ascension_level":10}