{"gold_per_floor":[110,110,110,110,135,135,174,174,174,193,193,207,231,231,231,356,356,370,19,19,33,52,52],"floor_reached":23,"playtime":1424,"items_purged":[],"score":220,"play_id":"99908354-6757-4b44-854b-5d7433380fee","local_time":"20180708193810","is_ascension_mode":true,"campfire_choices":[{"data":"Zap","floor":6,"key":"SMITH"},{"floor":8,"key":"REST"},{"data":"Loop","floor":11,"key":"SMITH"},{"data":"Consume","floor":15,"key":"SMITH"}],"neow_cost":"TEN_PERCENT_HP_LOSS","seed_source_timestamp":1270726631431,"circlet_count":0,"master_deck":["Strike_B+1","Strike_B+1","Defend_B+1","Defend_B+1","Defend_B+1","Zap+1","Dualcast","Turbo","Injury","Skim","Loop+1","Consume+1","All For One","Steam Power","Secret Weapon","Beam Cell","Melter+1"],"relics":["Cracked Core","Boot","Golden Idol","Shuriken","Meat on the Bone","Cursed Key","Oddly Smooth Stone"],"potions_floor_usage":[16,16,18,23,23],"damage_taken":[{"damage":9,"enemies":"Jaw Worm","floor":1,"turns":3},{"damage":0,"enemies":"Small Slimes","floor":5,"turns":3},{"damage":31,"enemies":"Lagavulin","floor":7,"turns":6},{"damage":1,"enemies":"Cultist","floor":10,"turns":3},{"damage":13,"enemies":"3 Louse","floor":12,"turns":4},{"damage":17,"enemies":"Lots of Slimes","floor":13,"turns":3},{"damage":33,"enemies":"Hexaghost","floor":16,"turns":8},{"damage":1,"enemies":"Spheric Guardian","floor":18,"turns":3},{"damage":20,"enemies":"3 Byrds","floor":21,"turns":3},{"damage":24,"enemies":"Sentry and Sphere","floor":22,"turns":4},{"damage":44,"enemies":"Gremlin Leader","floor":23,"turns":4}],"seed_played":"134329585055790167","potions_obtained":[{"floor":12,"key":"Fire Potion"},{"floor":13,"key":"Strength Potion"},{"floor":16,"key":"AttackPotion"},{"floor":21,"key":"Weak Potion"},{"floor":22,"key":"Weak Potion"}],"is_trial":false,"path_per_floor":["M","?","?","?","M","R","E","R","T","M","R","M","M","?","R","B",null,"M","$","?","M","M"],"character_chosen":"DEFECT","items_purchased":["Secret Weapon","Oddly Smooth Stone"],"campfire_rested":1,"item_purchase_floors":[19,19],"current_hp_per_floor":[59,52,52,52,52,52,21,41,41,40,40,39,34,39,39,18,73,72,72,72,52,40,0],"gold":52,"neow_bonus":"REMOVE_TWO","is_prod":false,"is_daily":false,"chose_seed":false,"campfire_upgraded":3,"win_rate":0,"timestamp":1531071490,"path_taken":["M","?","?","?","M","R","E","R","T","M","R","?","M","?","R","BOSS","M","$","?","?","M","E"],"build_version":"2018-07-05","purchased_purges":0,"victory":false,"max_hp_per_floor":[68,68,68,68,68,68,68,68,68,68,68,68,68,73,73,73,73,73,73,73,73,73,73],"card_choices":[{"not_picked":["Hologram","Cold Snap"],"picked":"Turbo","floor":1},{"not_picked":["Storm","Consume"],"picked":"Skim","floor":5},{"not_picked":["Cold Snap","Barrage","Static Discharge"],"picked":"SKIP","floor":7},{"not_picked":["Auto Shields","Consume"],"picked":"Loop","floor":10},{"not_picked":["Auto Shields","Heatsinks"],"picked":"Consume","floor":12},{"not_picked":["Melter","Undo","FTL"],"picked":"SKIP","floor":13},{"not_picked":["Meteor Strike","Hyperbeam"],"picked":"All For One","floor":16},{"not_picked":["Sweeping Beam","Leap"],"picked":"Steam Power","floor":18},{"not_picked":["Lockon","Blizzard"],"picked":"Beam Cell","floor":21},{"not_picked":["Coolheaded","Stack"],"picked":"Melter+1","floor":22}],"player_experience":286122,"relics_obtained":[{"floor":7,"key":"Shuriken"},{"floor":9,"key":"Meat on the Bone"}],"event_choices":[{"event_name":"Scrap Ooze","player_choice":"success","floor":2,"damage_taken":7},{"event_name":"Wheel of Change","player_choice":"Card Removal","floor":3,"damage_taken":0},{"event_name":"Golden Idol","player_choice":"Take Wound","floor":4,"damage_taken":0},{"event_name":"Big Fish","player_choice":"Donut","floor":14,"damage_taken":0},{"event_name":"Back to Basics","player_choice":"Simplicity","floor":20,"damage_taken":0}],"boss_relics":[{"not_picked":["Inserter","Orrery"],"picked":"Cursed Key"}],"items_purged_floors":[],"is_endless":false,"potions_floor_spawned":[12,13,16,21,22],"killed_by":"Gremlin Leader","ascension_level":3}