{"gold_per_floor":[112,125,13,13,29,61,61,95,118,118,133,133,133,133,133,133],"floor_reached":16,"playtime":441,"items_purged":["Strike_B"],"score":157,"play_id":"7f604de5-6ae5-427b-90cb-01db6b373f9d","local_time":"20190204092747","is_ascension_mode":true,"campfire_choices":[{"data":"Capacitor","floor":7,"key":"SMITH"},{"data":"Sweeping Beam","floor":10,"key":"SMITH"},{"floor":15,"key":"REST"}],"neow_cost":"NONE","seed_source_timestamp":775559998814,"circlet_count":0,"master_deck":["Strike_B","Strike_B","Strike_B","Defend_B","Defend_B","Defend_B","Defend_B","Zap+1","Dualcast","Cold Snap","Cold Snap","Capacitor+1","Cold Snap","Sweeping Beam+1","Conserve Battery+1","Rebound","Chill"],"relics":["Cracked Core","NeowsBlessing","Dream Catcher","PreservedInsect","Happy Flower","Blue Candle"],"potions_floor_usage":[8],"damage_taken":[{"damage":0,"enemies":"Jaw Worm","floor":1,"turns":1},{"damage":0,"enemies":"Cultist","floor":2,"turns":1},{"damage":0,"enemies":"Small Slimes","floor":5,"turns":1},{"damage":24,"enemies":"Gremlin Nob","floor":6,"turns":5},{"damage":30,"enemies":"3 Sentries","floor":8,"turns":12},{"damage":6,"enemies":"Looter","floor":11,"turns":3},{"damage":23,"enemies":"Slime Boss","floor":16,"turns":5}],"seed_played":"-998834250540506474","potions_obtained":[{"floor":5,"key":"Energy Potion"},{"floor":6,"key":"SkillPotion"},{"floor":11,"key":"FocusPotion"}],"is_trial":false,"path_per_floor":["M","M","$","?","M","E","R","E","T","R","M","?","?","?","R","B"],"character_chosen":"DEFECT","items_purchased":["Capacitor"],"campfire_rested":1,"item_purchase_floors":[3],"current_hp_per_floor":[68,68,68,68,68,44,44,14,14,14,8,1,1,1,23,0],"gold":133,"neow_bonus":"THREE_ENEMY_KILL","is_prod":false,"is_daily":false,"chose_seed":false,"campfire_upgraded":2,"win_rate":0,"timestamp":1549250867,"path_taken":["M","M","$","?","?","E","R","E","T","R","M","?","?","?","R","BOSS"],"build_version":"2019-01-23","purchased_purges":1,"victory":false,"max_hp_per_floor":[75,75,75,75,75,75,75,75,75,75,75,75,75,75,75,75],"card_choices":[{"not_picked":["Compile Driver","Redo"],"picked":"Cold Snap","floor":1},{"not_picked":["Redo","Force Field"],"picked":"Cold Snap","floor":2},{"not_picked":["Streamline","Tempest"],"picked":"Cold Snap","floor":5},{"not_picked":["Stack","Hologram"],"picked":"Sweeping Beam","floor":6},{"not_picked":["Multi-Cast","Ball Lightning"],"picked":"Conserve Battery","floor":8},{"not_picked":["Rip and Tear","Recycle"],"picked":"Rebound","floor":11},{"not_picked":["Reinforced Body","Gash"],"picked":"Chill","floor":15}],"player_experience":713577,"relics_obtained":[{"floor":6,"key":"Dream Catcher"},{"floor":8,"key":"PreservedInsect"},{"floor":9,"key":"Happy Flower"}],"event_choices":[{"damage_healed":0,"gold_gain":0,"player_choice":"Forge","damage_taken":0,"max_hp_gain":0,"max_hp_loss":0,"event_name":"Accursed Blacksmith","floor":4,"gold_loss":0,"cards_upgraded":["Zap"]},{"damage_healed":0,"gold_gain":0,"player_choice":"Success","damage_taken":7,"relics_obtained":["Blue Candle"],"max_hp_gain":0,"max_hp_loss":0,"event_name":"Scrap Ooze","floor":12,"gold_loss":0},{"damage_healed":0,"gold_gain":0,"player_choice":"Ignored","damage_taken":0,"max_hp_gain":0,"max_hp_loss":0,"event_name":"Golden Idol","floor":13,"gold_loss":0},{"damage_healed":0,"gold_gain":0,"player_choice":"Upgraded","damage_taken":0,"max_hp_gain":0,"max_hp_loss":0,"event_name":"Upgrade Shrine","floor":14,"gold_loss":0,"cards_upgraded":["Conserve Battery"]}],"is_beta":false,"boss_relics":[],"items_purged_floors":[3],"is_endless":false,"potions_floor_spawned":[5,6,11],"killed_by":"Slime Boss","ascension_level":9}