{"gold_per_floor":[219,230,240,240,259,284,284,297,297,397,397,428,428,448,448,553,553,563,478,13,13,30,55,55,55,123,154,167,22,22,32,32,136,136,152,52,65,78,78,112,8,8,35,61,78,78,78,97,97,97],"floor_reached":51,"playtime":2738,"items_purged":["Strike_R","Strike_R"],"score":894,"play_id":"b99b48b2-317f-48d4-987d-9c2b4e7a44ec","local_time":"20180701125151","is_ascension_mode":true,"campfire_choices":[{"data":"Twin Strike","floor":11.0,"key":"SMITH"},{"data":"Thunderclap","floor":13.0,"key":"SMITH"},{"data":"Cleave","floor":15.0,"key":"SMITH"},{"data":"Flex","floor":24.0,"key":"SMITH"},{"data":"Dropkick","floor":32.0,"key":"SMITH"},{"data":"Limit Break","floor":42.0,"key":"SMITH"},{"floor":46.0,"key":"REST"},{"floor":49.0,"key":"REST"}],"neow_cost":"","seed_source_timestamp":0,"circlet_count":0,"master_deck":["Strike_R+1","Strike_R+1","Defend_R+1","Defend_R+1","Defend_R+1","Defend_R+1","Bash+1","Inflame+1","Thunderclap+1","Twin Strike+1","Dropkick+1","Flex+1","Cleave+1","RitualDagger+1","Clothesline+1","Whirlwind+1","Dropkick+1","Shockwave+1","Barricade+1","Feed+1","Limit Break+1","Inflame+1","Rampage+1","Writhe","Heavy Blade+1"],"special_seed":0,"relics":["Burning Blood","Pear","Gremlin Horn","Paper Frog","Ancient Tea Set","Eternal Feather","Art of War","Kunai","Oddly Smooth Stone","Molten Egg 2","Meat on the Bone","Shuriken","Lantern","Philosopher\u0027s Stone","Bag of Marbles","Potion Belt","Juzu Bracelet","Mark of the Bloom"],"potions_floor_usage":[50,50],"damage_taken":[{"damage":7.0,"enemies":"Small Slimes","floor":1.0,"turns":3.0},{"damage":3.0,"enemies":"2 Louse","floor":2.0,"turns":3.0},{"damage":6.0,"enemies":"Cultist","floor":3.0,"turns":3.0},{"damage":12.0,"enemies":"3 Louse","floor":5.0,"turns":3.0},{"damage":18.0,"enemies":"Gremlin Nob","floor":6.0,"turns":3.0},{"damage":0.0,"enemies":"Gremlin Gang","floor":8.0,"turns":2.0},{"damage":17.0,"enemies":"3 Sentries","floor":12.0,"turns":6.0},{"damage":0.0,"enemies":"Looter","floor":14.0,"turns":2.0},{"damage":0.0,"enemies":"Slime Boss","floor":16.0,"turns":3.0},{"damage":30.0,"enemies":"2 Thieves","floor":18.0,"turns":3.0},{"damage":20.0,"enemies":"Spheric Guardian","floor":22.0,"turns":4.0},{"damage":0.0,"enemies":"Gremlin Leader","floor":23.0,"turns":3.0},{"damage":12.0,"enemies":"Slavers","floor":27.0,"turns":3.0},{"damage":20.0,"enemies":"Centurion and Healer","floor":28.0,"turns":3.0},{"damage":16.0,"enemies":"Snake Plant","floor":31.0,"turns":4.0},{"damage":12.0,"enemies":"Champ","floor":33.0,"turns":6.0},{"damage":5.0,"enemies":"3 Darklings","floor":35.0,"turns":3.0},{"damage":12.0,"enemies":"3 Shapes","floor":37.0,"turns":2.0},{"damage":42.0,"enemies":"Maw","floor":38.0,"turns":5.0},{"damage":70.0,"enemies":"Giant Head","floor":40.0,"turns":7.0},{"damage":39.0,"enemies":"2 Orb Walkers","floor":44.0,"turns":3.0},{"damage":0.0,"enemies":"Sphere and 2 Shapes","floor":45.0,"turns":3.0},{"damage":0.0,"enemies":"4 Shapes","floor":48.0,"turns":1.0},{"damage":67,"enemies":"Time Eater","floor":50,"turns":5}],"seed_played":"-5459114479281356749","potions_obtained":[{"floor":1.0,"key":"GamblersBrew"},{"floor":2.0,"key":"FearPotion"},{"floor":5.0,"key":"SkillPotion"},{"floor":12.0,"key":"SkillPotion"},{"floor":16.0,"key":"Swift Potion"},{"floor":22.0,"key":"Energy Potion"},{"floor":27.0,"key":"Ancient Potion"},{"floor":31.0,"key":"PowerPotion"},{"floor":33.0,"key":"Fire Potion"},{"floor":38.0,"key":"LiquidBronze"},{"floor":44.0,"key":"Poison Potion"},{"floor":45.0,"key":"SpeedPotion"},{"floor":48.0,"key":"Energy Potion"}],"is_trial":false,"path_per_floor":["M","M","M","?","M","E","?","M","T","?","R","E","R","M","R","B",null,"M","?","$","?","M","E","R","?","T","E","M","$","?","M","R","B",null,"M","$","M","M","?","E","$","R","T","E","M","R","?","M","R","B"],"character_chosen":"IRONCLAD","items_purchased":["Kunai","Oddly Smooth Stone","Lantern","Fruit Juice"],"campfire_rested":2,"item_purchase_floors":[],"current_hp_per_floor":[79,80,80,78,72,60,60,66,66,66,66,55,55,61,61,67,90,66,66,66,60,46,52,58,58,58,52,50,50,50,52,60,54,90,90,90,88,56,81,29,29,37,37,21,39,77,77,77,77,10],"gold":97,"neow_bonus":"","is_prod":false,"is_daily":false,"chose_seed":false,"campfire_upgraded":6,"win_rate":0,"timestamp":1530442311,"path_taken":["M","M","M","?","M","E","?","M","T","?","R","E","R","M","R","BOSS","M","?","$","?","?","E","R","?","T","E","M","$","?","?","R","BOSS","M","$","M","M","?","E","$","R","T","E","M","R","?","M","R","BOSS"],"build_version":"2018-06-28","purchased_purges":2,"victory":true,"max_hp_per_floor":[80,80,80,90,90,90,90,90,90,90,90,90,90,90,90,90,90,90,90,90,90,90,90,90,90,90,90,90,90,90,90,90,90,90,90,90,94,98,98,98,98,98,98,103,103,103,103,107,107,111],"card_choices":[{"not_picked":["Hemokinesis","Carnage"],"picked":"Inflame","floor":1.0},{"not_picked":["Twin Strike","Battle Trance"],"picked":"Thunderclap","floor":2.0},{"not_picked":["Wild Strike","Second Wind"],"picked":"Twin Strike","floor":3.0},{"not_picked":["Blood for Blood","Clash","Warcry"],"picked":"SKIP","floor":5.0},{"not_picked":["Perfected Strike","Warcry"],"picked":"Dropkick","floor":6.0},{"not_picked":["Twin Strike","True Grit","Searing Blow"],"picked":"SKIP","floor":8.0},{"not_picked":["Ghostly Armor","Fire Breathing"],"picked":"Flex","floor":12.0},{"not_picked":["Metallicize","Hemokinesis"],"picked":"Cleave","floor":14.0},{"not_picked":["Cleave+1","Corruption","True Grit"],"picked":"SKIP","floor":18.0},{"not_picked":["Metallicize+1","Warcry"],"picked":"Clothesline+1","floor":22.0},{"not_picked":["Burning Pact+1","Disarm+1"],"picked":"Whirlwind","floor":23.0},{"not_picked":["Perfected Strike+1","True Grit"],"picked":"Shockwave+1","floor":27.0},{"not_picked":["Havoc","Wild Strike+1","Warcry"],"picked":"SKIP","floor":28.0},{"not_picked":["Pommel Strike+1","Bloodletting+1"],"picked":"Feed+1","floor":31.0},{"not_picked":["Double Tap","Offering"],"picked":"Limit Break","floor":33.0},{"not_picked":["Disarm+1","Perfected Strike+1"],"picked":"Inflame","floor":35.0},{"not_picked":["Power Through+1","Fire Breathing","Warcry"],"picked":"SKIP","floor":37.0},{"not_picked":["Battle Trance+1","Armaments"],"picked":"Rampage+1","floor":38.0},{"not_picked":["Second Wind+1","Anger+1","Headbutt+1"],"picked":"SKIP","floor":40.0},{"not_picked":["Dual Wield+1","Clothesline+1","Clash+1"],"picked":"SKIP","floor":44.0},{"not_picked":["Headbutt+1","Fiend Fire+1","Dropkick+1"],"picked":"SKIP","floor":45.0},{"not_picked":["Clothesline+1","Rampage+1"],"picked":"Heavy Blade+1","floor":48.0}],"player_experience":228987,"relics_obtained":[{"floor":6.0,"key":"Gremlin Horn"},{"floor":9.0,"key":"Paper Frog"},{"floor":12.0,"key":"Ancient Tea Set"},{"floor":23.0,"key":"Molten Egg 2"},{"floor":26.0,"key":"Meat on the Bone"},{"floor":27.0,"key":"Shuriken"},{"floor":40.0,"key":"Bag of Marbles"},{"floor":43.0,"key":"Potion Belt"},{"floor":44.0,"key":"Juzu Bracelet"}],"event_choices":[{"event_name":"Scrap Ooze","player_choice":"success","floor":4.0,"damage_taken":12.0},{"event_name":"Upgrade Shrine","player_choice":"Upgraded","floor":7.0,"damage_taken":0.0},{"event_name":"Wheel of Change","player_choice":"Gold","floor":10.0,"damage_taken":0.0},{"event_name":"Addict","player_choice":"Obtained Relic","floor":19.0,"damage_taken":0.0},{"event_name":"Nest","player_choice":"Joined the Cult","floor":21.0,"damage_taken":0.0},{"event_name":"The Library","player_choice":"Read","floor":25.0,"damage_taken":0.0},{"event_name":"Transmorgrifier","player_choice":"Transform","floor":30.0,"damage_taken":0.0},{"event_name":"Winding Halls","player_choice":"Writhe","floor":39.0,"damage_taken":0.0},{"event_name":"MindBloom","player_choice":"Upgrade","floor":47.0,"damage_taken":0.0}],"boss_relics":[{"not_picked":["Runic Dome","Snecko Eye"],"picked":"Eternal Feather"},{"not_picked":["Busted Crown","Calling Bell"],"picked":"Philosopher\u0027s Stone"}],"items_purged_floors":[],"is_endless":false,"potions_floor_spawned":[1,2,5,12,16,22,27,31,33,38,44,45,48],"ascension_level":1}