{"gold_per_floor":[109,119,119,132,147,182,182,212,212,59,75,93,13,25,25,123,123,138,151,166,166,183,183],"floor_reached":23,"playtime":1336,"items_purged":["Strike_R"],"score":360,"play_id":"4640c153-84a4-4c1c-843a-1982d2a84555","local_time":"20181014095134","is_ascension_mode":true,"campfire_choices":[{"floor":7,"key":"REST"},{"data":"Anger","floor":15,"key":"SMITH"}],"neow_cost":"TEN_PERCENT_HP_LOSS","seed_source_timestamp":350958394934871,"circlet_count":0,"master_deck":["Strike_R","Strike_R","Defend_R","Defend_R","Defend_R","Bash","Inflame","Uppercut","Headbutt","Anger+1","Anger","Whirlwind","Flame Barrier","Pommel Strike","Armaments","Reaper","True Grit"],"special_seed":0,"relics":["Burning Blood","Potion Belt","Du-Vu Doll","Ginger","Runic Pyramid"],"potions_floor_usage":[8,16,18,20],"damage_taken":[{"damage":6.0,"enemies":"2 Louse","floor":1.0,"turns":4.0},{"damage":7,"enemies":"Small Slimes","floor":2,"turns":4},{"damage":6,"enemies":"Cultist","floor":4,"turns":4},{"damage":9,"enemies":"Red Slaver","floor":5,"turns":4},{"damage":47,"enemies":"3 Sentries","floor":6,"turns":7},{"damage":6,"enemies":"Gremlin Nob","floor":8,"turns":3},{"damage":5,"enemies":"Gremlin Gang","floor":11,"turns":2},{"damage":7,"enemies":"Exordium Wildlife","floor":12,"turns":4},{"damage":8,"enemies":"Looter","floor":14,"turns":3},{"damage":0,"enemies":"Slime Boss","floor":16,"turns":5},{"damage":10,"enemies":"Spheric Guardian","floor":18,"turns":5},{"damage":19,"enemies":"Shell Parasite","floor":19,"turns":7},{"damage":36,"enemies":"Shelled Parasite and Fungi","floor":20,"turns":4},{"damage":25,"enemies":"3 Cultists","floor":22,"turns":5},{"damage":41,"enemies":"Gremlin Leader","floor":23,"turns":3}],"seed_played":"1293622049311433554","potions_obtained":[{"floor":2,"key":"SteroidPotion"},{"floor":4,"key":"Weak Potion"},{"floor":8,"key":"Explosive Potion"},{"floor":12,"key":"Block Potion"},{"floor":14,"key":"Energy Potion"},{"floor":18,"key":"GamblersBrew"}],"is_trial":false,"path_per_floor":["M","M","?","M","M","E","R","E","T","$","M","M","$","M","R","B",null,"M","M","M","?","M"],"character_chosen":"IRONCLAD","items_purchased":["Whirlwind","Pommel Strike","Armaments"],"campfire_rested":1,"item_purchase_floors":[10,13,13],"current_hp_per_floor":[72,71,64,64,61,20,41,41,41,41,42,41,41,39,39,45,65,61,48,24,24,17,0],"gold":183,"neow_bonus":"REMOVE_TWO","is_prod":false,"is_daily":false,"chose_seed":false,"campfire_upgraded":1,"win_rate":0,"timestamp":1539503494,"path_taken":["M","M","?","?","M","E","R","E","T","?","M","M","$","M","R","BOSS","M","?","M","?","M","E"],"build_version":"2018-10-11","purchased_purges":1,"victory":false,"max_hp_per_floor":[72,72,72,72,72,72,72,72,72,72,72,72,72,72,72,72,72,72,72,72,72,72,72],"card_choices":[{"not_picked":["Armaments","Uppercut"],"picked":"Inflame","floor":1.0},{"not_picked":["Fire Breathing","Intimidate"],"picked":"Uppercut","floor":2},{"not_picked":["Wild Strike","Reckless Charge"],"picked":"Headbutt","floor":4},{"not_picked":["Carnage","Wild Strike","Twin Strike"],"picked":"SKIP","floor":5},{"not_picked":["Body Slam","Clash"],"picked":"Anger","floor":6},{"not_picked":["Pommel Strike","Metallicize"],"picked":"Anger","floor":8},{"not_picked":["Heavy Blade","Sentinel"],"picked":"Flame Barrier","floor":11},{"not_picked":["Headbutt","Perfected Strike","Combust"],"picked":"SKIP","floor":12},{"not_picked":["Thunderclap","Power Through","Perfected Strike"],"picked":"SKIP","floor":14},{"not_picked":["Exhume","Berserk"],"picked":"Reaper","floor":16},{"not_picked":["Combust+1","Havoc","Clothesline"],"picked":"SKIP","floor":18},{"not_picked":["Wild Strike","Metallicize"],"picked":"True Grit","floor":19},{"not_picked":["Uppercut","Headbutt","Spot Weakness"],"picked":"SKIP","floor":20},{"not_picked":["Anger","Clash","Bludgeon"],"picked":"SKIP","floor":22}],"player_experience":223757,"relics_obtained":[{"floor":6,"key":"Potion Belt"},{"floor":8,"key":"Du-Vu Doll"},{"floor":9,"key":"Ginger"}],"event_choices":[{"event_name":"Golden Wing","player_choice":"Card Removal","floor":3,"damage_taken":0},{"event_name":"Cursed Tome","player_choice":"Ignored","floor":21,"damage_taken":0}],"is_beta":true,"boss_relics":[{"not_picked":["Snecko Eye","Eternal Feather"],"picked":"Runic Pyramid"}],"items_purged_floors":[10],"is_endless":false,"potions_floor_spawned":[2,4,8,12,14,18],"killed_by":"Gremlin Leader","ascension_level":8}