{"gold_per_floor":[115,65,65,90,15,58,58,82,82,82,82,121,137,156,156,286,286,301,315,315,315,240,240,250,250,250,264,264,290,189,215,215,315,315,335,335,354,368,388,415,279,305,331,342,342,396,424,439,439,439],"floor_reached":51,"playtime":3332,"items_purged":["Strike_R","Strike_R"],"score":795,"play_id":"c25631ce-2438-4914-a5bf-71661c4e7157","local_time":"20180922233428","is_ascension_mode":true,"campfire_choices":[{"data":"Heavy Blade","floor":7,"key":"SMITH"},{"data":"Shrug It Off","floor":11,"key":"SMITH"},{"data":"Flex","floor":15,"key":"SMITH"},{"data":"Flame Barrier","floor":23,"key":"SMITH"},{"data":"Limit Break","floor":25,"key":"SMITH"},{"data":"Flex","floor":32,"key":"SMITH"},{"data":"Strike_R","floor":49,"key":"PURGE"}],"neow_cost":"","seed_source_timestamp":789847063332239,"circlet_count":0,"master_deck":["Defend_R","Defend_R","Defend_R","Defend_R","Bash","Heavy Blade+1","Cleave","Shrug It Off+1","Twin Strike","Flex+1","Twin Strike","Thunderclap","Limit Break+1","Flame Barrier+1","Armaments+1","Shrug It Off+1","Flex+1","Shrug It Off+1","Iron Wave+1","Flex+1","Warcry","Whirlwind","Sword Boomerang+1","Flame Barrier+1","Flame Barrier","Ghostly Armor"],"relics":["Burning Blood","Bloody Idol","Orichalcum","Torii","Charon\u0027s Ashes","Du-Vu Doll","Coffee Dripper","NlothsMask","Nunchaku","Question Card","Fusion Hammer","Peace Pipe","Gremlin Horn","Centennial Puzzle","Potion Belt","Thread and Needle","Ginger"],"potions_floor_usage":[6,29,29,40,48,50,50,50,50],"damage_taken":[{"damage":0,"enemies":"Small Slimes","floor":1,"turns":4},{"damage":8,"enemies":"Gremlin Nob","floor":6,"turns":4},{"damage":0,"enemies":"2 Louse","floor":8,"turns":3},{"damage":10,"enemies":"3 Sentries","floor":12,"turns":5},{"damage":0,"enemies":"Jaw Worm","floor":13,"turns":2},{"damage":3,"enemies":"3 Louse","floor":14,"turns":3},{"damage":35,"enemies":"The Guardian","floor":16,"turns":12},{"damage":1,"enemies":"Chosen","floor":18,"turns":2},{"damage":0,"enemies":"3 Byrds","floor":19,"turns":4},{"damage":1,"enemies":"Snecko","floor":24,"turns":4},{"damage":16,"enemies":"Chosen and Byrds","floor":27,"turns":6},{"damage":8,"enemies":"Slavers","floor":29,"turns":5},{"damage":34,"enemies":"Book of Stabbing","floor":31,"turns":6},{"damage":35,"enemies":"Automaton","floor":33,"turns":8},{"damage":13,"enemies":"Orb Walker","floor":35,"turns":4},{"damage":0,"enemies":"Mind Bloom Boss Battle","floor":36,"turns":6},{"damage":10,"enemies":"3 Darklings","floor":37,"turns":5},{"damage":10,"enemies":"Jaw Worm Horde","floor":38,"turns":4},{"damage":15,"enemies":"4 Shapes","floor":39,"turns":4},{"damage":1,"enemies":"Nemesis","floor":40,"turns":9},{"damage":27,"enemies":"2 Orb Walkers","floor":42,"turns":5},{"damage":6,"enemies":"3 Darklings","floor":44,"turns":4},{"damage":15,"enemies":"Mysterious Sphere","floor":46,"turns":3},{"damage":53,"enemies":"Nemesis","floor":47,"turns":7},{"damage":1,"enemies":"Spire Growth","floor":48,"turns":4},{"damage":32,"enemies":"Awakened One","floor":50,"turns":13}],"seed_played":"-753974424511713417","potions_obtained":[{"floor":1,"key":"AttackPotion"},{"floor":6,"key":"BloodPotion"},{"floor":16,"key":"FearPotion"},{"floor":24,"key":"Strength Potion"},{"floor":27,"key":"Fire Potion"},{"floor":29,"key":"SpeedPotion"},{"floor":36,"key":"LiquidBronze"},{"floor":38,"key":"PowerPotion"},{"floor":42,"key":"SpeedPotion"},{"floor":44,"key":"LiquidBronze"},{"floor":47,"key":"SkillPotion"}],"is_trial":false,"path_per_floor":["M","?","?","T","$","E","R","M","T","?","R","E","M","M","R","B",null,"M","M","?","?","?","R","M","R","T","M","?","E","$","E","R","B",null,"M","?","M","M","M","E","$","E","T","M","?","?","E","M","R","B"],"character_chosen":"IRONCLAD","items_purchased":["Cleave","Shrug It Off","Flex","Whirlwind"],"campfire_rested":0,"item_purchase_floors":[5,5,30,41],"current_hp_per_floor":[80,80,60,60,60,58,58,64,64,69,69,65,71,74,74,45,85,85,85,85,85,85,85,85,85,85,80,80,83,83,60,60,36,85,83,85,85,85,81,85,85,69,74,79,79,75,33,43,43,17],"gold":439,"neow_bonus":"","is_prod":false,"is_daily":false,"chose_seed":false,"campfire_upgraded":6,"win_rate":0,"timestamp":1537652068,"path_taken":["M","?","?","?","$","E","R","M","T","?","R","E","M","M","R","BOSS","M","M","?","?","?","R","M","R","T","M","?","E","$","E","R","BOSS","M","?","M","M","?","E","$","E","T","M","?","?","E","M","R","BOSS"],"build_version":"2018-09-20","purchased_purges":2,"victory":true,"max_hp_per_floor":[80,80,80,80,80,80,80,80,80,85,85,85,85,85,85,85,85,85,85,85,85,85,85,85,85,85,85,85,85,85,85,85,85,85,85,85,85,85,85,85,85,85,85,85,85,85,85,85,85,85],"card_choices":[{"not_picked":["Sever Soul","Power Through"],"picked":"Heavy Blade","floor":1},{"not_picked":["Uppercut","Flame Barrier"],"picked":"Twin Strike","floor":6},{"not_picked":["Ghostly Armor","Iron Wave"],"picked":"Flex","floor":8},{"not_picked":["Cleave","Clash"],"picked":"Twin Strike","floor":12},{"not_picked":["Clothesline","Pommel Strike","Hemokinesis"],"picked":"SKIP","floor":13},{"not_picked":["Rampage","Wild Strike"],"picked":"Thunderclap","floor":14},{"not_picked":["Feed","Immolate"],"picked":"Limit Break","floor":16},{"not_picked":["Perfected Strike","Searing Blow"],"picked":"Flame Barrier","floor":18},{"not_picked":["Intimidate+1","Spot Weakness"],"picked":"Armaments+1","floor":19},{"not_picked":["Uppercut+1","Hemokinesis","Searing Blow+1"],"picked":"SKIP","floor":24},{"not_picked":["Perfected Strike","Wild Strike+1"],"picked":"Shrug It Off+1","floor":27},{"not_picked":["Headbutt","Heavy Blade+1","Burning Pact"],"picked":"SKIP","floor":29},{"not_picked":["Clothesline+1","Power Through+1","Warcry"],"picked":"SKIP","floor":31},{"not_picked":["Havoc+1","Reckless Charge","Clothesline+1","Warcry"],"picked":"SKIP","floor":35},{"not_picked":["Flex","Headbutt","Armaments"],"picked":"Shrug It Off+1","floor":37},{"not_picked":["Headbutt+1","Dual Wield+1","Sever Soul+1"],"picked":"Iron Wave+1","floor":38},{"not_picked":["Sever Soul","Wild Strike+1","Evolve+1"],"picked":"Flex+1","floor":39},{"not_picked":["Immolate","Intimidate","Heavy Blade+1"],"picked":"Warcry","floor":40},{"not_picked":["Headbutt+1","Clash+1","Pommel Strike+1","Feed"],"picked":"SKIP","floor":42},{"not_picked":["Anger","Blood for Blood","True Grit+1"],"picked":"Sword Boomerang+1","floor":44},{"not_picked":["Twin Strike","Cleave","Clothesline+1"],"picked":"Flame Barrier","floor":47},{"not_picked":["Immolate","Pommel Strike","Heavy Blade"],"picked":"Ghostly Armor","floor":48}],"player_experience":83103,"relics_obtained":[{"floor":4,"key":"Orichalcum"},{"floor":6,"key":"Torii"},{"floor":9,"key":"Charon\u0027s Ashes"},{"floor":12,"key":"Du-Vu Doll"},{"floor":29,"key":"Nunchaku"},{"floor":31,"key":"Question Card"},{"floor":36,"key":"Peace Pipe"},{"floor":40,"key":"Gremlin Horn"},{"floor":42,"key":"Centennial Puzzle"},{"floor":43,"key":"Potion Belt"},{"floor":46,"key":"Thread and Needle"},{"floor":47,"key":"Ginger"}],"event_choices":[{"event_name":"The Cleric","player_choice":"Card Removal","floor":2,"damage_taken":0},{"event_name":"Golden Idol","player_choice":"Take Damage","floor":3,"damage_taken":0},{"event_name":"Big Fish","player_choice":"Donut","floor":10,"damage_taken":0},{"event_name":"Forgotten Altar","player_choice":"Gave Idol","floor":20,"damage_taken":0},{"event_name":"FaceTrader","player_choice":"Trade","floor":21,"damage_taken":0},{"event_name":"Beggar","player_choice":"Gave Gold","floor":22,"damage_taken":0},{"event_name":"The Mausoleum","player_choice":"No","floor":28,"damage_taken":0},{"event_name":"MindBloom","player_choice":"Fight","floor":36,"damage_taken":0},{"event_name":"Duplicator","player_choice":"One dupe","floor":45,"damage_taken":0},{"event_name":"Mysterious Sphere","player_choice":"Fight","floor":46,"damage_taken":0}],"is_beta":true,"boss_relics":[{"not_picked":["Black Blood","Calling Bell"],"picked":"Coffee Dripper"},{"not_picked":["White Beast Statue","Velvet Choker"],"picked":"Fusion Hammer"}],"items_purged_floors":[30,41],"is_endless":false,"potions_floor_spawned":[1,6,16,24,27,29,36,38,39,42,44,47],"ascension_level":1}