{"gold_per_floor":[117,117,133,208,231,231,274,274,274,24,24,39,74,94,94,94],"floor_reached":16,"playtime":863,"items_purged":[],"score":132,"play_id":"645ec2ca-2cf2-4506-b2cb-fc492478ecfb","local_time":"20190128201823","is_ascension_mode":true,"campfire_choices":[{"data":"Streamline","floor":6,"key":"SMITH"},{"floor":8,"key":"REST"},{"data":"Leap","floor":15,"key":"SMITH"}],"neow_cost":"NONE","seed_source_timestamp":24651367324639,"circlet_count":0,"master_deck":["Strike_B","Strike_B","Strike_B","Strike_B","Defend_B","Defend_B","Defend_B","Defend_B","Zap","Dualcast","Leap+1","Streamline+1","Rebound","BootSequence","Skim+1","White Noise+1","Ball Lightning"],"relics":["Cracked Core","Golden Idol","Frozen Egg 2","Mummified Hand","Toxic Egg 2","Gambling Chip"],"potions_floor_usage":[7,13,13,16],"damage_taken":[{"damage":0,"enemies":"Small Slimes","floor":1,"turns":2},{"damage":4,"enemies":"2 Louse","floor":3,"turns":2},{"damage":0,"enemies":"Cultist","floor":5,"turns":3},{"damage":31,"enemies":"3 Sentries","floor":7,"turns":8},{"damage":0,"enemies":"3 Louse","floor":12,"turns":2},{"damage":3,"enemies":"Lagavulin","floor":13,"turns":6},{"damage":8,"enemies":"Lots of Slimes","floor":14,"turns":5},{"damage":25,"enemies":"The Guardian","floor":16,"turns":8}],"seed_played":"3241175301255757314","potions_obtained":[{"floor":3,"key":"SteroidPotion"},{"floor":5,"key":"Weak Potion"},{"floor":7,"key":"Fire Potion"},{"floor":11,"key":"Block Potion"}],"is_trial":false,"path_per_floor":["M","?","M","?","M","R","E","R","T","$","?","M","E","M","R","B"],"character_chosen":"DEFECT","items_purchased":["Toxic Egg 2"],"campfire_rested":1,"item_purchase_floors":[10],"current_hp_per_floor":[75,57,53,42,42,42,11,33,33,33,33,33,30,22,22,0],"gold":94,"neow_bonus":"THREE_CARDS","is_prod":false,"is_daily":false,"chose_seed":false,"campfire_upgraded":2,"win_rate":0,"timestamp":1548703103,"path_taken":["M","?","M","?","M","R","E","R","T","$","?","M","E","?","R","BOSS"],"build_version":"2019-01-23","purchased_purges":0,"victory":false,"max_hp_per_floor":[75,75,75,75,75,75,75,75,75,75,75,75,75,75,75,75],"card_choices":[{"not_picked":["Lockon","Hologram"],"picked":"Leap","floor":0},{"not_picked":["Undo","Stack"],"picked":"Streamline","floor":1},{"not_picked":["Hologram","Scrape","Leap"],"picked":"SKIP","floor":3},{"not_picked":["Steam","Gash"],"picked":"Rebound","floor":5},{"not_picked":["Storm","Go for the Eyes"],"picked":"BootSequence","floor":7},{"not_picked":["Conserve Battery+1","Turbo+1"],"picked":"Skim+1","floor":12},{"not_picked":["Glacier+1","Loop+1"],"picked":"White Noise+1","floor":13},{"not_picked":["Steam+1","Barrage"],"picked":"Ball Lightning","floor":14}],"player_experience":341463,"relics_obtained":[{"floor":7,"key":"Frozen Egg 2"},{"floor":9,"key":"Mummified Hand"},{"floor":13,"key":"Gambling Chip"}],"event_choices":[{"damage_healed":0,"gold_gain":0,"player_choice":"Take Damage","damage_taken":18,"relics_obtained":["Golden Idol"],"max_hp_gain":0,"max_hp_loss":0,"event_name":"Golden Idol","floor":2,"gold_loss":0},{"damage_healed":0,"gold_gain":75,"player_choice":"Gather Gold","damage_taken":11,"max_hp_gain":0,"max_hp_loss":0,"event_name":"World of Goop","floor":4,"gold_loss":0},{"damage_healed":0,"gold_gain":0,"player_choice":"Got Potions","damage_taken":0,"max_hp_gain":0,"max_hp_loss":0,"event_name":"Lab","floor":11,"gold_loss":0}],"is_beta":false,"boss_relics":[],"items_purged_floors":[],"is_endless":false,"potions_floor_spawned":[3,5,7],"killed_by":"The Guardian","ascension_level":4}