{"gold_per_floor":[114,114,126,141,157,157,190,37,62,93,93,111,111,143,143,217,217,232,232,232,267,267,267,301,301,301,301,335,349,384,384,384,384],"floor_reached":33,"playtime":1340,"items_purged":["Strike_R"],"score":609,"play_id":"21499165-e6b5-4493-99aa-44d354a0b755","local_time":"20181024092308","is_ascension_mode":true,"campfire_choices":[{"data":"Demon Form","floor":6.0,"key":"SMITH"},{"data":"Anger","floor":11,"key":"SMITH"},{"data":"Flex","floor":15,"key":"SMITH"},{"data":"Heavy Blade","floor":23,"key":"SMITH"},{"data":"Thunderclap","floor":25,"key":"SMITH"},{"data":"Reaper","floor":27,"key":"SMITH"},{"data":"Battle Trance","floor":32,"key":"SMITH"}],"neow_cost":"NONE","seed_source_timestamp":1213297853268542,"circlet_count":0,"master_deck":["Strike_R+1","Strike_R+1","Defend_R","Defend_R","Defend_R","Defend_R","Bash","AscendersBane","Cleave","Flex+1","Pommel Strike","Demon Form+1","Heavy Blade+1","Battle Trance+1","Anger+1","Exhume","Thunderclap+1","Reaper+1","Twin Strike","J.A.X.","Rupture+1","Sword Boomerang","Shrug It Off","Pain"],"special_seed":0,"relics":["Burning Blood","Whetstone","Pen Nib","Vajra","Blood Vial","PreservedInsect","Coffee Dripper","Red Mask","Darkstone Periapt","Pantograph","Sundial","Paper Frog","WarpedTongs"],"potions_floor_usage":[13,14,14,21,24,33],"damage_taken":[{"damage":7.0,"enemies":"2 Louse","floor":1.0,"turns":2.0},{"damage":0.0,"enemies":"Small Slimes","floor":3.0,"turns":3.0},{"damage":1.0,"enemies":"Cultist","floor":4.0,"turns":3.0},{"damage":10.0,"enemies":"Gremlin Gang","floor":5.0,"turns":3.0},{"damage":24.0,"enemies":"Gremlin Nob","floor":7.0,"turns":4.0},{"damage":40,"enemies":"Lagavulin","floor":10,"turns":6},{"damage":3,"enemies":"3 Louse","floor":12,"turns":2},{"damage":12,"enemies":"Gremlin Nob","floor":14,"turns":3},{"damage":27,"enemies":"Hexaghost","floor":16,"turns":6},{"damage":15,"enemies":"3 Byrds","floor":18,"turns":5},{"damage":38,"enemies":"Masked Bandits","floor":21,"turns":4},{"damage":43,"enemies":"Book of Stabbing","floor":24,"turns":4},{"damage":21,"enemies":"Slavers","floor":28,"turns":5},{"damage":0,"enemies":"Shell Parasite","floor":29,"turns":1},{"damage":0,"enemies":"Gremlin Leader","floor":30,"turns":4},{"damage":110,"enemies":"Collector","floor":33,"turns":6}],"seed_played":"-5222513424227002331","potions_obtained":[{"floor":3.0,"key":"SpeedPotion"},{"floor":4.0,"key":"Fire Potion"},{"floor":13,"key":"Fruit Juice"},{"floor":13,"key":"EssenceOfSteel"},{"floor":13,"key":"AttackPotion"},{"floor":14,"key":"FearPotion"},{"floor":18,"key":"GamblersBrew"},{"floor":28,"key":"Regen Potion"}],"is_trial":false,"path_per_floor":["M","?","M","M","M","R","E","$","T","E","R","M","?","E","R","B",null,"M","?","?","?","?","R","E","R","T","R","E","M","E","?","R"],"character_chosen":"IRONCLAD","items_purchased":["Battle Trance"],"campfire_rested":0,"item_purchase_floors":[8],"current_hp_per_floor":[71,71,77,80,76,76,58,58,58,24,24,29,34,30,30,11,67,60,60,85,63,63,63,37,37,37,37,36,44,85,91,91,0],"gold":384,"neow_bonus":"RANDOM_COMMON_RELIC","is_prod":false,"is_daily":false,"chose_seed":false,"campfire_upgraded":7,"win_rate":0,"timestamp":1540365788,"path_taken":["M","?","?","?","M","R","E","$","T","E","R","M","?","E","R","BOSS","M","?","?","?","?","R","E","R","T","R","E","?","E","?","R","BOSS"],"build_version":"2018-10-22","purchased_purges":1,"victory":false,"max_hp_per_floor":[80,80,80,80,80,80,80,80,80,80,80,80,85,85,85,85,85,85,85,85,85,85,85,85,85,85,85,85,85,85,91,91,91],"card_choices":[{"not_picked":["Wild Strike","Shockwave"],"picked":"Cleave","floor":1.0},{"not_picked":["Clothesline","Pommel Strike"],"picked":"Flex","floor":3.0},{"not_picked":["Sword Boomerang","Warcry"],"picked":"Pommel Strike","floor":4.0},{"not_picked":["Havoc","Shrug It Off"],"picked":"Demon Form","floor":5.0},{"not_picked":["Dropkick","Juggernaut"],"picked":"Heavy Blade","floor":7.0},{"not_picked":["Cleave","Perfected Strike"],"picked":"Anger","floor":10},{"not_picked":["Second Wind","True Grit","Warcry"],"picked":"SKIP","floor":12},{"not_picked":["Impervious","Sentinel","Headbutt"],"picked":"SKIP","floor":14},{"not_picked":["Berserk","Immolate"],"picked":"Exhume","floor":16},{"not_picked":["Perfected Strike","True Grit"],"picked":"Thunderclap","floor":18},{"not_picked":["Perfected Strike","Corruption"],"picked":"Twin Strike","floor":21},{"not_picked":["Inflame","Fire Breathing"],"picked":"Rupture+1","floor":24},{"not_picked":["Clothesline","Havoc","Heavy Blade"],"picked":"SKIP","floor":28},{"not_picked":["Sword Boomerang","Spot Weakness","Shockwave"],"picked":"SKIP","floor":29},{"not_picked":["Spot Weakness","Shockwave"],"picked":"Sword Boomerang","floor":29},{"not_picked":["True Grit","Bludgeon"],"picked":"Shrug It Off","floor":30}],"player_experience":395857,"relics_obtained":[{"floor":7.0,"key":"Pen Nib"},{"floor":9.0,"key":"Vajra"},{"floor":10,"key":"Blood Vial"},{"floor":14,"key":"PreservedInsect"},{"floor":21,"key":"Red Mask"},{"floor":24,"key":"Darkstone Periapt"},{"floor":26,"key":"Pantograph"},{"floor":28,"key":"Sundial"},{"floor":30,"key":"Paper Frog"}],"event_choices":[{"cards_removed":["Strike_R"],"damage_healed":0.0,"max_hp_gain":0.0,"max_hp_loss":0.0,"gold_gain":0.0,"event_name":"Living Wall","player_choice":"Forget","floor":2.0,"gold_loss":0.0,"damage_taken":0.0},{"damage_healed":0,"gold_gain":0,"player_choice":"Got Potions","damage_taken":0,"max_hp_gain":0,"max_hp_loss":0,"event_name":"The Lab","floor":13,"gold_loss":0},{"damage_healed":0,"gold_gain":0,"cards_transformed":["Strike_R"],"player_choice":"Transformed","damage_taken":0,"max_hp_gain":0,"max_hp_loss":0,"event_name":"Transmorgrifier","floor":19,"gold_loss":0,"cards_obtained":["Reaper"]},{"damage_healed":25,"gold_gain":0,"player_choice":"Full Heal","damage_taken":0,"max_hp_gain":0,"max_hp_loss":0,"event_name":"Wheel of Change","floor":20,"gold_loss":0},{"damage_healed":0,"gold_gain":0,"player_choice":"Fought Bandits","damage_taken":0,"max_hp_gain":0,"max_hp_loss":0,"event_name":"Masked Bandits","floor":21,"gold_loss":0},{"damage_healed":0,"gold_gain":0,"player_choice":"Obtain J.A.X.","damage_taken":0,"max_hp_gain":0,"max_hp_loss":0,"event_name":"Drug Dealer","floor":22,"gold_loss":0,"cards_obtained":["J.A.X."]},{"damage_healed":0,"gold_gain":0,"player_choice":"Rummage","damage_taken":0,"relics_obtained":["WarpedTongs"],"max_hp_gain":0,"max_hp_loss":0,"event_name":"Accursed Blacksmith","floor":31,"gold_loss":0,"cards_obtained":["Pain"]}],"is_beta":true,"boss_relics":[{"not_picked":["Eternal Feather","Fusion Hammer"],"picked":"Coffee Dripper"}],"items_purged_floors":[8],"is_endless":false,"potions_floor_spawned":[3,4,14,18,28],"killed_by":"Collector","ascension_level":13}