{"gold_per_floor":[113,288,288,45,45,45,86,107,107,126,126,51,64,64,64,185,185,171,171,185,284,297,297],"floor_reached":23,"playtime":907,"items_purged":[],"score":274,"play_id":"f82672be-a44a-4c62-ad91-c67528c5576e","local_time":"20190125141049","is_ascension_mode":true,"campfire_choices":[{"floor":6,"key":"REST"},{"floor":11,"key":"REST"},{"floor":15,"key":"REST"}],"neow_cost":"NONE","seed_source_timestamp":1187423560689965,"circlet_count":0,"master_deck":["Strike_B","Strike_B","Defend_B","Defend_B","Defend_B","Defend_B","Zap","Dualcast","Sweeping Beam","Doubt","Core Surge","Hello World","Streamline","Loop","FTL","Buffer","Barrage","Reprogram","Core Surge","Cold Snap+1","Capacitor+1"],"relics":["FrozenCore","Lantern","Gambling Chip","Mummified Hand","Golden Idol","Regal Pillow","Matryoshka"],"potions_floor_usage":[16,16],"damage_taken":[{"damage":2,"enemies":"Jaw Worm","floor":1,"turns":3},{"damage":67,"enemies":"Lagavulin","floor":7,"turns":7},{"damage":0,"enemies":"Small Slimes","floor":8,"turns":2},{"damage":0,"enemies":"2 Louse","floor":10,"turns":2},{"damage":17,"enemies":"Large Slime","floor":13,"turns":4},{"damage":64,"enemies":"Hexaghost","floor":16,"turns":10},{"damage":10,"enemies":"2 Thieves","floor":18,"turns":4},{"damage":10,"enemies":"Shell Parasite","floor":20,"turns":6},{"damage":28,"enemies":"Centurion and Healer","floor":22,"turns":7},{"damage":12,"enemies":"Slavers","floor":23,"turns":1}],"seed_played":"7237481161059099994","potions_obtained":[{"floor":7,"key":"FairyPotion"},{"floor":10,"key":"PowerPotion"},{"floor":13,"key":"Regen Potion"},{"floor":22,"key":"GamblersBrew"}],"is_trial":false,"path_per_floor":["M","?","?","$","?","R","E","M","T","M","R","$","M","?","R","B",null,"M","?","M","?","M","E"],"character_chosen":"DEFECT","items_purchased":["Mummified Hand","Loop"],"campfire_rested":3,"item_purchase_floors":[4,12],"current_hp_per_floor":[66,66,66,66,66,69,2,2,2,2,37,37,20,13,48,2,52,42,42,32,32,4,0],"gold":297,"neow_bonus":"RANDOM_COMMON_RELIC","is_prod":false,"is_daily":false,"chose_seed":false,"campfire_upgraded":0,"win_rate":0,"timestamp":1548403849,"path_taken":["M","?","?","$","?","R","E","M","T","M","R","$","M","?","R","BOSS","M","?","M","?","M","E"],"build_version":"2019-01-23","purchased_purges":0,"victory":false,"max_hp_per_floor":[75,75,75,75,69,69,69,69,69,69,69,69,69,69,69,69,69,69,69,69,69,69,69],"card_choices":[{"not_picked":["Double Energy","Cold Snap"],"picked":"Sweeping Beam","floor":1},{"not_picked":["BootSequence","Hyperbeam"],"picked":"Core Surge","floor":7},{"not_picked":["Doom and Gloom","Tempest"],"picked":"Hello World","floor":8},{"not_picked":["Beam Cell","Rip and Tear"],"picked":"Streamline","floor":10},{"not_picked":["Leap","Auto Shields"],"picked":"FTL","floor":13},{"not_picked":["Meteor Strike","Machine Learning"],"picked":"Buffer","floor":16},{"not_picked":["Steam Power","Steam"],"picked":"Barrage","floor":18},{"not_picked":["Go for the Eyes","Reboot"],"picked":"Cold Snap+1","floor":20},{"not_picked":["Compile Driver","Ball Lightning"],"picked":"Capacitor+1","floor":22}],"player_experience":653511,"relics_obtained":[{"floor":7,"key":"Regal Pillow"},{"floor":9,"key":"Matryoshka"}],"event_choices":[{"damage_healed":0,"gold_gain":175,"player_choice":"AGREE","damage_taken":0,"max_hp_gain":0,"max_hp_loss":0,"event_name":"Liars Game","floor":2,"gold_loss":0,"cards_obtained":["Doubt"]},{"damage_healed":0,"gold_gain":0,"player_choice":"Box","damage_taken":0,"relics_obtained":["Gambling Chip"],"max_hp_gain":0,"max_hp_loss":0,"event_name":"Big Fish","floor":3,"gold_loss":0,"cards_obtained":["Regret"]},{"damage_healed":0,"gold_gain":0,"player_choice":"Lose Max HP","damage_taken":0,"relics_obtained":["Golden Idol"],"max_hp_gain":0,"max_hp_loss":6,"event_name":"Golden Idol","floor":5,"gold_loss":0},{"cards_removed":["Regret"],"damage_healed":0,"gold_gain":0,"player_choice":"Card Removal","damage_taken":7,"max_hp_gain":0,"max_hp_loss":0,"event_name":"Golden Wing","floor":14,"gold_loss":0},{"damage_healed":0,"gold_gain":0,"cards_transformed":["Strike_B","Strike_B"],"player_choice":"Became Test Subject","damage_taken":0,"max_hp_gain":0,"max_hp_loss":0,"event_name":"Drug Dealer","floor":19,"gold_loss":0,"cards_obtained":["Reprogram","Core Surge"]},{"damage_healed":0,"gold_gain":99,"player_choice":"Stole From Cult","damage_taken":0,"max_hp_gain":0,"max_hp_loss":0,"event_name":"Nest","floor":21,"gold_loss":0}],"is_beta":false,"boss_relics":[{"not_picked":["Sozu","Calling Bell"],"picked":"FrozenCore"}],"items_purged_floors":[],"is_endless":false,"potions_floor_spawned":[7,10,13,22],"killed_by":"Slavers","ascension_level":9}