{"gold_per_floor":[113,124,136,32,107,107,122,122,173,173,192,192,192],"floor_reached":13,"playtime":708,"items_purged":[],"score":79,"play_id":"4c723577-26f2-4c3a-98a2-b001bfeb0cc8","local_time":"20190130000458","is_ascension_mode":true,"campfire_choices":[{"data":"White Noise","floor":6,"key":"SMITH"},{"data":"Zap","floor":10,"key":"SMITH"}],"neow_cost":"NONE","seed_source_timestamp":1273637574081300,"circlet_count":0,"master_deck":["Strike_B","Strike_B","Strike_B","Strike_B","Defend_B","Defend_B","Defend_B","Defend_B","Zap+1","Dualcast+1","Panacea","Beam Cell","Glacier","White Noise+1","Hologram","Sunder","Coolheaded","Steam"],"relics":["Cracked Core","Juzu Bracelet"],"potions_floor_usage":[3],"damage_taken":[{"damage":12,"enemies":"Small Slimes","floor":1,"turns":4},{"damage":0,"enemies":"2 Louse","floor":2,"turns":2},{"damage":0,"enemies":"Jaw Worm","floor":3,"turns":4},{"damage":2,"enemies":"Blue Slaver","floor":7,"turns":2},{"damage":0,"enemies":"Large Slime","floor":11,"turns":3},{"damage":69,"enemies":"Gremlin Nob","floor":13,"turns":5}],"seed_played":"-1375223765124318975","potions_obtained":[{"floor":1,"key":"Fruit Juice"},{"floor":2,"key":"Ancient Potion"}],"is_trial":false,"path_per_floor":["M","M","M","$","?","R","M","?","T","R","M","?","E"],"character_chosen":"DEFECT","items_purchased":["Hologram","Sunder"],"campfire_rested":0,"item_purchase_floors":[4,4],"current_hp_per_floor":[63,63,68,68,57,57,55,60,60,60,60,60,0],"gold":192,"neow_bonus":"RANDOM_COLORLESS","is_prod":false,"is_daily":false,"chose_seed":false,"campfire_upgraded":2,"win_rate":0,"timestamp":1548824698,"path_taken":["M","M","M","$","?","R","M","?","T","R","M","?","E"],"build_version":"2019-01-23","purchased_purges":0,"victory":false,"max_hp_per_floor":[75,75,80,80,80,80,80,85,85,85,85,85,85],"card_choices":[{"not_picked":["Compile Driver","Force Field"],"picked":"Beam Cell","floor":1},{"not_picked":["Fusion","Streamline"],"picked":"Glacier","floor":2},{"not_picked":["Stack","Ball Lightning"],"picked":"White Noise","floor":3},{"not_picked":["Glacier","Barrage"],"picked":"Coolheaded","floor":7},{"not_picked":["Auto Shields","Double Energy"],"picked":"Steam","floor":11}],"player_experience":97787,"relics_obtained":[{"floor":9,"key":"Juzu Bracelet"}],"event_choices":[{"damage_healed":0,"gold_gain":75,"player_choice":"Gather Gold","damage_taken":11,"max_hp_gain":0,"max_hp_loss":0,"event_name":"World of Goop","floor":5,"gold_loss":0},{"damage_healed":0,"gold_gain":0,"player_choice":"Donut","damage_taken":0,"max_hp_gain":5,"max_hp_loss":0,"event_name":"Big Fish","floor":8,"gold_loss":0},{"damage_healed":0,"gold_gain":0,"player_choice":"Grow","damage_taken":0,"max_hp_gain":0,"max_hp_loss":0,"event_name":"Living Wall","floor":12,"gold_loss":0,"cards_upgraded":["Dualcast"]}],"is_beta":false,"boss_relics":[],"items_purged_floors":[],"is_endless":false,"potions_floor_spawned":[1,2],"killed_by":"Gremlin Nob","ascension_level":1}