{"gold_per_floor":[114,114,180,193,193,193,203,219,219,77,127,142,142,162,162,259,259,278,328,347,272,272],"floor_reached":22,"playtime":1072,"items_purged":["Defend_G"],"score":178,"play_id":"3195209a-fc86-4c80-9a5e-5063a2023cdb","local_time":"20190205150032","is_ascension_mode":false,"campfire_choices":[{"data":"Neutralize","floor":6,"key":"SMITH"},{"data":"Cloak And Dagger","floor":13,"key":"SMITH"},{"floor":15,"key":"REST"}],"neow_cost":"NONE","seed_source_timestamp":100212322770854,"circlet_count":0,"master_deck":["Defend_G","Defend_G","Defend_G","Strike_G","Strike_G","Strike_G","Strike_G","Survivor","Neutralize+1","Bullet Time","Backflip","Cloak And Dagger+1","Dagger Throw","Blade Dance","Escape Plan","Venomology","Caltrops","Deadly Poison","Phantasmal Killer","Blur","Finisher"],"relics":["Ring of the Snake","SsserpentHead","Paper Crane","Tiny Chest","Dodecahedron","Black Star"],"potions_floor_usage":[12,14,16,16,16,16,18,18,22,22],"damage_taken":[{"damage":2,"enemies":"Small Slimes","floor":1,"turns":5},{"damage":3,"enemies":"Cultist","floor":3,"turns":6},{"damage":0,"enemies":"Jaw Worm","floor":4,"turns":4},{"damage":1,"enemies":"Blue Slaver","floor":7,"turns":5},{"damage":12,"enemies":"Large Slime","floor":8,"turns":8},{"damage":12,"enemies":"3 Louse","floor":12,"turns":5},{"damage":13,"enemies":"Exordium Wildlife","floor":14,"turns":6},{"damage":41,"enemies":"The Guardian","floor":16,"turns":13},{"damage":27,"enemies":"2 Thieves","floor":18,"turns":5},{"damage":0,"enemies":"3 Byrds","floor":20,"turns":6},{"damage":48,"enemies":"3 Cultists","floor":22,"turns":5}],"seed_played":"-8386775025602675997","potions_obtained":[{"floor":7,"key":"Regen Potion"},{"floor":12,"key":"LiquidBronze"},{"floor":14,"key":"GhostInAJar"},{"floor":20,"key":"Explosive Potion"}],"is_trial":false,"path_per_floor":["M","?","M","M","?","R","M","M","T","$","T","M","R","M","R","B",null,"M","?","M","$","M"],"character_chosen":"THE_SILENT","items_purchased":["Tiny Chest","Venomology"],"campfire_rested":1,"item_purchase_floors":[10,10],"current_hp_per_floor":[68,68,65,65,65,65,64,52,52,52,52,40,40,27,48,19,70,43,43,43,43,0],"gold":272,"neow_bonus":"ONE_RANDOM_RARE_CARD","is_prod":false,"is_daily":false,"chose_seed":false,"campfire_upgraded":2,"win_rate":0.0,"timestamp":1549350032,"path_taken":["M","?","?","M","?","R","M","M","T","?","?","M","R","M","R","BOSS","M","?","M","$","M"],"build_version":"2019-01-23","purchased_purges":1,"victory":false,"max_hp_per_floor":[70,70,70,70,70,70,70,70,70,70,70,70,70,70,70,70,70,70,70,70,70,70],"card_choices":[{"not_picked":["Dagger Throw","Bane"],"picked":"Backflip","floor":1},{"not_picked":["Riddle With Holes","Poisoned Stab"],"picked":"Cloak And Dagger","floor":3},{"not_picked":["Bouncing Flask","Grand Finale"],"picked":"Dagger Throw","floor":4},{"not_picked":["Sucker Punch","Cloak And Dagger"],"picked":"Blade Dance","floor":7},{"not_picked":["Endless Agony","Leg Sweep"],"picked":"Escape Plan","floor":8},{"not_picked":["Deflect","Backflip"],"picked":"Caltrops","floor":12},{"not_picked":["Blade Dance","Outmaneuver"],"picked":"Deadly Poison","floor":14},{"not_picked":["Malaise","Grand Finale"],"picked":"Phantasmal Killer","floor":16},{"not_picked":["Bouncing Flask","Setup"],"picked":"Blur","floor":18},{"not_picked":["Eviscerate","Dash"],"picked":"Finisher","floor":20}],"player_experience":191199,"relics_obtained":[{"floor":9,"key":"Paper Crane"},{"floor":11,"key":"Dodecahedron"}],"event_choices":[{"damage_healed":0,"gold_gain":0,"player_choice":"Trade","damage_taken":0,"relics_obtained":["SsserpentHead"],"max_hp_gain":0,"max_hp_loss":0,"event_name":"FaceTrader","floor":2,"gold_loss":0},{"cards_removed":["Strike_G"],"damage_healed":0,"gold_gain":0,"player_choice":"Card Removal","damage_taken":0,"max_hp_gain":0,"max_hp_loss":0,"event_name":"The Cleric","floor":5,"gold_loss":50},{"cards_removed":["Defend_G"],"damage_healed":0,"gold_gain":0,"player_choice":"Elegance","damage_taken":0,"max_hp_gain":0,"max_hp_loss":0,"event_name":"Back to Basics","floor":19,"gold_loss":0}],"is_beta":false,"boss_relics":[{"not_picked":["Philosopher\u0027s Stone","Velvet Choker"],"picked":"Black Star"}],"items_purged_floors":[21],"is_endless":false,"potions_floor_spawned":[7,12,14,20],"killed_by":"3 Cultists","ascension_level":0}