{"gold_per_floor":[115,40,51,51,71,71,85,105,175,210,226,226,258,271,271,271],"floor_reached":16,"playtime":476,"items_purged":["Strike_G"],"score":228,"play_id":"f1d674cd-7f12-4a8d-9579-7e8aa9ad9885","local_time":"20190205184542","is_ascension_mode":true,"campfire_choices":[{"data":"Dagger Spray","floor":6,"key":"SMITH"},{"floor":12,"key":"REST"},{"data":"Crippling Poison","floor":15,"key":"SMITH"}],"neow_cost":"NONE","seed_source_timestamp":6760617727700,"circlet_count":0,"master_deck":["AscendersBane","Defend_G","Defend_G","Defend_G","Defend_G","Defend_G","Strike_G","Strike_G","Strike_G","Strike_G","Survivor","Neutralize","Bane+1","Dagger Spray+1","Terror","Crippling Poison+1"],"relics":["Ring of the Snake","Ornamental Fan","Peace Pipe","Anchor"],"potions_floor_usage":[10,13,13,16],"damage_taken":[{"damage":8,"enemies":"Jaw Worm","floor":1,"turns":6},{"damage":3,"enemies":"Cultist","floor":3,"turns":4},{"damage":2,"enemies":"2 Louse","floor":5,"turns":3},{"damage":17,"enemies":"Large Slime","floor":7,"turns":7},{"damage":7,"enemies":"Exordium Wildlife","floor":8,"turns":3},{"damage":10,"enemies":"3 Sentries","floor":10,"turns":8},{"damage":0,"enemies":"Red Slaver","floor":11,"turns":4},{"damage":13,"enemies":"Lagavulin","floor":13,"turns":4},{"damage":1,"enemies":"Looter","floor":14,"turns":4},{"damage":36,"enemies":"The Guardian","floor":16,"turns":11}],"seed_played":"1408614141814010204","potions_obtained":[{"floor":8,"key":"AttackPotion"},{"floor":10,"key":"FearPotion"},{"floor":11,"key":"SteroidPotion"},{"floor":14,"key":"Dexterity Potion"}],"is_trial":false,"path_per_floor":["M","$","M","?","M","R","M","M","T","E","M","R","E","M","R","B"],"character_chosen":"THE_SILENT","items_purchased":[],"campfire_rested":1,"item_purchase_floors":[],"current_hp_per_floor":[57,57,54,54,52,52,35,28,28,18,18,39,26,25,25,0],"gold":271,"neow_bonus":"TEN_PERCENT_HP_BONUS","is_prod":false,"is_daily":false,"chose_seed":false,"campfire_upgraded":2,"win_rate":0,"timestamp":1549385142,"path_taken":["M","$","M","?","M","R","?","M","T","E","M","R","E","M","R","BOSS"],"build_version":"2019-01-23","purchased_purges":1,"victory":false,"max_hp_per_floor":[72,72,72,72,72,72,72,72,72,72,72,72,72,72,72,72],"card_choices":[{"not_picked":["Cloak And Dagger","Underhanded Strike"],"picked":"Bane","floor":1},{"not_picked":["Blur","Quick Slash","Dodge and Roll"],"picked":"SKIP","floor":3},{"not_picked":["Underhanded Strike","Caltrops"],"picked":"Dagger Spray","floor":5},{"not_picked":["Prepared","Bane","Cloak And Dagger"],"picked":"SKIP","floor":7},{"not_picked":["Escape Plan","Infinite Blades","Slice"],"picked":"SKIP","floor":8},{"not_picked":["Night Terror","Slice","Choke"],"picked":"SKIP","floor":10},{"not_picked":["Prepared","Dagger Throw","Predator"],"picked":"SKIP","floor":11},{"not_picked":["Flying Knee","Calculated Gamble"],"picked":"Terror","floor":13},{"not_picked":["Dagger Spray","Dagger Throw"],"picked":"Crippling Poison","floor":14}],"player_experience":625617,"relics_obtained":[{"floor":9,"key":"Ornamental Fan"},{"floor":10,"key":"Peace Pipe"},{"floor":13,"key":"Anchor"}],"event_choices":[{"damage_healed":0,"gold_gain":0,"player_choice":"Forge","damage_taken":0,"max_hp_gain":0,"max_hp_loss":0,"event_name":"Accursed Blacksmith","floor":4,"gold_loss":0,"cards_upgraded":["Bane"]}],"is_beta":false,"boss_relics":[],"items_purged_floors":[2],"is_endless":false,"potions_floor_spawned":[8,10,11,14],"killed_by":"The Guardian","ascension_level":20}