{"gold_per_floor":[117,117,67,17,17,44,44,44,44,44,71,71,90,110,110,215,215,235,253,149,248,303,303,335,335,335,335,364,326,341,351,351,453,453,464,299,315,315,333,361,372,372,372,419,432,458,484,494,494,494],"floor_reached":51,"playtime":2708,"items_purged":["Zap+1","Strike_B","Strike_B"],"score":1197,"play_id":"5f575e07-150b-48e4-9e3a-48a1d854a253","local_time":"20190122235058","is_ascension_mode":true,"campfire_choices":[{"data":"Zap","floor":8.0,"key":"SMITH"},{"data":"Streamline","floor":10.0,"key":"SMITH"},{"floor":12.0,"key":"REST"},{"data":"Sunder","floor":15.0,"key":"SMITH"},{"data":"Doom and Gloom","floor":23.0,"key":"SMITH"},{"data":"Sunder","floor":25.0,"key":"SMITH"},{"data":"Echo Form","floor":27.0,"key":"SMITH"},{"floor":32,"key":"REST"},{"data":"Meteor Strike","floor":42,"key":"SMITH"},{"floor":49,"key":"REST"}],"neow_cost":"NONE","seed_source_timestamp":300738401551615,"circlet_count":0,"master_deck":["AscendersBane","Strike_B","Strike_B","Defend_B","Defend_B","Defend_B","Dualcast","Sweeping Beam","Streamline+1","Sunder+1","Conserve Battery","Turbo","Echo Form+1","Doom and Gloom+1","Doom and Gloom","Sunder+1","Rainbow","Recycle","Meteor Strike+1","Meteor Strike"],"special_seed":0,"relics":["Cracked Core","Smiling Mask","The Courier","Pear","Strawberry","Bag of Preparation","Anchor","Snecko Eye","Pen Nib","Nunchaku","Mummified Hand","MawBank","Busted Crown","Blood Vial","Du-Vu Doll","Kunai","Mango","Frozen Egg 2","Oddly Smooth Stone"],"potions_floor_usage":[44,44,44,50,50],"damage_taken":[{"damage":1.0,"enemies":"Cultist","floor":1.0,"turns":3.0},{"damage":37.0,"enemies":"Lagavulin","floor":6.0,"turns":7.0},{"damage":18.0,"enemies":"Gremlin Nob","floor":11.0,"turns":3.0},{"damage":0.0,"enemies":"2 Louse","floor":13.0,"turns":1.0},{"damage":0.0,"enemies":"Jaw Worm","floor":14.0,"turns":2.0},{"damage":47.0,"enemies":"Hexaghost","floor":16.0,"turns":8.0},{"damage":10.0,"enemies":"3 Byrds","floor":18.0,"turns":3.0},{"damage":0.0,"enemies":"Chosen","floor":19.0,"turns":3.0},{"damage":8.0,"enemies":"Gremlin Leader","floor":24.0,"turns":5.0},{"damage":26.0,"enemies":"Slavers","floor":28.0,"turns":3.0},{"damage":15.0,"enemies":"Centurion and Healer","floor":30.0,"turns":4.0},{"damage":0,"enemies":"Snecko","floor":31,"turns":2},{"damage":6,"enemies":"Champ","floor":33,"turns":7},{"damage":0,"enemies":"3 Shapes","floor":35,"turns":2},{"damage":8,"enemies":"3 Darklings","floor":37,"turns":3},{"damage":0,"enemies":"Transient","floor":39,"turns":5},{"damage":15,"enemies":"Nemesis","floor":40,"turns":3},{"damage":2,"enemies":"Maw","floor":41,"turns":4},{"damage":0,"enemies":"2 Orb Walkers","floor":44,"turns":2},{"damage":10,"enemies":"4 Shapes","floor":45,"turns":2},{"damage":18,"enemies":"Giant Head","floor":46,"turns":6},{"damage":0,"enemies":"Transient","floor":48,"turns":5},{"damage":20,"enemies":"Donu and Deca","floor":50,"turns":6}],"seed_played":"-715799724096346738","potions_obtained":[{"floor":6.0,"key":"Regen Potion"},{"floor":11.0,"key":"Fire Potion"},{"floor":16.0,"key":"FearPotion"},{"floor":28.0,"key":"Weak Potion"},{"floor":31,"key":"EntropicBrew"},{"floor":46,"key":"Dexterity Potion"}],"is_trial":false,"path_per_floor":["?","?","T","?","M","M","?","T","$","?","M","?","T"],"character_chosen":"DEFECT","items_purchased":["Streamline","Doom and Gloom","Blood Vial"],"campfire_rested":3,"item_purchase_floors":[4,20,36],"current_hp_per_floor":[67,67,67,67,67,40,40,40,40,40,22,49,49,49,49,2,70,60,60,60,60,60,60,52,52,52,52,35,35,20,20,47,41,79,79,79,73,73,75,62,62,62,62,78,70,54,54,56,87,69],"gold":494,"neow_bonus":"RANDOM_COMMON_RELIC","is_prod":false,"is_daily":false,"chose_seed":false,"campfire_upgraded":7,"win_rate":0,"timestamp":1548197458,"path_taken":["M","?","?","$","?","E","?","R","T","R","E","R","?","M","R","BOSS","M","?","$","?","?","R","E","R","T","R","E","?","M","M","R","BOSS","M","$","M","?","?","E","M","R","T","?","M","E","?","M","R","BOSS"],"build_version":"2019-01-20","purchased_purges":3,"victory":true,"max_hp_per_floor":[75,75,75,75,75,85,92,92,92,92,92,92,92,92,92,92,92,92,92,92,92,92,92,92,92,92,92,92,92,92,92,92,92,92,92,92,92,92,92,92,92,92,92,106,106,106,106,106,106,106],"card_choices":[{"not_picked":["Barrage","Cold Snap"],"picked":"Sweeping Beam","floor":1.0},{"not_picked":["Tempest","Rebound","Barrage"],"picked":"SKIP","floor":6.0},{"not_picked":["Genetic Algorithm","Stack"],"picked":"Sunder","floor":11.0},{"not_picked":["Loop","Go for the Eyes"],"picked":"Conserve Battery","floor":13.0},{"not_picked":["Go for the Eyes","Gash"],"picked":"Turbo","floor":14.0},{"not_picked":["Multi-Cast","Biased Cognition"],"picked":"Echo Form","floor":16.0},{"not_picked":["Conserve Battery+1","Steam+1","Sweeping Beam"],"picked":"SKIP","floor":18.0},{"not_picked":["Chaos","Steam"],"picked":"Doom and Gloom","floor":19.0},{"not_picked":["Chill","Rip and Tear"],"picked":"Sunder","floor":24.0},{"not_picked":["Cold Snap","Go for the Eyes+1","Conserve Battery"],"picked":"SKIP","floor":28.0},{"not_picked":["Double Energy","Steam"],"picked":"Rainbow","floor":30.0},{"not_picked":["Coolheaded+1","Leap"],"picked":"Recycle","floor":31},{"not_picked":["Multi-Cast","Hyperbeam"],"picked":"Meteor Strike","floor":33},{"not_picked":["Force Field+1"],"picked":"SKIP","floor":35},{"not_picked":["Defragment"],"picked":"SKIP","floor":37},{"not_picked":["Rebound+1"],"picked":"SKIP","floor":39},{"not_picked":["Melter"],"picked":"SKIP","floor":40},{"not_picked":["Tempest+1"],"picked":"SKIP","floor":41},{"not_picked":["Conserve Battery"],"picked":"SKIP","floor":45},{"not_picked":["Loop"],"picked":"SKIP","floor":46},{"not_picked":["Reprogram"],"picked":"SKIP","floor":48}],"player_experience":612305,"relics_obtained":[{"floor":5.0,"key":"The Courier"},{"floor":6.0,"key":"Pear"},{"floor":9.0,"key":"Bag of Preparation"},{"floor":11.0,"key":"Anchor"},{"floor":22.0,"key":"Pen Nib"},{"floor":24.0,"key":"Nunchaku"},{"floor":26.0,"key":"Mummified Hand"},{"floor":28.0,"key":"MawBank"},{"floor":40,"key":"Du-Vu Doll"},{"floor":43,"key":"Kunai"},{"floor":44,"key":"Mango"},{"floor":46,"key":"Frozen Egg 2"},{"floor":47,"key":"Oddly Smooth Stone"}],"event_choices":[{"damage_healed":0.0,"max_hp_gain":0.0,"max_hp_loss":0.0,"gold_gain":0.0,"event_name":"Liars Game","player_choice":"Ignored","floor":2.0,"gold_loss":0.0,"damage_taken":0.0},{"cards_removed":["Defend_B"],"damage_healed":0.0,"max_hp_gain":0.0,"max_hp_loss":0.0,"gold_gain":0.0,"event_name":"The Cleric","player_choice":"Card Removal","floor":3.0,"gold_loss":50.0,"damage_taken":0.0},{"damage_healed":0.0,"max_hp_gain":0.0,"max_hp_loss":0.0,"gold_gain":0.0,"event_name":"Scrap Ooze","player_choice":"Success","floor":7.0,"gold_loss":0.0,"damage_taken":7.0,"relics_obtained":["Strawberry"]},{"damage_healed":0.0,"max_hp_gain":0.0,"max_hp_loss":0.0,"gold_gain":99.0,"event_name":"Nest","player_choice":"Stole From Cult","floor":21.0,"gold_loss":0.0,"damage_taken":0.0},{"damage_healed":0,"gold_gain":0,"player_choice":"Copied","damage_taken":0,"max_hp_gain":0,"max_hp_loss":0,"event_name":"Duplicator","floor":38,"gold_loss":0,"cards_obtained":["Meteor Strike"]},{"damage_healed":0,"gold_gain":0,"player_choice":"Fight","damage_taken":0,"max_hp_gain":0,"max_hp_loss":0,"event_name":"Mysterious Sphere","floor":44,"gold_loss":0}],"is_beta":true,"boss_relics":[{"not_picked":["Astrolabe","Calling Bell"],"picked":"Snecko Eye"},{"not_picked":["Inserter","Lizard Tail"],"picked":"Busted Crown"}],"items_purged_floors":[20,29,36],"is_endless":false,"potions_floor_spawned":[6,11,16,28,30,31,33,39,45,46],"ascension_level":12}