{"gold_per_floor":[116,132,132,149,29,29,42,42,42,52,70,70,105,105,105,194,194,215,215],"floor_reached":19,"playtime":750,"items_purged":["Pain"],"score":313,"play_id":"b7681b64-87ce-44e1-8ab6-ca187d74216b","local_time":"20190202125802","is_ascension_mode":true,"campfire_choices":[{"data":"Armaments","floor":6,"key":"SMITH"},{"data":"Cleave","floor":8,"key":"SMITH"},{"data":"Perfected Strike","floor":15,"key":"SMITH"}],"neow_cost":"NONE","seed_source_timestamp":1214042450668607,"circlet_count":0,"master_deck":["AscendersBane","Strike_R","Strike_R","Strike_R","Strike_R","Strike_R","Defend_R","Defend_R","Defend_R","Defend_R","Bash+1","Cleave+1","Armaments+1","Flex","Seeing Red","Pommel Strike","Thunderclap","Perfected Strike+1","Limit Break","Flex"],"relics":["Burning Blood","WarpedTongs","Mercury Hourglass","Golden Idol","Darkstone Periapt","Runic Pyramid"],"potions_floor_usage":[18],"damage_taken":[{"damage":9,"enemies":"Jaw Worm","floor":1,"turns":4},{"damage":7,"enemies":"Cultist","floor":2,"turns":4},{"damage":2,"enemies":"Small Slimes","floor":4,"turns":2},{"damage":11,"enemies":"2 Fungi Beasts","floor":7,"turns":4},{"damage":4,"enemies":"3 Louse","floor":10,"turns":2},{"damage":5,"enemies":"Large Slime","floor":11,"turns":5},{"damage":16,"enemies":"Lagavulin","floor":13,"turns":6},{"damage":54,"enemies":"Hexaghost","floor":16,"turns":10},{"damage":29,"enemies":"2 Thieves","floor":18,"turns":3},{"damage":41,"enemies":"Shell Parasite","floor":19,"turns":3}],"seed_played":"6987404427074710657","potions_obtained":[{"floor":1,"key":"Fire Potion"},{"floor":11,"key":"SneckoOil"},{"floor":13,"key":"SteroidPotion"},{"floor":16,"key":"Dexterity Potion"}],"is_trial":false,"path_per_floor":["M","M","?","M","$","R","M","R","T","M","M","?","E","?","R","B",null,"M","M"],"character_chosen":"IRONCLAD","items_purchased":["Seeing Red"],"campfire_rested":0,"item_purchase_floors":[5],"current_hp_per_floor":[65,64,64,68,68,68,63,63,63,65,66,66,56,61,61,13,58,35,0],"gold":215,"neow_bonus":"UPGRADE_CARD","is_prod":false,"is_daily":false,"chose_seed":false,"campfire_upgraded":3,"win_rate":0,"timestamp":1549108682,"path_taken":["M","M","?","?","$","R","M","R","T","M","M","?","E","?","R","BOSS","M","M"],"build_version":"2019-01-23","purchased_purges":1,"victory":false,"max_hp_per_floor":[75,75,75,75,75,75,75,75,75,75,75,68,68,73,73,73,73,73,73],"card_choices":[{"not_picked":["Second Wind","Anger"],"picked":"Cleave","floor":1},{"not_picked":["Blood for Blood","Cleave"],"picked":"Armaments","floor":2},{"not_picked":["Cleave","Clash"],"picked":"Flex","floor":4},{"not_picked":["Anger","Combust","Burning Pact"],"picked":"SKIP","floor":7},{"not_picked":["Twin Strike","Spot Weakness"],"picked":"Pommel Strike","floor":10},{"not_picked":["True Grit","Immolate"],"picked":"Thunderclap","floor":11},{"not_picked":["Disarm","Reckless Charge"],"picked":"Perfected Strike","floor":13},{"not_picked":["Berserk","Juggernaut"],"picked":"Limit Break","floor":16},{"not_picked":["Warcry","True Grit+1"],"picked":"Flex","floor":18}],"player_experience":684742,"relics_obtained":[{"floor":9,"key":"Mercury Hourglass"},{"floor":13,"key":"Darkstone Periapt"}],"event_choices":[{"damage_healed":0,"gold_gain":0,"player_choice":"Rummage","damage_taken":0,"relics_obtained":["WarpedTongs"],"max_hp_gain":0,"max_hp_loss":0,"event_name":"Accursed Blacksmith","floor":3,"gold_loss":0,"cards_obtained":["Pain"]},{"damage_healed":0,"gold_gain":0,"player_choice":"Lose Max HP","damage_taken":0,"relics_obtained":["Golden Idol"],"max_hp_gain":0,"max_hp_loss":7,"event_name":"Golden Idol","floor":12,"gold_loss":0},{"damage_healed":0,"gold_gain":0,"player_choice":"Donut","damage_taken":0,"max_hp_gain":5,"max_hp_loss":0,"event_name":"Big Fish","floor":14,"gold_loss":0}],"is_beta":true,"boss_relics":[{"not_picked":["Fusion Hammer","Runic Cube"],"picked":"Runic Pyramid"}],"items_purged_floors":[5],"is_endless":false,"potions_floor_spawned":[1,11,13,16],"killed_by":"Shell Parasite","ascension_level":17}