{"gold_per_floor":[119,138,23,23,36,36,68,68,68,128,128,7,32,46,46,146,146,159,12,102,57,72,72,87,87,87,87,100,116,136,136],"floor_reached":31,"playtime":2612,"items_purged":["Strike_G","Strike_G"],"score":245,"play_id":"136d3b78-467f-47a0-914b-8d645e364dcb","local_time":"20190128172105","is_ascension_mode":false,"campfire_choices":[{"data":"Infinite Blades","floor":6,"key":"SMITH"},{"data":"Blade Dance","floor":8,"key":"SMITH"},{"floor":11,"key":"REST"},{"data":"Dash","floor":15,"key":"SMITH"},{"data":"Choke","floor":23,"key":"SMITH"},{"data":"Dagger Spray","floor":25,"key":"SMITH"}],"neow_cost":"NONE","seed_source_timestamp":1161100106121300,"circlet_count":0,"master_deck":["Defend_G","Defend_G","Defend_G","Defend_G","Defend_G","Strike_G","Strike_G","Strike_G","Survivor","Neutralize","Purity","Blade Dance+1","Dagger Spray+1","Infinite Blades+1","Dash+1","Flying Knee","Outmaneuver","Deflect+1","Backflip+1","Backstab","Dodge and Roll+1","Night Terror+1","PiercingWail+1","Blade Dance+1","Deadly Poison+1","Choke+1","Dagger Throw","Backflip+1"],"relics":["Ring of the Snake","Nunchaku","Paper Crane","Toxic Egg 2","Mercury Hourglass","Philosopher\u0027s Stone","Question Card"],"potions_floor_usage":[5,7,7,10,10,16,16,29],"damage_taken":[{"damage":1,"enemies":"Small Slimes","floor":1,"turns":4},{"damage":0,"enemies":"Jaw Worm","floor":2,"turns":4},{"damage":5,"enemies":"Cultist","floor":5,"turns":4},{"damage":6,"enemies":"Gremlin Nob","floor":7,"turns":4},{"damage":26,"enemies":"Gremlin Nob","floor":10,"turns":4},{"damage":10,"enemies":"3 Sentries","floor":13,"turns":7},{"damage":4,"enemies":"2 Fungi Beasts","floor":14,"turns":2},{"damage":31,"enemies":"The Guardian","floor":16,"turns":13},{"damage":0,"enemies":"3 Byrds","floor":18,"turns":3},{"damage":0,"enemies":"Chosen","floor":22,"turns":4},{"damage":7,"enemies":"Snake Plant","floor":24,"turns":4},{"damage":0,"enemies":"Sentry and Sphere","floor":28,"turns":3},{"damage":28,"enemies":"Centurion and Healer","floor":29,"turns":4},{"damage":12,"enemies":"Chosen and Byrds","floor":30,"turns":6},{"damage":20,"enemies":"Gremlin Leader","floor":31,"turns":1}],"seed_played":"-20318634737719440","potions_obtained":[{"floor":2,"key":"EntropicBrew"},{"floor":7,"key":"PowerPotion"},{"floor":13,"key":"SkillPotion"},{"floor":14,"key":"EssenceOfSteel"},{"floor":28,"key":"AttackPotion"}],"is_trial":false,"path_per_floor":["M","M","$","?","M","R","E","R","T","?","R","$","E","M","R","B",null,"M","$","?","$","M","R","M","R","T","?","M","M","M","E"],"character_chosen":"THE_SILENT","items_purchased":["Infinite Blades","Dash","Backflip+1","Blade Dance+1","Deadly Poison+1"],"campfire_rested":1,"item_purchase_floors":[3,3,12,19,21],"current_hp_per_floor":[69,69,69,74,69,69,63,63,63,37,59,59,49,45,45,14,75,75,75,61,61,61,61,54,54,54,54,54,26,14,0],"gold":136,"neow_bonus":"RANDOM_COLORLESS","is_prod":false,"is_daily":false,"chose_seed":false,"campfire_upgraded":5,"win_rate":0.0,"timestamp":1548714065,"path_taken":["M","M","$","?","M","R","E","R","T","?","R","?","E","M","R","BOSS","M","$","?","?","M","R","M","R","T","?","M","M","M","E"],"build_version":"2019-01-23","purchased_purges":2,"victory":false,"max_hp_per_floor":[70,70,70,75,75,75,75,75,75,75,75,75,75,75,75,75,75,75,75,75,75,75,75,75,75,75,75,75,75,75,75],"card_choices":[{"not_picked":["Terror","Reflex"],"picked":"Blade Dance","floor":1},{"not_picked":["Bane","Acrobatics"],"picked":"Dagger Spray","floor":2},{"not_picked":["Dagger Spray","Deadly Poison"],"picked":"Flying Knee","floor":5},{"not_picked":["Dagger Throw","PiercingWail"],"picked":"Outmaneuver","floor":7},{"not_picked":["Predator","Masterful Stab"],"picked":"Deflect","floor":10},{"not_picked":["Unload","Quick Slash"],"picked":"Backstab","floor":13},{"not_picked":["Reflex+1","Sucker Punch"],"picked":"Dodge and Roll+1","floor":14},{"not_picked":["Adrenaline+1","Malaise+1"],"picked":"Night Terror+1","floor":16},{"not_picked":["Bouncing Flask+1","Outmaneuver+1"],"picked":"PiercingWail+1","floor":18},{"not_picked":["Acrobatics+1","Endless Agony"],"picked":"Choke","floor":22},{"not_picked":["Flechettes","Sucker Punch","All Out Attack"],"picked":"SKIP","floor":24},{"not_picked":["Poisoned Stab","Underhanded Strike","Riddle With Holes+1"],"picked":"Dagger Throw","floor":28},{"not_picked":["Crippling Poison+1","Riddle With Holes","Slice"],"picked":"Backflip+1","floor":29},{"not_picked":["Slice","Reflex+1","Unload","Masterful Stab"],"picked":"SKIP","floor":30}],"player_experience":37467,"relics_obtained":[{"floor":7,"key":"Nunchaku"},{"floor":9,"key":"Paper Crane"},{"floor":10,"key":"Toxic Egg 2"},{"floor":13,"key":"Mercury Hourglass"},{"floor":26,"key":"Question Card"}],"event_choices":[{"damage_healed":0,"gold_gain":0,"player_choice":"Donut","damage_taken":0,"max_hp_gain":5,"max_hp_loss":0,"event_name":"Big Fish","floor":4,"gold_loss":0},{"damage_healed":0,"gold_gain":0,"player_choice":"Searched \u00272\u0027 times","damage_taken":0,"max_hp_gain":0,"max_hp_loss":0,"event_name":"Dead Adventurer","floor":10,"gold_loss":0},{"damage_healed":0,"gold_gain":90,"player_choice":"GOLD ","damage_taken":14,"max_hp_gain":0,"max_hp_loss":0,"event_name":"Knowing Skull","floor":20,"potions_obtained":[],"gold_loss":0,"cards_obtained":[]},{"damage_healed":0,"gold_gain":0,"player_choice":"Ignored","damage_taken":0,"max_hp_gain":0,"max_hp_loss":0,"event_name":"Vampires","floor":27,"gold_loss":0}],"is_beta":false,"boss_relics":[{"not_picked":["Ectoplasm","White Beast Statue"],"picked":"Philosopher\u0027s Stone"}],"items_purged_floors":[12,19],"is_endless":false,"potions_floor_spawned":[2,7,13,14,28],"killed_by":"Gremlin Leader","ascension_level":0}