{"gold_per_floor":[112,112,37,51,65,65,93,93,93,109,119,136,148,180,180,180],"floor_reached":16,"playtime":654,"items_purged":["Pain"],"score":146,"play_id":"a3dd95ce-71a5-47ca-927c-954e3f964ec8","local_time":"20190130142746","is_ascension_mode":true,"campfire_choices":[{"floor":6,"key":"RECALL"},{"data":"Offering","floor":8,"key":"SMITH"},{"data":"Flex","floor":15,"key":"SMITH"}],"neow_cost":"CURSE","seed_source_timestamp":1620701809147698,"circlet_count":0,"master_deck":["Strike_R","Strike_R+1","Strike_R","Strike_R","Strike_R+1","Defend_R","Defend_R","Defend_R","Defend_R","Bash","Offering+1","Perfected Strike","Rupture","True Grit","Clothesline","Flex+1","Pommel Strike","Dropkick","Clash"],"relics":["Burning Blood","Bottled Lightning","Frozen Egg 2","Whetstone"],"potions_floor_usage":[2,7,7,7,14,14],"damage_taken":[{"damage":21,"enemies":"Small Slimes","floor":1,"turns":4},{"damage":7,"enemies":"Cultist","floor":4,"turns":3},{"damage":6,"enemies":"Jaw Worm","floor":5,"turns":3},{"damage":25,"enemies":"3 Sentries","floor":7,"turns":8},{"damage":10,"enemies":"Large Slime","floor":10,"turns":4},{"damage":6,"enemies":"2 Fungi Beasts","floor":11,"turns":2},{"damage":10,"enemies":"Lots of Slimes","floor":12,"turns":5},{"damage":6,"enemies":"Large Slime","floor":13,"turns":5},{"damage":6,"enemies":"Lagavulin","floor":14,"turns":2},{"damage":45,"enemies":"Hexaghost","floor":16,"turns":7}],"seed_played":"4041968012893558648","potions_obtained":[{"floor":1,"key":"Strength Potion"},{"floor":2,"key":"Ancient Potion"},{"floor":2,"key":"Poison Potion"},{"floor":2,"key":"Fruit Juice"},{"floor":4,"key":"Weak Potion"},{"floor":10,"key":"Fire Potion"},{"floor":11,"key":"Strength Potion"},{"floor":13,"key":"Dexterity Potion"},{"floor":14,"key":"Explosive Potion"}],"is_trial":false,"path_per_floor":["M","?","$","M","M","R","E","R","T","M","M","M","M","E","R","B"],"character_chosen":"IRONCLAD","items_purchased":[],"campfire_rested":0,"item_purchase_floors":[],"current_hp_per_floor":[65,70,70,69,69,69,50,50,50,46,46,42,42,42,42,0],"gold":180,"neow_bonus":"THREE_RARE_CARDS","is_prod":false,"is_daily":false,"chose_seed":false,"campfire_upgraded":2,"win_rate":0,"timestamp":1548836866,"path_taken":["M","?","$","M","M","R","E","R","T","M","?","M","M","E","R","BOSS"],"build_version":"2019-01-23","purchased_purges":1,"victory":false,"max_hp_per_floor":[80,85,85,85,85,85,85,85,85,85,85,85,85,85,85,85],"card_choices":[{"not_picked":["Exhume","Feed"],"picked":"Offering","floor":0},{"not_picked":["Wild Strike","Armaments"],"picked":"Perfected Strike","floor":1},{"not_picked":["Second Wind","Fire Breathing"],"picked":"Rupture","floor":4},{"not_picked":["Cleave","Pommel Strike"],"picked":"True Grit","floor":5},{"not_picked":["Pummel","Body Slam"],"picked":"Clothesline","floor":7},{"not_picked":["Warcry","Twin Strike","Clothesline"],"picked":"SKIP","floor":10},{"not_picked":["Disarm","Thunderclap"],"picked":"Flex","floor":11},{"not_picked":["Warcry","Burning Pact"],"picked":"Pommel Strike","floor":12},{"not_picked":["Power Through","Pummel"],"picked":"Dropkick","floor":13},{"not_picked":["Twin Strike","Warcry"],"picked":"Clash","floor":14}],"player_experience":697456,"relics_obtained":[{"floor":7,"key":"Bottled Lightning"},{"floor":9,"key":"Frozen Egg 2"},{"floor":14,"key":"Whetstone"}],"event_choices":[{"damage_healed":0,"gold_gain":0,"player_choice":"Got Potions","damage_taken":0,"max_hp_gain":0,"max_hp_loss":0,"event_name":"Lab","floor":2,"gold_loss":0}],"is_beta":false,"boss_relics":[],"items_purged_floors":[3],"is_endless":false,"potions_floor_spawned":[1,4,10,11,13,14],"killed_by":"Hexaghost","ascension_level":1}