{"gold_per_floor":[113,363,377,392,410,436,436,511,511,147,147,147,178,195,195,294,294,309,289,83,103,115,115,133,133,133,152,152,152,152,487,487,487],"floor_reached":33,"playtime":1791,"items_purged":["Regret","Strike_R"],"score":300,"play_id":"a400061d-f0a4-4a21-aa88-3a26ccd088e0","local_time":"20180628173754","is_ascension_mode":false,"campfire_choices":[{"data":"Armaments","floor":7.0,"key":"SMITH"},{"data":"Thunderclap","floor":11.0,"key":"SMITH"},{"data":"Whirlwind","floor":15.0,"key":"SMITH"},{"data":"Flex","floor":23.0,"key":"SMITH"},{"data":"Heavy Blade","floor":25.0,"key":"SMITH"},{"data":"Feed","floor":30.0,"key":"SMITH"},{"data":"Seeing Red","floor":32.0,"key":"SMITH"}],"neow_cost":"","seed_source_timestamp":0,"circlet_count":0,"master_deck":["Strike_R","Strike_R","Strike_R","Defend_R","Defend_R","Defend_R","Defend_R","Bash","Flex+1","Armaments+1","Thunderclap+1","Pommel Strike+1","Heavy Blade+1","Whirlwind+1","Feed+1","Heavy Blade+1","Flex+1","Injury","Seeing Red+1"],"special_seed":0,"relics":["Burning Blood","Bag of Marbles","Smiling Mask","Sundial","Incense Burner","Philosopher\u0027s Stone","Lantern","Calipers","Charon\u0027s Ashes","Old Coin"],"potions_floor_usage":[33,33,33],"damage_taken":[{"damage":7.0,"enemies":"Small Slimes","floor":1.0,"turns":4.0},{"damage":6.0,"enemies":"Cultist","floor":3.0,"turns":3.0},{"damage":5.0,"enemies":"Jaw Worm","floor":4.0,"turns":4.0},{"damage":10.0,"enemies":"Gremlin Gang","floor":5.0,"turns":6.0},{"damage":30.0,"enemies":"Gremlin Nob","floor":6.0,"turns":4.0},{"damage":19.0,"enemies":"3 Sentries","floor":13.0,"turns":6.0},{"damage":0.0,"enemies":"3 Louse","floor":14.0,"turns":1.0},{"damage":33.0,"enemies":"Hexaghost","floor":16.0,"turns":10.0},{"damage":23.0,"enemies":"Shell Parasite","floor":18.0,"turns":5.0},{"damage":2.0,"enemies":"Spheric Guardian","floor":21.0,"turns":3.0},{"damage":0.0,"enemies":"Snake Plant","floor":22.0,"turns":2.0},{"damage":27.0,"enemies":"Centurion and Healer","floor":24.0,"turns":4.0},{"damage":0.0,"enemies":"3 Cultists","floor":27.0,"turns":1.0},{"damage":38.0,"enemies":"Book of Stabbing","floor":31.0,"turns":4.0},{"damage":66,"enemies":"Champ","floor":33,"turns":9}],"seed_played":"-7965913285406300462","potions_obtained":[{"floor":1.0,"key":"Poison Potion"},{"floor":4.0,"key":"BloodPotion"},{"floor":13.0,"key":"SkillPotion"},{"floor":19.0,"key":"Ancient Potion"},{"floor":22.0,"key":"SkillPotion"},{"floor":24.0,"key":"FearPotion"},{"floor":31.0,"key":"Block Potion"}],"is_trial":false,"path_per_floor":["M","?","M","M","M","E","R","?","T","$","R","?","E","M","R","B",null,"M","?","$","M","M","R","M","R","T","M","?","?","R","E","R"],"character_chosen":"IRONCLAD","items_purchased":["Sundial","Lantern"],"campfire_rested":0,"item_purchase_floors":[],"current_hp_per_floor":[87,87,87,88,84,60,60,49,49,49,49,42,29,35,35,8,88,71,71,71,79,85,85,67,67,67,73,73,73,73,41,41,0],"gold":487,"neow_bonus":"","is_prod":false,"is_daily":false,"chose_seed":false,"campfire_upgraded":7,"win_rate":0,"timestamp":1530200274,"path_taken":["M","?","M","M","?","E","R","?","T","?","R","?","E","M","R","BOSS","M","?","$","M","M","R","M","R","T","M","?","?","R","E","R","BOSS"],"build_version":"2018-06-21v2","purchased_purges":2,"victory":false,"max_hp_per_floor":[88,88,88,88,88,88,88,88,88,88,88,88,88,88,88,88,88,88,88,88,92,92,92,95,95,95,95,95,95,95,95,95,95],"card_choices":[{"not_picked":["Searing Blow","Anger"],"picked":"Flex","floor":1.0},{"not_picked":["Metallicize","Pummel"],"picked":"Armaments","floor":3.0},{"not_picked":["True Grit","Anger"],"picked":"Thunderclap","floor":4.0},{"not_picked":["Cleave","Thunderclap"],"picked":"Pommel Strike","floor":5.0},{"not_picked":["Perfected Strike","Sword Boomerang","Shrug It Off"],"picked":"SKIP","floor":6.0},{"not_picked":["Perfected Strike","Impervious"],"picked":"Heavy Blade","floor":13.0},{"not_picked":["Combust","True Grit"],"picked":"Whirlwind","floor":14.0},{"not_picked":["Berserk","Bludgeon"],"picked":"Feed","floor":16.0},{"not_picked":["Fire Breathing","Corruption","Havoc"],"picked":"SKIP","floor":18.0},{"not_picked":["Combust","Havoc","Hemokinesis"],"picked":"SKIP","floor":21.0},{"not_picked":["Seeing Red","Flame Barrier+1"],"picked":"Heavy Blade+1","floor":22.0},{"not_picked":["Twin Strike+1","Havoc"],"picked":"Flex+1","floor":24.0},{"not_picked":["Corruption","Impervious","Wild Strike+1"],"picked":"SKIP","floor":27.0},{"not_picked":["True Grit","Sword Boomerang+1"],"picked":"Seeing Red","floor":31.0}],"player_experience":213938,"relics_obtained":[{"floor":6.0,"key":"Bag of Marbles"},{"floor":9.0,"key":"Smiling Mask"},{"floor":13.0,"key":"Incense Burner"},{"floor":26.0,"key":"Calipers"},{"floor":31.0,"key":"Old Coin"}],"event_choices":[{"event_name":"Golden Shrine","player_choice":"Desecrate","floor":2.0,"damage_taken":0.0},{"event_name":"World of Goop","player_choice":"Gather Gold","floor":8.0,"damage_taken":0.0},{"event_name":"Golden Wing","player_choice":"Card Removal","floor":12.0,"damage_taken":0.0},{"event_name":"The Woman in Blue","player_choice":"Bought 1 Potion","floor":19.0,"damage_taken":0.0},{"event_name":"Accursed Blacksmith","player_choice":"Forge","floor":28.0,"damage_taken":0.0},{"event_name":"The Mausoleum","player_choice":"Yes","floor":29.0,"damage_taken":0.0}],"boss_relics":[{"not_picked":["Tiny House","Busted Crown"],"picked":"Philosopher\u0027s Stone"}],"items_purged_floors":[],"is_endless":false,"potions_floor_spawned":[1,4,13,22,24,31],"killed_by":"Champ","ascension_level":0}