{"gold_per_floor":[214,143,159,159,159,159,175,175,175,204,279,279,309,335,347,454,466,489,242,255,271,271],"floor_reached":22,"playtime":18870,"items_purged":[],"score":262,"play_id":"bb7a7e35-1fe4-48a4-b97d-50275daf82d7","local_time":"20190131222043","is_ascension_mode":true,"campfire_choices":[{"data":"Hemokinesis","floor":6,"key":"SMITH"},{"data":"Bash","floor":8,"key":"SMITH"},{"data":"Rampage","floor":12,"key":"SMITH"},{"floor":15,"key":"REST"}],"neow_cost":"NONE","seed_source_timestamp":105321385168100,"circlet_count":0,"master_deck":["Strike_R","Strike_R","Strike_R","Strike_R","Defend_R","Defend_R","Defend_R","Defend_R","Bash+1","Clothesline","Inflame","Hemokinesis+1","Rampage+1","Anger","Carnage","Shrug It Off","Limit Break","Shockwave","Whirlwind","Battle Trance","Power Through","Armaments","Burning Pact+1"],"relics":["Burning Blood","Bottled Tornado","Frozen Egg 2","MawBank","Orrery","Bottled Flame"],"potions_floor_usage":[10,21,22],"damage_taken":[{"damage":9,"enemies":"2 Louse","floor":1,"turns":3},{"damage":0,"enemies":"Cultist","floor":3,"turns":4},{"damage":2,"enemies":"Jaw Worm","floor":7,"turns":3},{"damage":30,"enemies":"Lagavulin","floor":10,"turns":5},{"damage":16,"enemies":"Gremlin Nob","floor":13,"turns":3},{"damage":5,"enemies":"Blue Slaver","floor":14,"turns":2},{"damage":56,"enemies":"Hexaghost","floor":16,"turns":8},{"damage":13,"enemies":"3 Byrds","floor":18,"turns":5},{"damage":24,"enemies":"Chosen","floor":20,"turns":6},{"damage":36,"enemies":"3 Cultists","floor":21,"turns":5},{"damage":20,"enemies":"Shelled Parasite and Fungi","floor":22,"turns":4}],"seed_played":"7132514892135875892","potions_obtained":[{"floor":1,"key":"PowerPotion"},{"floor":3,"key":"Energy Potion"},{"floor":20,"key":"Swift Potion"}],"is_trial":false,"path_per_floor":["M","$","M","$","?","R","M","R","T","E","?","R","E","M","R","B",null,"M","$","M","M","M"],"character_chosen":"IRONCLAD","items_purchased":["Inflame","Bottled Flame"],"campfire_rested":1,"item_purchase_floors":[2,19],"current_hp_per_floor":[69,69,75,75,75,75,79,79,79,55,44,44,34,35,59,9,62,55,55,37,7,0],"gold":271,"neow_bonus":"HUNDRED_GOLD","is_prod":false,"is_daily":false,"chose_seed":false,"campfire_upgraded":3,"win_rate":0,"timestamp":1548944443,"path_taken":["M","$","M","$","?","R","?","R","T","E","?","R","E","M","R","BOSS","M","$","M","M","M"],"build_version":"2019-01-23","purchased_purges":0,"victory":false,"max_hp_per_floor":[80,80,80,80,80,80,80,80,80,80,80,80,80,80,80,80,80,80,80,80,80,80],"card_choices":[{"not_picked":["Feel No Pain","Headbutt"],"picked":"Clothesline","floor":1},{"not_picked":["Dual Wield","Rage"],"picked":"Hemokinesis","floor":3},{"not_picked":["Armaments","Burning Pact"],"picked":"Rampage","floor":7},{"not_picked":["Sever Soul","Perfected Strike"],"picked":"Anger","floor":10},{"not_picked":["Blood for Blood","Dark Embrace+1"],"picked":"Carnage","floor":13},{"not_picked":["Perfected Strike","Anger"],"picked":"Shrug It Off","floor":14},{"not_picked":["Brutality+1","Offering"],"picked":"Limit Break","floor":16},{"not_picked":["Heavy Blade","Sword Boomerang"],"picked":"Shockwave","floor":17},{"not_picked":["Seeing Red","Uppercut"],"picked":"Whirlwind","floor":17},{"not_picked":["Infernal Blade","Clash"],"picked":"Battle Trance","floor":17},{"not_picked":["Dual Wield","Havoc"],"picked":"Power Through","floor":17},{"not_picked":["Clash","Perfected Strike+1","Sword Boomerang"],"picked":"SKIP","floor":18},{"not_picked":["Anger+1","Clash+1"],"picked":"Armaments","floor":20},{"not_picked":["Havoc","Clothesline"],"picked":"Burning Pact+1","floor":21}],"player_experience":220552,"relics_obtained":[{"floor":9,"key":"Bottled Tornado"},{"floor":10,"key":"Frozen Egg 2"},{"floor":13,"key":"MawBank"}],"event_choices":[{"cards_removed":["Strike_R"],"damage_healed":0,"gold_gain":0,"player_choice":"Offered Basic","damage_taken":0,"max_hp_gain":0,"max_hp_loss":0,"event_name":"Bonfire Elementals","floor":5,"gold_loss":0},{"damage_healed":0,"gold_gain":75,"player_choice":"Gather Gold","damage_taken":11,"max_hp_gain":0,"max_hp_loss":0,"event_name":"World of Goop","floor":11,"gold_loss":0}],"is_beta":false,"boss_relics":[{"not_picked":["Calling Bell","Busted Crown"],"picked":"Orrery"}],"items_purged_floors":[],"is_endless":false,"potions_floor_spawned":[1,3,20],"killed_by":"Shelled Parasite and Fungi","ascension_level":7}