{"gold_per_floor":[114,114,114,114,129,129,159,159,234,234,249,123,153,168,168,268,268,283,298,313,328,427,427,457,1,1,1,1,1,16,116,116,216,216,231,246,246,261,276,276,291,333,345,357],"floor_reached":44,"playtime":4447,"items_purged":[],"score":568,"play_id":"cc73d0ce-0a35-4f8c-a585-219a5be474e5","local_time":"20180724173644","daily_mods":["Brewmaster","Terminal","Vintage"],"is_ascension_mode":false,"campfire_choices":[{"data":"Survivor","floor":6.0,"key":"SMITH"},{"floor":8.0,"key":"REST"},{"data":"Venomology","floor":10.0,"key":"SMITH"},{"data":"Dagger Spray","floor":15.0,"key":"SMITH"},{"data":"Venomology","floor":23.0,"key":"SMITH"},{"data":"Venomology","floor":32.0,"key":"SMITH"},{"data":"Magnetism","floor":40.0,"key":"SMITH"}],"neow_cost":"","seed_source_timestamp":0,"circlet_count":0,"master_deck":["Defend_G+1","Defend_G+1","Defend_G+1","Defend_G+1","Defend_G+1","Strike_G+1","Strike_G+1","Strike_G+1","Strike_G+1","Strike_G+1","Survivor+1","Neutralize+1","Venomology+1","Venomology+1","Venomology+1","Venomology+1","Venomology+1","Prepared+1","Escape Plan+1","Dagger Spray+1","Expertise+1","Malaise+1","Blur+1","Acrobatics+1","Backflip+1","Dagger Spray+1","Blind+1","Magnetism+1","Grand Finale+1","Parasite","Heel Hook+1","Injury"],"special_seed":17735,"relics":["Ring of the Snake","White Beast Statue","Toxic Egg 2","FaceOfCleric","Bottled Flame","Centennial Puzzle","Blue Candle","Ancient Tea Set","Oddly Smooth Stone","Juzu Bracelet","Molten Egg 2","Cursed Key","Matryoshka","Vajra","Gremlin Horn","War Paint","Ginger","Happy Flower","Dodecahedron","Darkstone Periapt","Mummified Hand","Philosopher\u0027s Stone","Art of War","Pantograph","Paper Crane","Frozen Egg 2","MawBank","Orichalcum","Regal Pillow","Pear"],"potions_floor_usage":[],"damage_taken":[{"damage":0.0,"enemies":"Jaw Worm","floor":1.0,"turns":10.0},{"damage":0.0,"enemies":"2 Louse","floor":5.0,"turns":6.0},{"damage":23.0,"enemies":"Gremlin Nob","floor":7.0,"turns":6.0},{"damage":0.0,"enemies":"Cultist","floor":11.0,"turns":4.0},{"damage":0.0,"enemies":"Lagavulin","floor":13.0,"turns":8.0},{"damage":0.0,"enemies":"Blue Slaver","floor":14.0,"turns":5.0},{"damage":65.0,"enemies":"The Guardian","floor":16.0,"turns":15.0},{"damage":1.0,"enemies":"Chosen","floor":18.0,"turns":7.0},{"damage":0.0,"enemies":"Shell Parasite","floor":19.0,"turns":11.0},{"damage":5.0,"enemies":"Cultist and Chosen","floor":20.0,"turns":8.0},{"damage":11.0,"enemies":"3 Cultists","floor":21.0,"turns":7.0},{"damage":3.0,"enemies":"Gremlin Leader","floor":24.0,"turns":8.0},{"damage":0.0,"enemies":"Snake Plant","floor":30.0,"turns":5.0},{"damage":20.0,"enemies":"Automaton","floor":33.0,"turns":11.0},{"damage":0.0,"enemies":"Flame Bruiser 1 Orb","floor":35.0,"turns":6.0},{"damage":0.0,"enemies":"Orb Walker","floor":36.0,"turns":5.0},{"damage":5.0,"enemies":"Flame Bruiser 2 Orb","floor":38.0,"turns":6.0},{"damage":7.0,"enemies":"Sphere and 2 Shapes","floor":39.0,"turns":5.0},{"damage":3.0,"enemies":"Transient","floor":41.0,"turns":5.0},{"damage":7.0,"enemies":"Giant Head","floor":42.0,"turns":9.0},{"damage":53,"enemies":"4 Shapes","floor":44,"turns":3}],"seed_played":"4484180567622836144","potions_obtained":[{"floor":1.0,"key":"Swift Potion"},{"floor":7.0,"key":"Energy Potion"},{"floor":11.0,"key":"Fire Potion"},{"floor":13.0,"key":"Regen Potion"},{"floor":14.0,"key":"LiquidBronze"},{"floor":16.0,"key":"Fire Potion"},{"floor":18.0,"key":"Ancient Potion"},{"floor":19.0,"key":"GamblersBrew"},{"floor":20.0,"key":"PowerPotion"},{"floor":21.0,"key":"LiquidBronze"},{"floor":24.0,"key":"Dexterity Potion"},{"floor":33.0,"key":"SkillPotion"},{"floor":35.0,"key":"Weak Potion"},{"floor":38.0,"key":"SkillPotion"},{"floor":39.0,"key":"Energy Potion"},{"floor":41.0,"key":"GhostInAJar"}],"is_trial":false,"path_per_floor":["M","?","?","?","M","R","E","R","T","R","M","$","E","M","R","B",null,"M","M","M","M","?","R","E","$","T","?","?","$","M","?","R","B",null,"M","M","?","M","M","R","M","E","T"],"character_chosen":"THE_SILENT","items_purchased":["Escape Plan+1","Dagger Spray","Acrobatics+1","Backflip+1","Dagger Spray+1","Blind+1","Magnetism"],"campfire_rested":1,"item_purchase_floors":[12,12,25,25,25,25,25],"current_hp_per_floor":[68,67,66,65,65,64,42,61,61,61,61,60,60,60,59,10,58,58,58,58,48,48,48,46,46,46,46,46,46,47,47,47,28,48,48,48,53,49,43,43,41,35,51,0],"gold":357,"neow_bonus":"","is_prod":false,"is_daily":true,"chose_seed":false,"campfire_upgraded":6,"win_rate":0,"timestamp":1532446604,"path_taken":["M","?","?","?","M","R","E","R","T","R","M","$","E","M","R","BOSS","M","M","M","M","?","R","E","$","T","?","?","?","M","?","R","BOSS","M","M","?","M","M","R","M","E","T","M"],"build_version":"2018-07-19v2","purchased_purges":0,"victory":false,"max_hp_per_floor":[68,67,66,65,65,64,64,63,62,61,61,60,60,60,59,59,58,58,58,58,58,57,56,56,55,54,53,52,51,51,50,49,49,48,48,48,53,53,53,52,52,52,67,67],"card_choices":[{"not_picked":["Eviscerate","Catalyst+1"],"picked":"Prepared+1","floor":7.0},{"not_picked":["Underhanded Strike","Poisoned Stab"],"picked":"Expertise+1","floor":13.0},{"not_picked":["Phantasmal Killer+1","Doppelganger+1"],"picked":"Malaise+1","floor":16.0},{"not_picked":["Dagger Throw+1","Flechettes+1"],"picked":"Blur+1","floor":24.0},{"not_picked":["Die Die Die+1","Adrenaline+1"],"picked":"Grand Finale+1","floor":33.0},{"not_picked":["Deadly Poison+1","Flying Knee+1"],"picked":"Heel Hook+1","floor":42.0}],"player_experience":219545,"relics_obtained":[{"floor":1.0,"key":"Toxic Egg 2"},{"floor":5.0,"key":"Bottled Flame"},{"floor":7.0,"key":"Centennial Puzzle"},{"floor":9.0,"key":"Blue Candle"},{"floor":11.0,"key":"Ancient Tea Set"},{"floor":13.0,"key":"Oddly Smooth Stone"},{"floor":14.0,"key":"Juzu Bracelet"},{"floor":16.0,"key":"Molten Egg 2"},{"floor":18.0,"key":"Matryoshka"},{"floor":19.0,"key":"Vajra"},{"floor":20.0,"key":"Gremlin Horn"},{"floor":21.0,"key":"War Paint"},{"floor":24.0,"key":"Ginger"},{"floor":26.0,"key":"Happy Flower"},{"floor":26.0,"key":"Dodecahedron"},{"floor":30.0,"key":"Darkstone Periapt"},{"floor":33.0,"key":"Mummified Hand"},{"floor":35.0,"key":"Art of War"},{"floor":36.0,"key":"Pantograph"},{"floor":38.0,"key":"Paper Crane"},{"floor":39.0,"key":"Frozen Egg 2"},{"floor":41.0,"key":"MawBank"},{"floor":42.0,"key":"Orichalcum"},{"floor":43,"key":"Regal Pillow"},{"floor":43,"key":"Pear"}],"event_choices":[{"event_name":"Shining Light","player_choice":"Ignored","floor":2.0,"damage_taken":0.0},{"event_name":"FaceTrader","player_choice":"Trade","floor":3.0,"damage_taken":0.0},{"event_name":"Living Wall","player_choice":"Grow","floor":4.0,"damage_taken":0.0},{"event_name":"Nest","player_choice":"Stole From Cult","floor":22.0,"damage_taken":0.0},{"event_name":"Back to Basics","player_choice":"Simplicity","floor":27.0,"damage_taken":0.0},{"event_name":"Ghosts","player_choice":"Ignored","floor":28.0,"damage_taken":0.0},{"event_name":"Golden Shrine","player_choice":"Pray","floor":31.0,"damage_taken":0.0},{"event_name":"Transmorgrifier","player_choice":"Transform","floor":37.0,"damage_taken":0.0}],"is_beta":false,"boss_relics":[{"not_picked":["Fusion Hammer","Sozu"],"picked":"Cursed Key"},{"not_picked":["Eternal Feather","Tiny House"],"picked":"Philosopher\u0027s Stone"}],"items_purged_floors":[],"is_endless":false,"potions_floor_spawned":[1,5,7,11,13,14,16,18,19,20,21,24,30,33,35,36,38,39,41,42],"killed_by":"4 Shapes","ascension_level":0}