{"gold_per_floor":[115,131,131,131,152,152,24,24,74,105,105,105,125,139,139,139],"floor_reached":16,"playtime":255,"items_purged":["Strike_G"],"score":200,"play_id":"75b6303a-8cc7-4b5b-b368-fec60154158e","local_time":"20190205185007","is_ascension_mode":true,"campfire_choices":[{"data":"Footwork","floor":6,"key":"SMITH"},{"data":"Deadly Poison","floor":8,"key":"SMITH"},{"data":"Bane","floor":11,"key":"SMITH"},{"floor":15,"key":"REST"}],"neow_cost":"NONE","seed_source_timestamp":7246242358100,"circlet_count":0,"master_deck":["AscendersBane","Defend_G","Defend_G","Defend_G","Defend_G","Defend_G","Strike_G","Strike_G","Strike_G","Strike_G","Survivor","Neutralize","Footwork+1","Neutralize","Poisoned Stab","Deadly Poison+1","Bane+1","PiercingWail"],"relics":["Ring of the Snake","NeowsBlessing","Golden Idol","Dream Catcher","Vajra","GremlinMask"],"potions_floor_usage":[10,13,14],"damage_taken":[{"damage":0,"enemies":"Cultist","floor":1,"turns":1},{"damage":0,"enemies":"2 Louse","floor":2,"turns":1},{"damage":0,"enemies":"Jaw Worm","floor":5,"turns":1},{"damage":45,"enemies":"Gremlin Nob","floor":10,"turns":5},{"damage":13,"enemies":"Lots of Slimes","floor":13,"turns":6},{"damage":0,"enemies":"Blue Slaver","floor":14,"turns":3},{"damage":20,"enemies":"The Guardian","floor":16,"turns":2}],"seed_played":"5998031981610003675","potions_obtained":[{"floor":1,"key":"Weak Potion"},{"floor":5,"key":"Dexterity Potion"},{"floor":13,"key":"Block Potion"}],"is_trial":false,"path_per_floor":["M","M","?","?","M","R","$","R","T","E","R","?","M","M","R","B"],"character_chosen":"THE_SILENT","items_purchased":["Deadly Poison"],"campfire_rested":1,"item_purchase_floors":[7],"current_hp_per_floor":[59,59,59,59,59,59,59,59,59,14,14,14,1,1,19,0],"gold":139,"neow_bonus":"THREE_ENEMY_KILL","is_prod":false,"is_daily":false,"chose_seed":false,"campfire_upgraded":3,"win_rate":0,"timestamp":1549385407,"path_taken":["M","M","?","?","?","R","$","R","T","E","R","?","?","M","R","BOSS"],"build_version":"2019-01-23","purchased_purges":1,"victory":false,"max_hp_per_floor":[66,66,60,60,60,60,60,60,60,60,60,60,60,60,60,60],"card_choices":[{"not_picked":["Heel Hook","Bouncing Flask"],"picked":"Footwork","floor":1},{"not_picked":["Distraction","Eviscerate","Expertise"],"picked":"SKIP","floor":2},{"not_picked":["Expertise","Catalyst"],"picked":"Poisoned Stab","floor":5},{"not_picked":["Heel Hook","Distraction"],"picked":"Bane","floor":10},{"not_picked":["Cloak And Dagger","Dodge and Roll","Quick Slash"],"picked":"SKIP","floor":13},{"not_picked":["Outmaneuver","Prepared","Slice"],"picked":"SKIP","floor":14},{"not_picked":["Concentrate","Poisoned Stab"],"picked":"PiercingWail","floor":15}],"player_experience":626093,"relics_obtained":[{"floor":9,"key":"Dream Catcher"},{"floor":10,"key":"Vajra"}],"event_choices":[{"damage_healed":0,"gold_gain":0,"player_choice":"Lose Max HP","damage_taken":0,"relics_obtained":["Golden Idol"],"max_hp_gain":0,"max_hp_loss":6,"event_name":"Golden Idol","floor":3,"gold_loss":0},{"damage_healed":0,"gold_gain":0,"player_choice":"1 cards matched","damage_taken":0,"max_hp_gain":0,"max_hp_loss":0,"event_name":"Match and Keep!","floor":4,"gold_loss":0,"cards_obtained":["Neutralize"]},{"damage_healed":0,"gold_gain":0,"player_choice":"Trade","damage_taken":0,"relics_obtained":["GremlinMask"],"max_hp_gain":0,"max_hp_loss":0,"event_name":"FaceTrader","floor":12,"gold_loss":0}],"is_beta":false,"boss_relics":[],"items_purged_floors":[7],"is_endless":false,"potions_floor_spawned":[1,5,13],"killed_by":"The Guardian","ascension_level":20}