{"gold_per_floor":[114,128,57,7,7,7,19,19,46,46,71,51,70,134,134,208,208,192,192,33,33,133,133,145,145,169,94,94,107,206,125,125,199,199,217,292,302,302,402,402],"floor_reached":40,"playtime":1721,"items_purged":["Dualcast"],"score":706,"play_id":"5ef4eea4-b555-47bc-b8c2-483d3cd6ac7c","local_time":"20190124171823","is_ascension_mode":true,"campfire_choices":[{"data":"Zap","floor":6.0,"key":"SMITH"},{"data":"Thunder Strike","floor":8.0,"key":"SMITH"},{"floor":15.0,"key":"REST"},{"floor":23.0,"key":"REST"},{"data":"White Noise","floor":25.0,"key":"SMITH"},{"data":"White Noise","floor":32.0,"key":"SMITH"}],"neow_cost":"TEN_PERCENT_HP_LOSS","seed_source_timestamp":451004619060215,"circlet_count":0,"master_deck":["AscendersBane","Strike_B+1","Strike_B+1","Defend_B","Defend_B","Defend_B","Zap+1","Thunder Strike+1","Auto Shields","Storm","Storm","Conserve Battery","Reinforced Body","Echo Form","Hologram","Echo Form","BootSequence","Reinforced Body","White Noise+1","Self Repair","Storm","White Noise+1","Amplify","Fusion+1"],"special_seed":0,"relics":["Cracked Core","Whetstone","Juzu Bracelet","Girya","Bag of Marbles","Philosopher\u0027s Stone","Lantern","Busted Crown","StoneCalendar"],"potions_floor_usage":[40,40],"damage_taken":[{"damage":0.0,"enemies":"Small Slimes","floor":1.0,"turns":3.0},{"damage":2.0,"enemies":"Jaw Worm","floor":2.0,"turns":4.0},{"damage":0.0,"enemies":"Cultist","floor":7.0,"turns":3.0},{"damage":8.0,"enemies":"Lagavulin","floor":11.0,"turns":7.0},{"damage":14.0,"enemies":"3 Louse","floor":13.0,"turns":5.0},{"damage":14.0,"enemies":"Gremlin Nob","floor":14.0,"turns":4.0},{"damage":0.0,"enemies":"Slime Boss","floor":16.0,"turns":3.0},{"damage":33.0,"enemies":"2 Thieves","floor":18.0,"turns":4.0},{"damage":31.0,"enemies":"3 Byrds","floor":24.0,"turns":5.0},{"damage":0.0,"enemies":"Centurion and Healer","floor":29.0,"turns":4.0},{"damage":62.0,"enemies":"Champ","floor":33.0,"turns":6.0},{"damage":25.0,"enemies":"3 Darklings","floor":35.0,"turns":3.0},{"damage":0,"enemies":"Orb Walker","floor":37,"turns":4},{"damage":13,"enemies":"Mind Bloom Boss Battle","floor":39,"turns":5},{"damage":39,"enemies":"Reptomancer","floor":40,"turns":3}],"seed_played":"7836051578271274460","potions_obtained":[{"floor":7.0,"key":"Swift Potion"},{"floor":11.0,"key":"Energy Potion"},{"floor":13.0,"key":"PowerPotion"},{"floor":16.0,"key":"Explosive Potion"},{"floor":24.0,"key":"FairyPotion"},{"floor":35.0,"key":"Poison Potion"},{"floor":37,"key":"PowerPotion"}],"is_trial":false,"path_per_floor":["M","M","$","?","?","R","M","R","T","T","E","?","M","?","R","B",null,"M","?","$","?","?","R","M","R","T","$","?","M","?","$","R","B",null,"M","?","M","$","?","E"],"character_chosen":"DEFECT","items_purchased":["Storm","White Noise","Self Repair","White Noise"],"campfire_rested":2,"item_purchase_floors":[3,20,20,31],"current_hp_per_floor":[68,66,66,66,59,59,59,59,59,59,51,51,37,23,43,43,62,29,29,29,29,29,49,32,32,32,32,32,46,46,46,46,13,54,43,37,37,37,38,0],"gold":402,"neow_bonus":"THREE_RARE_CARDS","is_prod":false,"is_daily":false,"chose_seed":false,"campfire_upgraded":4,"win_rate":0,"timestamp":1548346703,"path_taken":["M","M","$","?","?","R","M","R","T","?","E","?","M","?","R","BOSS","M","?","$","?","?","R","M","R","T","?","?","M","?","?","R","BOSS","M","?","M","$","?","E"],"build_version":"2019-01-23","purchased_purges":1,"victory":false,"max_hp_per_floor":[68,68,68,68,68,68,68,68,68,68,68,68,68,68,68,68,68,68,68,68,68,68,68,68,68,68,68,68,68,68,68,68,68,68,68,68,68,68,68,68],"card_choices":[{"not_picked":["Core Surge","Reboot"],"picked":"Thunder Strike","floor":0.0},{"not_picked":["Beam Cell","Melter"],"picked":"Auto Shields","floor":1.0},{"not_picked":["Redo","Compile Driver"],"picked":"Storm","floor":2.0},{"not_picked":["Compile Driver","BootSequence"],"picked":"Conserve Battery","floor":7.0},{"not_picked":["Stack","Self Repair"],"picked":"Reinforced Body","floor":11.0},{"not_picked":["Blizzard","Hello World"],"picked":"Echo Form","floor":13.0},{"not_picked":["Undo","Streamline"],"picked":"Hologram","floor":14.0},{"not_picked":["Reboot","All For One"],"picked":"Echo Form","floor":16.0},{"not_picked":["Barrage","Streamline"],"picked":"BootSequence","floor":18.0},{"not_picked":["Beam Cell","Lockon"],"picked":"Storm","floor":24.0},{"not_picked":["Blizzard","Chaos","Compile Driver"],"picked":"SKIP","floor":29.0},{"not_picked":["Biased Cognition","Core Surge"],"picked":"Amplify","floor":33.0},{"not_picked":["Fusion+1"],"picked":"SKIP","floor":35.0},{"not_picked":[],"picked":"Fusion+1","floor":35.0},{"not_picked":["Turbo"],"picked":"SKIP","floor":37}],"player_experience":616603,"relics_obtained":[{"floor":9.0,"key":"Whetstone"},{"floor":10.0,"key":"Juzu Bracelet"},{"floor":11.0,"key":"Girya"},{"floor":14.0,"key":"Bag of Marbles"},{"floor":26.0,"key":"Lantern"},{"floor":39,"key":"StoneCalendar"}],"event_choices":[{"cards_removed":["Strike_B"],"damage_healed":0.0,"max_hp_gain":0.0,"max_hp_loss":0.0,"gold_gain":0.0,"event_name":"The Cleric","player_choice":"Card Removal","floor":4.0,"gold_loss":50.0,"damage_taken":0.0},{"cards_removed":["Defend_B"],"damage_healed":0.0,"max_hp_gain":0.0,"max_hp_loss":0.0,"gold_gain":0.0,"event_name":"Golden Wing","player_choice":"Card Removal","floor":5.0,"gold_loss":0.0,"damage_taken":7.0},{"damage_healed":0.0,"max_hp_gain":0.0,"max_hp_loss":0.0,"gold_gain":0.0,"event_name":"The Woman in Blue","player_choice":"Bought 1 Potion","floor":12.0,"gold_loss":0.0,"damage_taken":0.0},{"damage_healed":0.0,"max_hp_gain":0.0,"max_hp_loss":0.0,"gold_gain":0.0,"event_name":"Dead Adventurer","player_choice":"Searched \u00272\u0027 times","floor":14.0,"gold_loss":0.0,"damage_taken":0.0},{"damage_healed":0.0,"max_hp_gain":0.0,"max_hp_loss":0.0,"gold_gain":0.0,"cards_transformed":["Strike_B"],"event_name":"Transmorgrifier","player_choice":"Transformed","floor":19.0,"gold_loss":0.0,"damage_taken":0.0,"cards_obtained":["Reinforced Body"]},{"damage_healed":0.0,"max_hp_gain":0.0,"max_hp_loss":0.0,"gold_gain":0.0,"event_name":"Cursed Tome","player_choice":"Ignored","floor":21.0,"gold_loss":0.0,"damage_taken":0.0},{"damage_healed":0.0,"max_hp_gain":0.0,"max_hp_loss":0.0,"gold_gain":100.0,"event_name":"Golden Shrine","player_choice":"Pray","floor":22.0,"gold_loss":0.0,"damage_taken":0.0},{"damage_healed":0.0,"max_hp_gain":0.0,"max_hp_loss":0.0,"gold_gain":0.0,"event_name":"Vampires","player_choice":"Ignored","floor":28.0,"gold_loss":0.0,"damage_taken":0.0},{"damage_healed":0.0,"max_hp_gain":0.0,"max_hp_loss":0.0,"gold_gain":99.0,"event_name":"Nest","player_choice":"Stole From Cult","floor":30.0,"gold_loss":0.0,"damage_taken":0.0},{"damage_healed":0.0,"max_hp_gain":0.0,"max_hp_loss":0.0,"gold_gain":75.0,"event_name":"FaceTrader","player_choice":"Touch","floor":36.0,"gold_loss":0.0,"damage_taken":6.0},{"damage_healed":0,"gold_gain":0,"player_choice":"Fight","damage_taken":0,"max_hp_gain":0,"max_hp_loss":0,"event_name":"MindBloom","floor":39,"gold_loss":0}],"is_beta":true,"boss_relics":[{"not_picked":["Tiny House","Lizard Tail"],"picked":"Philosopher\u0027s Stone"},{"not_picked":["Inserter","Eternal Feather"],"picked":"Busted Crown"}],"items_purged_floors":[27],"is_endless":false,"potions_floor_spawned":[7,11,13,16,24,35,37,39],"killed_by":"Reptomancer","ascension_level":13}