{"gold_per_floor":[115,115,115,128,128,156,176,188,188,188,218,233,9,37,37,37],"floor_reached":16,"playtime":522,"items_purged":[],"score":100,"play_id":"ff0ab9e8-78ff-4d60-b162-f666a535ad10","local_time":"20190204182901","is_ascension_mode":false,"campfire_choices":[{"floor":10,"key":"REST"},{"data":"Discovery","floor":15,"key":"SMITH"}],"neow_cost":"NONE","seed_source_timestamp":26882367571867,"circlet_count":0,"master_deck":["Defend_G","Defend_G","Defend_G","Defend_G","Defend_G","Strike_G","Strike_G","Strike_G","Strike_G","Strike_G","Survivor","Neutralize","Flying Knee","Flechettes","Caltrops","Escape Plan","Masterful Stab","Flechettes","Envenom","Discovery+1","Fire Breathing"],"relics":["Ring of the Snake","Regal Pillow","Dream Catcher","Pear","The Courier","Juzu Bracelet","PrismaticShard","Odd Mushroom"],"potions_floor_usage":[6,14,16,16],"damage_taken":[{"damage":4,"enemies":"Jaw Worm","floor":1,"turns":5},{"damage":3,"enemies":"Small Slimes","floor":4,"turns":3},{"damage":27,"enemies":"Gremlin Nob","floor":6,"turns":5},{"damage":0,"enemies":"2 Louse","floor":7,"turns":3},{"damage":0,"enemies":"Large Slime","floor":8,"turns":5},{"damage":13,"enemies":"2 Fungi Beasts","floor":12,"turns":3},{"damage":14,"enemies":"The Mushroom Lair","floor":14,"turns":3},{"damage":53,"enemies":"The Guardian","floor":16,"turns":10}],"seed_played":"6638089583317883978","potions_obtained":[{"floor":4,"key":"Ancient Potion"},{"floor":6,"key":"Block Potion"},{"floor":8,"key":"SteroidPotion"},{"floor":12,"key":"Explosive Potion"}],"is_trial":false,"path_per_floor":["M","?","T","M","?","E","M","M","T","R","?","M","$","?","R","B"],"character_chosen":"THE_SILENT","items_purchased":["PrismaticShard","Discovery"],"campfire_rested":1,"item_purchase_floors":[13,13],"current_hp_per_floor":[66,59,69,66,66,39,39,39,39,78,78,65,65,51,51,0],"gold":37,"neow_bonus":"RANDOM_COMMON_RELIC","is_prod":false,"is_daily":false,"chose_seed":false,"campfire_upgraded":1,"win_rate":0.0,"timestamp":1549276141,"path_taken":["M","?","?","?","?","E","M","M","T","R","?","M","$","?","R","BOSS"],"build_version":"2019-01-23","purchased_purges":0,"victory":false,"max_hp_per_floor":[70,70,80,80,80,80,80,80,80,80,80,80,80,80,80,80],"card_choices":[{"not_picked":["Acrobatics","Deflect"],"picked":"Flying Knee","floor":1},{"not_picked":["Poisoned Stab","All Out Attack"],"picked":"Flechettes","floor":4},{"not_picked":["A Thousand Cuts","Deadly Poison"],"picked":"Caltrops","floor":6},{"not_picked":["Terror","Sucker Punch"],"picked":"Escape Plan","floor":7},{"not_picked":["Deadly Poison","Slice"],"picked":"Masterful Stab","floor":8},{"not_picked":["Prepared","Underhanded Strike"],"picked":"Flechettes","floor":10},{"not_picked":["Flying Knee","Underhanded Strike"],"picked":"Envenom","floor":12},{"not_picked":["Second Wind","Blade Dance"],"picked":"Fire Breathing","floor":14}],"player_experience":177880,"relics_obtained":[{"floor":3,"key":"Pear"},{"floor":6,"key":"The Courier"},{"floor":9,"key":"Juzu Bracelet"},{"floor":14,"key":"Odd Mushroom"}],"event_choices":[{"damage_healed":0,"gold_gain":0,"player_choice":"Success","damage_taken":7,"relics_obtained":["Dream Catcher"],"max_hp_gain":0,"max_hp_loss":0,"event_name":"Scrap Ooze","floor":2,"gold_loss":0},{"damage_healed":0,"gold_gain":0,"player_choice":"Ignored","damage_taken":0,"max_hp_gain":0,"max_hp_loss":0,"event_name":"Shining Light","floor":5,"gold_loss":0},{"damage_healed":0,"gold_gain":30,"player_choice":"Searched \u00271\u0027 times","damage_taken":0,"max_hp_gain":0,"max_hp_loss":0,"event_name":"Dead Adventurer","floor":11,"gold_loss":0},{"damage_healed":0,"gold_gain":0,"player_choice":"Fought Mushrooms","damage_taken":0,"max_hp_gain":0,"max_hp_loss":0,"event_name":"Mushrooms","floor":14,"gold_loss":0}],"is_beta":false,"boss_relics":[],"items_purged_floors":[],"is_endless":false,"potions_floor_spawned":[4,6,8,12],"killed_by":"The Guardian","ascension_level":0}