{"gold_per_floor":[118,118,129,24,24,24,55,70,70,89,89,114,114,148,148,223,223,239,239,50,67,83,83,115,115,115,115,115,115,115,134,134,134],"floor_reached":33,"playtime":812,"items_purged":["Strike_G","Dagger Spray"],"score":542,"play_id":"081ba193-f90b-48b5-8ab8-0a5e62971e9a","local_time":"20190205203259","is_ascension_mode":true,"campfire_choices":[{"data":"Bane","floor":6,"key":"SMITH"},{"data":"Noxious Fumes","floor":13,"key":"SMITH"},{"data":"Footwork","floor":15,"key":"SMITH"},{"floor":23,"key":"REST"},{"data":"Noxious Fumes","floor":25,"key":"SMITH"},{"data":"Corpse Explosion","floor":29,"key":"SMITH"},{"data":"Neutralize","floor":32,"key":"SMITH"}],"neow_cost":"NONE","seed_source_timestamp":12861808344800,"circlet_count":0,"master_deck":["AscendersBane","Defend_G+1","Defend_G+1","Defend_G+1","Defend_G+1","Defend_G+1","Strike_G+1","Strike_G+1","Strike_G+1","Strike_G+1","Survivor","Neutralize+1","Poisoned Stab","Bane+1","Noxious Fumes+1","Footwork+1","Corpse Explosion+1","Noxious Fumes+1"],"relics":["Ring of the Snake","Mercury Hourglass","Meat on the Bone","The Specimen","War Paint","Blue Candle","Sozu","WingedGreaves","Question Card"],"potions_floor_usage":[16,16],"damage_taken":[{"damage":1,"enemies":"Small Slimes","floor":1,"turns":4},{"damage":2,"enemies":"Cultist","floor":3,"turns":4},{"damage":19,"enemies":"Gremlin Nob","floor":7,"turns":4},{"damage":0,"enemies":"2 Louse","floor":8,"turns":3},{"damage":3,"enemies":"Looter","floor":10,"turns":2},{"damage":23,"enemies":"3 Sentries","floor":14,"turns":5},{"damage":16,"enemies":"Slime Boss","floor":16,"turns":9},{"damage":13,"enemies":"Chosen","floor":18,"turns":5},{"damage":1,"enemies":"3 Byrds","floor":21,"turns":3},{"damage":15,"enemies":"Shelled Parasite and Fungi","floor":22,"turns":5},{"damage":26,"enemies":"Gremlin Leader","floor":24,"turns":5},{"damage":12,"enemies":"Centurion and Healer","floor":31,"turns":4},{"damage":68,"enemies":"Champ","floor":33,"turns":12}],"seed_played":"778967075699872365","potions_obtained":[{"floor":7,"key":"Ancient Potion"},{"floor":14,"key":"PowerPotion"}],"is_trial":false,"path_per_floor":["M","?","M","$","T","R","E","M","T","M","?","T","R","E","R","B",null,"M","?","$","M","M","R","E","R","T","$","?","R","?","M","R","B"],"character_chosen":"THE_SILENT","items_purchased":["Bane","Noxious Fumes"],"campfire_rested":1,"item_purchase_floors":[4,20],"current_hp_per_floor":[64,72,70,70,70,70,51,51,51,48,48,48,48,37,37,33,62,49,49,49,48,45,66,40,40,40,40,54,54,54,42,42,0],"gold":134,"neow_bonus":"TEN_PERCENT_HP_BONUS","is_prod":false,"is_daily":false,"chose_seed":false,"campfire_upgraded":6,"win_rate":0,"timestamp":1549391579,"path_taken":["M","?","M","$","?","R","E","M","T","M","?","?","R","E","R","BOSS","M","?","$","M","M","R","E","R","T","$","?","R","?","M","R","BOSS"],"build_version":"2019-01-23","purchased_purges":2,"victory":false,"max_hp_per_floor":[72,72,72,72,72,72,72,72,72,72,72,72,72,72,72,72,72,72,72,72,72,72,72,72,72,72,72,72,72,72,72,72,72],"card_choices":[{"not_picked":["Quick Slash","Backflip"],"picked":"Poisoned Stab","floor":1},{"not_picked":["Eviscerate","Backflip","Dodge and Roll"],"picked":"SKIP","floor":3},{"not_picked":["Bane","Backflip"],"picked":"Noxious Fumes","floor":7},{"not_picked":["Dagger Throw","Masterful Stab"],"picked":"Dagger Spray","floor":8},{"not_picked":["Dagger Spray","Masterful Stab"],"picked":"Footwork","floor":10},{"not_picked":["Dagger Spray","Bouncing Flask","Masterful Stab"],"picked":"SKIP","floor":14},{"not_picked":["Night Terror","Wraith Form v2"],"picked":"Corpse Explosion","floor":16},{"not_picked":["Outmaneuver","Backflip","Deflect"],"picked":"SKIP","floor":18},{"not_picked":["Dagger Spray+1","Cloak And Dagger","Deflect"],"picked":"SKIP","floor":21},{"not_picked":["Quick Slash","Poisoned Stab","Underhanded Strike"],"picked":"SKIP","floor":22},{"not_picked":["Prepared","Dash","Finisher"],"picked":"SKIP","floor":24},{"not_picked":["Acrobatics","Caltrops","Slice","Backflip"],"picked":"SKIP","floor":31}],"player_experience":631494,"relics_obtained":[{"floor":5,"key":"Mercury Hourglass"},{"floor":7,"key":"Meat on the Bone"},{"floor":9,"key":"The Specimen"},{"floor":12,"key":"War Paint"},{"floor":14,"key":"Blue Candle"},{"floor":24,"key":"WingedGreaves"},{"floor":26,"key":"Question Card"}],"event_choices":[{"damage_healed":8,"gold_gain":0,"player_choice":"Full Heal","damage_taken":0,"max_hp_gain":0,"max_hp_loss":0,"event_name":"Wheel of Change","floor":2,"gold_loss":0},{"damage_healed":0,"gold_gain":0,"player_choice":"Ignored","damage_taken":0,"max_hp_gain":0,"max_hp_loss":0,"event_name":"Liars Game","floor":11,"gold_loss":0},{"damage_healed":0,"gold_gain":0,"player_choice":"Simplicity","damage_taken":0,"max_hp_gain":0,"max_hp_loss":0,"event_name":"Back to Basics","floor":19,"gold_loss":0,"cards_upgraded":["Defend_G","Defend_G","Defend_G","Strike_G","Strike_G","Strike_G","Strike_G"]},{"damage_healed":14,"gold_gain":0,"player_choice":"Heal","damage_taken":0,"max_hp_gain":0,"max_hp_loss":0,"event_name":"The Library","floor":28,"gold_loss":0},{"damage_healed":0,"gold_gain":0,"player_choice":"Ignored","damage_taken":0,"max_hp_gain":0,"max_hp_loss":0,"event_name":"The Mausoleum","floor":30,"gold_loss":0}],"is_beta":false,"boss_relics":[{"not_picked":["Eternal Feather","Runic Pyramid"],"picked":"Sozu"}],"items_purged_floors":[4,20],"is_endless":false,"potions_floor_spawned":[7,14,18,22],"killed_by":"Champ","ascension_level":20}