{"path_per_floor":["M","M","?","M","?","E","$","E","T","M","?","?","M","E","R","B",null,"M","$","M","?","M","R","M","R","T","?","E","M","M","E","R","B",null,"M","?","M","?","M","R","E","M","T","?","M","R","E","M","R","B"],"character_chosen":"THE_SILENT","items_purchased":["Deflect","Mummified Hand"],"gold_per_floor":[113,128,128,138,138,163,42,75,75,90,90,165,185,220,220,324,324,341,98,113,38,57,57,68,68,92,92,118,130,150,183,183,284,284,299,299,319,319,334,334,364,374,399,0,12,12,38,51,51,51],"floor_reached":51,"campfire_rested":2,"playtime":5473,"current_hp_per_floor":[77,77,70,70,63,63,63,63,63,63,63,52,52,35,35,27,77,78,78,70,70,66,66,58,58,58,42,41,36,37,39,66,47,91,93,93,95,86,88,88,89,88,88,88,92,92,77,70,101,61],"items_purged":["Strike_G"],"gold":51,"score":869,"play_id":"88d152a4-9c99-4ffa-98c4-19980657ad63","local_time":"20180513015532","is_prod":false,"is_daily":false,"chose_seed":false,"is_ascension_mode":false,"campfire_upgraded":5,"timestamp":1526169332,"path_taken":["M","M","?","?","?","E","?","E","T","M","?","?","?","E","R","BOSS","M","$","M","?","?","R","?","R","T","?","E","M","M","E","R","BOSS","M","?","M","?","M","R","E","M","T","?","?","R","E","?","R","BOSS"],"build_version":"2018-05-10","seed_source_timestamp":22210774656167,"purchased_purges":1,"victory":true,"master_deck":["Defend_G","Defend_G","Defend_G+1","Defend_G","Strike_G","Strike_G","Survivor+1","Neutralize","Dash","Prepared","Footwork+1","Footwork+1","Deflect","Dodge and Roll","Caltrops+1","Dodge and Roll","Escape Plan","A Thousand Cuts+1","Cloak And Dagger","A Thousand Cuts+1","Noxious Fumes+1","Clumsy"],"max_hp_per_floor":[77,77,77,77,77,77,77,77,77,77,77,77,77,77,77,77,77,79,79,81,81,83,83,85,85,85,85,85,87,89,91,91,91,91,93,93,95,95,97,97,99,99,99,99,101,101,103,105,105,105],"relics":["Ring of the Snake","Strawberry","Mercury Hourglass","Girya","Dodecahedron","Torii","Singing Bowl","Philosopher\u0027s Stone","Mummified Hand","War Paint","Nilry\u0027s Codex","Shuriken","Happy Flower","Cursed Key","Matryoshka","Centennial Puzzle","Blood Vial","Red Mask","Pantograph"],"card_choices":[{"not_picked":["Crippling Poison","Malaise"],"picked":"Dash","floor":1},{"not_picked":["Quick Slash","Dagger Spray"],"picked":"Prepared","floor":2},{"not_picked":["Backflip","Blur"],"picked":"Footwork","floor":4},{"not_picked":["Sucker Punch","Prepared"],"picked":"Footwork","floor":6},{"not_picked":["PiercingWail","Deadly Poison"],"picked":"Dodge and Roll","floor":8},{"not_picked":["Dagger Spray","Poisoned Stab"],"picked":"Caltrops","floor":10},{"not_picked":["Dagger Throw","Bane"],"picked":"Dodge and Roll","floor":13},{"not_picked":["Eviscerate","Poisoned Stab"],"picked":"Escape Plan","floor":14},{"not_picked":["Night Terror","Wraith Form v2"],"picked":"A Thousand Cuts","floor":16},{"not_picked":["Deflect","Backstab"],"picked":"Cloak And Dagger","floor":28},{"not_picked":["Die Die Die","Wraith Form v2"],"picked":"A Thousand Cuts","floor":33},{"not_picked":["Accuracy","Quick Slash"],"picked":"Noxious Fumes","floor":42}],"player_experience":120088,"potions_floor_usage":[6,6,16,20,28,33,33,33,41,47,50,50,50],"damage_taken":[{"damage":0,"enemies":"Jaw Worm","floor":1,"turns":6},{"damage":0,"enemies":"Small Slimes","floor":2,"turns":4},{"damage":0,"enemies":"Cultist","floor":4,"turns":3},{"damage":0,"enemies":"Lagavulin","floor":6,"turns":7},{"damage":0,"enemies":"3 Sentries","floor":8,"turns":7},{"damage":0,"enemies":"Lots of Slimes","floor":10,"turns":3},{"damage":0,"enemies":"3 Louse","floor":13,"turns":3},{"damage":17,"enemies":"Gremlin Nob","floor":14,"turns":6},{"damage":8,"enemies":"Hexaghost","floor":16,"turns":17},{"damage":1,"enemies":"Spheric Guardian","floor":18,"turns":5},{"damage":10,"enemies":"3 Byrds","floor":20,"turns":4},{"damage":6,"enemies":"Centurion and Healer","floor":22,"turns":9},{"damage":10,"enemies":"Snecko","floor":24,"turns":7},{"damage":1,"enemies":"Book of Stabbing","floor":28,"turns":6},{"damage":7,"enemies":"3 Cultists","floor":29,"turns":5},{"damage":1,"enemies":"Centurion and Healer","floor":30,"turns":7},{"damage":0,"enemies":"Gremlin Leader","floor":31,"turns":6},{"damage":19,"enemies":"Automaton","floor":33,"turns":11},{"damage":0,"enemies":"Orb Walker","floor":35,"turns":4},{"damage":0,"enemies":"3 Shapes","floor":37,"turns":2},{"damage":0,"enemies":"3 Darklings","floor":39,"turns":3},{"damage":1,"enemies":"Giant Head","floor":41,"turns":10},{"damage":1,"enemies":"Maw","floor":42,"turns":9},{"damage":0,"enemies":"Sphere and 2 Shapes","floor":45,"turns":4},{"damage":19,"enemies":"Nemesis","floor":47,"turns":7},{"damage":11,"enemies":"3 Darklings","floor":48,"turns":4},{"damage":56,"enemies":"Awakened One","floor":50,"turns":13}],"event_choices":[{"event_name":"Scrap Ooze","player_choice":"success","floor":3,"damage_taken":7},{"event_name":"Golden Wing","player_choice":"Card Removal","floor":5,"damage_taken":0},{"event_name":"Upgrade Shrine","player_choice":"Upgraded","floor":11,"damage_taken":0},{"event_name":"World of Goop","player_choice":"Gather Gold","floor":12,"damage_taken":0},{"event_name":"Beggar","player_choice":"Gave Gold","floor":21,"damage_taken":0},{"event_name":"Cursed Tome","player_choice":"Obtained Book","floor":27,"damage_taken":0},{"event_name":"Wheel of Change","player_choice":"Damage","floor":38,"damage_taken":0},{"event_name":"Tomb of Lord Red Mask","player_choice":"Paid","floor":44,"damage_taken":0}],"boss_relics":[{"not_picked":["Ectoplasm","Runic Dome"],"picked":"Philosopher\u0027s Stone"},{"not_picked":["Black Star","Velvet Choker"],"picked":"Cursed Key"}],"potions_floor_spawned":[1,2,13,16,18,28,30,33,35,39,42,47,48],"seed_played":"2705031381501776416","ascension_level":0,"is_trial":false}