{"gold_per_floor":[210,210,210,222,0,28,28,53,53,53,53,53,78,78,78,151,151,168,168,199,210,224,224,240,240,292,134,134,134,151,151,151,151],"floor_reached":33,"playtime":967,"items_purged":["Strike_G","Strike_G"],"score":618,"play_id":"9bb32e15-fbf8-429a-93f0-9bb67d668c71","local_time":"20190205201456","is_ascension_mode":true,"campfire_choices":[{"data":"Poisoned Stab","floor":7.0,"key":"SMITH"},{"floor":10.0,"key":"REST"},{"floor":12.0,"key":"REST"},{"data":"Bane","floor":15.0,"key":"SMITH"},{"floor":23.0,"key":"REST"},{"data":"Corpse Explosion","floor":25.0,"key":"SMITH"},{"floor":28,"key":"REST"},{"floor":32,"key":"REST"}],"neow_cost":"NONE","seed_source_timestamp":11531868143100,"circlet_count":0,"master_deck":["AscendersBane","Defend_G","Defend_G+1","Defend_G","Defend_G","Defend_G","Strike_G","Survivor+1","Neutralize","Poisoned Stab+1","Bane+1","Well Laid Plans","PiercingWail","Adrenaline","Corpse Explosion+1","Deadly Poison","Blur","Deadly Poison","Bane+1","Deadly Poison+1","PiercingWail"],"special_seed":0,"relics":["Ring of the Snake","Art of War","Dead Branch","War Paint","Sundial","Prayer Wheel","Sozu","Red Mask","Snake Skull","FaceOfCleric","Nilry\u0027s Codex"],"potions_floor_usage":[],"damage_taken":[{"damage":1.0,"enemies":"Small Slimes","floor":1.0,"turns":4.0},{"damage":0.0,"enemies":"2 Louse","floor":4.0,"turns":3.0},{"damage":21.0,"enemies":"3 Sentries","floor":6.0,"turns":11.0},{"damage":21.0,"enemies":"Gremlin Nob","floor":8.0,"turns":4.0},{"damage":23.0,"enemies":"Lagavulin","floor":13.0,"turns":7.0},{"damage":0.0,"enemies":"The Guardian","floor":16.0,"turns":13.0},{"damage":0.0,"enemies":"2 Thieves","floor":18.0,"turns":2.0},{"damage":12.0,"enemies":"Masked Bandits","floor":20.0,"turns":2.0},{"damage":1.0,"enemies":"Spheric Guardian","floor":21.0,"turns":5.0},{"damage":10.0,"enemies":"Shelled Parasite and Fungi","floor":22.0,"turns":3.0},{"damage":13.0,"enemies":"Cultist and Chosen","floor":24.0,"turns":4.0},{"damage":2,"enemies":"Centurion and Healer","floor":30,"turns":3},{"damage":55,"enemies":"Automaton","floor":33,"turns":6}],"seed_played":"-3367626740216049009","potions_obtained":[{"floor":4.0,"key":"Ancient Potion"},{"floor":6.0,"key":"FearPotion"},{"floor":16.0,"key":"FearPotion"}],"is_trial":false,"path_per_floor":["M","?","?","M","$","E","R","E","T","R","$","R","E","?","R","B",null,"M","?","?","M","M","R","M","R","T","$","R","?","M","?","R","B"],"character_chosen":"THE_SILENT","items_purchased":["Well Laid Plans","Strength Potion","PiercingWail"],"campfire_rested":5,"item_purchase_floors":[5,5,27],"current_hp_per_floor":[58,51,46,46,46,25,25,4,4,23,23,42,19,19,19,19,54,54,54,42,41,31,50,37,37,37,37,56,56,55,34,54,0],"gold":151,"neow_bonus":"HUNDRED_GOLD","is_prod":false,"is_daily":false,"chose_seed":false,"campfire_upgraded":3,"win_rate":0,"timestamp":1549390496,"path_taken":["M","?","?","M","$","E","R","E","T","R","$","R","E","?","R","BOSS","M","?","?","M","M","R","M","R","T","$","R","?","?","?","R","BOSS"],"build_version":"2019-01-23","purchased_purges":2,"victory":false,"max_hp_per_floor":[66,66,66,66,66,66,66,66,66,66,66,66,66,66,66,66,66,66,66,66,66,66,66,66,66,66,66,66,66,67,67,67,67],"card_choices":[{"not_picked":["Flying Knee","Slice"],"picked":"Poisoned Stab","floor":1.0},{"not_picked":["Accuracy","Dagger Spray"],"picked":"Bane","floor":4.0},{"not_picked":["Prepared","Predator","Bane"],"picked":"SKIP","floor":6.0},{"not_picked":["Underhanded Strike","Bane"],"picked":"PiercingWail","floor":8.0},{"not_picked":["Cloak And Dagger","Caltrops"],"picked":"Adrenaline","floor":13.0},{"not_picked":["Phantasmal Killer","A Thousand Cuts"],"picked":"Corpse Explosion","floor":16.0},{"not_picked":["Dodge and Roll","Cloak And Dagger","Quick Slash"],"picked":"SKIP","floor":18.0},{"not_picked":["Backflip","Slice","Skewer"],"picked":"SKIP","floor":18.0},{"not_picked":["Dagger Throw","All Out Attack"],"picked":"Blur","floor":21.0},{"not_picked":["Wraith Form v2","Calculated Gamble","All Out Attack"],"picked":"SKIP","floor":21.0},{"not_picked":["Acrobatics","Sucker Punch"],"picked":"Deadly Poison","floor":22.0},{"not_picked":["Blade Dance","Flying Knee","Underhanded Strike"],"picked":"SKIP","floor":22.0},{"not_picked":["PiercingWail","Dodge and Roll"],"picked":"Bane+1","floor":24.0},{"not_picked":["Acrobatics","PiercingWail"],"picked":"Deadly Poison+1","floor":24.0},{"not_picked":["Distraction","Predator","Cloak And Dagger"],"picked":"SKIP","floor":30},{"not_picked":["Dagger Throw","Blade Dance+1","Poisoned Stab+1"],"picked":"SKIP","floor":30}],"player_experience":630273,"relics_obtained":[{"floor":6.0,"key":"Dead Branch"},{"floor":8.0,"key":"War Paint"},{"floor":9.0,"key":"Sundial"},{"floor":13.0,"key":"Prayer Wheel"},{"floor":20.0,"key":"Red Mask"},{"floor":26.0,"key":"Snake Skull"},{"floor":31,"key":"Nilry\u0027s Codex"}],"event_choices":[{"cards_removed":["Strike_G"],"damage_healed":0.0,"max_hp_gain":0.0,"max_hp_loss":0.0,"gold_gain":0.0,"event_name":"Golden Wing","player_choice":"Card Removal","floor":2.0,"gold_loss":0.0,"damage_taken":7.0},{"damage_healed":0.0,"max_hp_gain":0.0,"max_hp_loss":0.0,"gold_gain":0.0,"event_name":"Scrap Ooze","player_choice":"Success","floor":3.0,"gold_loss":0.0,"damage_taken":5.0,"relics_obtained":["Art of War"]},{"cards_removed":["Strike_G"],"damage_healed":0.0,"max_hp_gain":0.0,"max_hp_loss":0.0,"gold_gain":0.0,"event_name":"Purifier","player_choice":"Purged","floor":14.0,"gold_loss":0.0,"damage_taken":0.0},{"damage_healed":0.0,"max_hp_gain":0.0,"max_hp_loss":0.0,"gold_gain":0.0,"event_name":"The Library","player_choice":"Read","floor":19.0,"gold_loss":0.0,"damage_taken":0.0,"cards_obtained":["Deadly Poison"]},{"damage_healed":0.0,"max_hp_gain":0.0,"max_hp_loss":0.0,"gold_gain":0.0,"event_name":"Masked Bandits","player_choice":"Fought Bandits","floor":20.0,"gold_loss":0.0,"damage_taken":0.0},{"damage_healed":0,"gold_gain":0,"player_choice":"Trade","damage_taken":0,"relics_obtained":["FaceOfCleric"],"max_hp_gain":0,"max_hp_loss":0,"event_name":"FaceTrader","floor":29,"gold_loss":0},{"damage_healed":0,"gold_gain":0,"player_choice":"Obtained Book","damage_taken":21,"max_hp_gain":0,"max_hp_loss":0,"event_name":"Cursed Tome","floor":31,"gold_loss":0}],"is_beta":false,"boss_relics":[{"not_picked":["Busted Crown","Lizard Tail"],"picked":"Sozu"}],"items_purged_floors":[5,27],"is_endless":false,"potions_floor_spawned":[4,6,16,20,24,30],"killed_by":"Automaton","ascension_level":20}