{"gold_per_floor":[115,115,127,146,221,221,241,241,241,241,257,257,273,288,288,389,389,403,420,519,519,469,469,482,482,512,530,326,339,364,138,138,138],"floor_reached":33,"playtime":1593,"items_purged":["Defend_G"],"score":284,"play_id":"a9bc9bd5-d677-473a-a255-1d893ae156e6","local_time":"20190205163725","is_ascension_mode":false,"campfire_choices":[{"floor":6,"key":"REST"},{"data":"1","floor":10,"key":"LIFT"},{"data":"2","floor":12,"key":"LIFT"},{"floor":15,"key":"REST"},{"data":"3","floor":23,"key":"LIFT"},{"floor":25,"key":"REST"},{"floor":32,"key":"REST"}],"neow_cost":"NONE","seed_source_timestamp":105503915983988,"circlet_count":0,"master_deck":["Defend_G","Defend_G","Defend_G","Defend_G","Survivor","Neutralize","Flying Knee","Noxious Fumes+1","Prepared","Outmaneuver","After Image","Cloak And Dagger","Footwork","Burst","Prepared+1","Blur","Bite","Bite","Bite","Bite","Bite","Noxious Fumes","Cloak And Dagger+1","Prepared+1","Well Laid Plans+1","Magnetism"],"relics":["Ring of the Snake","NeowsBlessing","Girya","Blue Candle","Tiny Chest","Lee\u0027s Waffle","MawBank"],"potions_floor_usage":[16,16,16,19,30,33],"damage_taken":[{"damage":0,"enemies":"2 Louse","floor":1,"turns":1},{"damage":0,"enemies":"Small Slimes","floor":3,"turns":1},{"damage":0,"enemies":"Cultist","floor":4,"turns":1},{"damage":6,"enemies":"Large Slime","floor":7,"turns":7},{"damage":7,"enemies":"Looter","floor":11,"turns":3},{"damage":5,"enemies":"2 Fungi Beasts","floor":13,"turns":4},{"damage":1,"enemies":"Lots of Slimes","floor":14,"turns":5},{"damage":13,"enemies":"Slime Boss","floor":16,"turns":11},{"damage":31,"enemies":"3 Byrds","floor":18,"turns":7},{"damage":8,"enemies":"Chosen","floor":19,"turns":7},{"damage":33,"enemies":"Shelled Parasite and Fungi","floor":24,"turns":7},{"damage":32,"enemies":"3 Cultists","floor":27,"turns":5},{"damage":22,"enemies":"Chosen and Byrds","floor":29,"turns":7},{"damage":35,"enemies":"Book of Stabbing","floor":30,"turns":6},{"damage":62,"enemies":"Collector","floor":33,"turns":6}],"seed_played":"-6944749531557221836","potions_obtained":[{"floor":4,"key":"EssenceOfSteel"},{"floor":7,"key":"Swift Potion"},{"floor":13,"key":"Fire Potion"},{"floor":18,"key":"Swift Potion"},{"floor":29,"key":"Poison Potion"},{"floor":30,"key":"Fire Potion"}],"is_trial":false,"path_per_floor":["M","?","M","M","?","R","M","?","T","R","M","R","M","M","R","B",null,"M","M","?","?","?","R","M","R","T","M","$","M","E","$","R","B"],"character_chosen":"THE_SILENT","items_purchased":["Lee\u0027s Waffle","Magnetism"],"campfire_rested":4,"item_purchase_floors":[28,31],"current_hp_per_floor":[70,37,37,37,26,47,41,41,41,41,34,34,29,28,49,36,70,39,31,31,31,31,31,16,30,30,8,56,40,15,15,31,0],"gold":138,"neow_bonus":"THREE_ENEMY_KILL","is_prod":false,"is_daily":false,"chose_seed":false,"campfire_upgraded":0,"win_rate":0.0,"timestamp":1549355845,"path_taken":["M","?","M","M","?","R","M","?","T","R","M","R","M","?","R","BOSS","M","M","?","?","?","R","M","R","T","?","$","M","E","$","R","BOSS"],"build_version":"2019-01-23","purchased_purges":1,"victory":false,"max_hp_per_floor":[70,70,70,70,70,70,70,70,70,70,70,70,70,70,70,70,70,70,70,70,49,49,49,49,49,49,49,56,56,56,56,56,56],"card_choices":[{"not_picked":["Eviscerate","Dodge and Roll"],"picked":"Flying Knee","floor":1},{"not_picked":["Underhanded Strike","Prepared"],"picked":"Noxious Fumes","floor":3},{"not_picked":["Tactician","Bouncing Flask"],"picked":"Prepared","floor":4},{"not_picked":["Prepared","Dodge and Roll"],"picked":"Outmaneuver","floor":7},{"not_picked":["Footwork","PiercingWail"],"picked":"After Image","floor":11},{"not_picked":["Underhanded Strike","Backstab"],"picked":"Cloak And Dagger","floor":13},{"not_picked":["Dagger Throw","Quick Slash"],"picked":"Footwork","floor":14},{"not_picked":["Die Die Die","Tools of the Trade"],"picked":"Burst","floor":16},{"not_picked":["Poisoned Stab","Outmaneuver"],"picked":"Prepared+1","floor":18},{"not_picked":["Poisoned Stab","Underhanded Strike"],"picked":"Blur","floor":19},{"not_picked":["Masterful Stab+1","Deflect"],"picked":"Noxious Fumes","floor":24},{"not_picked":["Flechettes+1","Flying Knee"],"picked":"Cloak And Dagger+1","floor":27},{"not_picked":["Reflex","Cloak And Dagger"],"picked":"Prepared+1","floor":29},{"not_picked":["Sucker Punch+1","Leg Sweep"],"picked":"Well Laid Plans+1","floor":30}],"player_experience":196314,"relics_obtained":[{"floor":9,"key":"Blue Candle"},{"floor":26,"key":"Tiny Chest"},{"floor":30,"key":"MawBank"}],"event_choices":[{"damage_healed":0,"gold_gain":0,"player_choice":"Success","damage_taken":33,"relics_obtained":["Girya"],"max_hp_gain":0,"max_hp_loss":0,"event_name":"Scrap Ooze","floor":2,"gold_loss":0},{"damage_healed":0,"gold_gain":75,"player_choice":"Gather Gold","damage_taken":11,"max_hp_gain":0,"max_hp_loss":0,"event_name":"World of Goop","floor":5,"gold_loss":0},{"damage_healed":0,"gold_gain":0,"player_choice":"Upgraded","damage_taken":0,"max_hp_gain":0,"max_hp_loss":0,"event_name":"Upgrade Shrine","floor":8,"gold_loss":0,"cards_upgraded":["Noxious Fumes"]},{"damage_healed":0,"gold_gain":99,"player_choice":"Stole From Cult","damage_taken":0,"max_hp_gain":0,"max_hp_loss":0,"event_name":"Nest","floor":20,"gold_loss":0},{"damage_healed":0,"gold_gain":0,"player_choice":"Became a vampire","damage_taken":0,"max_hp_gain":0,"max_hp_loss":21,"event_name":"Vampires","floor":21,"gold_loss":0,"cards_obtained":["Bite","Bite","Bite","Bite","Bite"]},{"damage_healed":0,"gold_gain":0,"player_choice":"Bet on Murderer","damage_taken":0,"max_hp_gain":0,"max_hp_loss":0,"event_name":"The Joust","floor":22,"gold_loss":50}],"is_beta":false,"boss_relics":[{"not_picked":["Busted Crown","Fusion Hammer","Ectoplasm"]}],"items_purged_floors":[31],"is_endless":false,"potions_floor_spawned":[4,7,13,14,18,29,30],"killed_by":"Collector","ascension_level":0}