{"gold_per_floor":[417,417,417,592,106,140,140,153,153,178,194,194,210,265,265,364,364,375,375,389,269,269,269,285,285,285,299,334,352,352,352,352,447,447,466,466,483,121,136,161,161,161,161,30,30,55,74,87,87,87],"floor_reached":51,"playtime":3072,"items_purged":["Doubt","Strike_B","Streamline+1","Genetic Algorithm"],"score":1275,"play_id":"2839852c-5970-4463-96ac-1c5525a45395","local_time":"20190122215824","is_ascension_mode":true,"campfire_choices":[{"floor":7,"key":"REST"},{"floor":12,"key":"REST"},{"floor":15,"key":"REST"},{"data":"Coolheaded","floor":23,"key":"SMITH"},{"data":"Skim","floor":25,"key":"SMITH"},{"floor":30,"key":"REST"},{"data":"Coolheaded","floor":32,"key":"SMITH"},{"floor":42,"key":"REST"},{"data":"Buffer","floor":49,"key":"SMITH"}],"neow_cost":"TEN_PERCENT_HP_LOSS","seed_source_timestamp":293667469916812,"circlet_count":0,"master_deck":["AscendersBane","Strike_B+1","Strike_B+1","Defend_B","Defend_B+1","Zap+1","Dualcast","Gash+1","Leap","Coolheaded+1","Gash+1","Scrape+1","Beam Cell+1","Coolheaded+1","Buffer+1","Sweeping Beam+1","Go for the Eyes+1","Leap","Gash+1","Leap","Scrape+1","Skim+1","Turbo","Chill","Conserve Battery","Fission","All For One+1","Steam","White Noise","Self Repair","Gash+1","FTL+1"],"special_seed":0,"relics":["Cracked Core","Old Coin","Molten Egg 2","Pen Nib","Bag of Preparation","Smiling Mask","Strawberry","Orrery","Centennial Puzzle","Whetstone","White Beast Statue","Runic Capacitor","Peace Pipe","Orichalcum","Ornamental Fan"],"potions_floor_usage":[14,28],"damage_taken":[{"damage":0.0,"enemies":"2 Louse","floor":1.0,"turns":2.0},{"damage":24,"enemies":"Lagavulin","floor":6,"turns":7},{"damage":7,"enemies":"Jaw Worm","floor":8,"turns":3},{"damage":33,"enemies":"Gremlin Nob","floor":10,"turns":4},{"damage":0,"enemies":"Cultist","floor":11,"turns":4},{"damage":0,"enemies":"2 Fungi Beasts","floor":13,"turns":2},{"damage":0,"enemies":"Gremlin Nob","floor":14,"turns":2},{"damage":0,"enemies":"Slime Boss","floor":16,"turns":6},{"damage":0,"enemies":"Chosen","floor":18,"turns":4},{"damage":4,"enemies":"Shell Parasite","floor":20,"turns":3},{"damage":30,"enemies":"Snake Plant","floor":24,"turns":4},{"damage":3,"enemies":"Chosen and Byrds","floor":27,"turns":3},{"damage":19,"enemies":"Slavers","floor":28,"turns":4},{"damage":0,"enemies":"Centurion and Healer","floor":29,"turns":4},{"damage":16,"enemies":"Automaton","floor":33,"turns":9},{"damage":0,"enemies":"Orb Walker","floor":35,"turns":3},{"damage":0,"enemies":"3 Shapes","floor":37,"turns":6},{"damage":3,"enemies":"Maw","floor":39,"turns":5},{"damage":32,"enemies":"Nemesis","floor":40,"turns":5},{"damage":0,"enemies":"Reptomancer","floor":46,"turns":4},{"damage":0,"enemies":"Writhing Mass","floor":47,"turns":4},{"damage":0,"enemies":"Jaw Worm Horde","floor":48,"turns":3},{"damage":13,"enemies":"Awakened One","floor":50,"turns":10}],"seed_played":"6891574896681460280","potions_obtained":[{"floor":6,"key":"LiquidBronze"},{"floor":13,"key":"PowerPotion"},{"floor":14,"key":"SpeedPotion"},{"floor":18,"key":"Strength Potion"},{"floor":28,"key":"Fruit Juice"},{"floor":33,"key":"Explosive Potion"},{"floor":37,"key":"Swift Potion"},{"floor":39,"key":"Weak Potion"}],"is_trial":false,"path_per_floor":["?","?","?","M","?","?","M","?","M","?","?","?","$","?","M"],"character_chosen":"DEFECT","items_purchased":["Molten Egg 2","Gash+1","Leap","Coolheaded","Streamline+1","Leap","Runic Capacitor","White Noise","Self Repair","FTL+1"],"campfire_rested":5,"item_purchase_floors":[5,5,5,5,21,21,38,38,38,44],"current_hp_per_floor":[68,54,47,47,47,23,43,36,36,3,3,23,23,30,52,52,69,69,69,65,65,65,65,35,35,35,32,18,18,42,42,42,26,67,67,67,67,67,71,46,46,68,68,68,68,75,76,76,76,63],"gold":87,"neow_bonus":"ONE_RARE_RELIC","is_prod":false,"is_daily":false,"chose_seed":false,"campfire_upgraded":4,"win_rate":0,"timestamp":1548190704,"path_taken":["M","?","?","?","$","E","R","M","T","E","?","R","M","?","R","BOSS","M","?","?","$","?","R","M","R","T","?","E","M","R","?","R","BOSS","M","?","M","$","M","E","?","R","T","?","?","E","M","?","R","BOSS"],"build_version":"2019-01-20","purchased_purges":4,"victory":true,"max_hp_per_floor":[68,68,68,68,68,68,68,68,68,68,68,68,68,75,75,75,75,75,75,75,75,75,75,75,75,75,75,80,80,80,80,80,80,80,80,76,76,76,76,76,76,76,76,76,76,76,76,76,76,76],"card_choices":[{"not_picked":["Fusion","Steam"],"picked":"Gash","floor":1.0},{"not_picked":["Capacitor","Undo","Compile Driver+1"],"picked":"SKIP","floor":6},{"not_picked":["Steam","Coolheaded"],"picked":"Gash+1","floor":8},{"not_picked":["Ball Lightning+1","Compile Driver+1","Rebound+1"],"picked":"SKIP","floor":10},{"not_picked":["Heatsinks","Double Energy"],"picked":"Scrape+1","floor":11},{"not_picked":["Fission","Compile Driver+1"],"picked":"Beam Cell+1","floor":13},{"not_picked":["Stack","Barrage+1"],"picked":"Coolheaded","floor":14},{"not_picked":["Multi-Cast","Core Surge+1"],"picked":"Buffer","floor":16},{"not_picked":["Darkness","Rebound+1"],"picked":"Sweeping Beam+1","floor":17},{"not_picked":["Static Discharge","Defragment"],"picked":"Go for the Eyes+1","floor":17},{"not_picked":["Beam Cell+1","Redo"],"picked":"Leap","floor":17},{"not_picked":["Fission","Heatsinks"],"picked":"Gash+1","floor":18},{"not_picked":["Chaos","Compile Driver+1","Stack"],"picked":"SKIP","floor":20},{"not_picked":["Coolheaded+1","Recycle"],"picked":"Skim","floor":24},{"not_picked":["Sweeping Beam+1","Coolheaded"],"picked":"Turbo","floor":27},{"not_picked":["Stack+1","Conserve Battery"],"picked":"Chill","floor":28},{"not_picked":["Barrage+1","Capacitor"],"picked":"Conserve Battery","floor":29},{"not_picked":["Buffer","Machine Learning"],"picked":"All For One+1","floor":33},{"not_picked":["Stack+1","Blizzard+1","Streamline+1"],"picked":"SKIP","floor":35},{"not_picked":["Reinforced Body+1","Conserve Battery"],"picked":"Steam","floor":37},{"not_picked":["Go for the Eyes+1","Conserve Battery+1","Consume"],"picked":"SKIP","floor":39},{"not_picked":["Reboot","Steam Power+1"],"picked":"Gash+1","floor":40},{"not_picked":["Gash+1","Storm+1","Leap"],"picked":"SKIP","floor":46},{"not_picked":["Defragment+1","Stack+1","Aggregate"],"picked":"SKIP","floor":47},{"not_picked":["Fission","Beam Cell+1","Storm"],"picked":"SKIP","floor":48}],"player_experience":606246,"relics_obtained":[{"floor":6,"key":"Pen Nib"},{"floor":9,"key":"Bag of Preparation"},{"floor":10,"key":"Smiling Mask"},{"floor":14,"key":"Strawberry"},{"floor":26,"key":"Centennial Puzzle"},{"floor":28,"key":"Whetstone"},{"floor":40,"key":"Peace Pipe"},{"floor":43,"key":"Orichalcum"},{"floor":46,"key":"Ornamental Fan"}],"event_choices":[{"damage_healed":0.0,"max_hp_gain":0.0,"max_hp_loss":0.0,"gold_gain":0.0,"event_name":"Shining Light","player_choice":"Entered Light","floor":2.0,"gold_loss":0.0,"damage_taken":14.0,"cards_upgraded":["Defend_B","Strike_B"]},{"cards_removed":["Defend_B"],"damage_healed":0.0,"max_hp_gain":0.0,"max_hp_loss":0.0,"gold_gain":0.0,"event_name":"Golden Wing","player_choice":"Card Removal","floor":3.0,"gold_loss":0.0,"damage_taken":7.0},{"damage_healed":0.0,"max_hp_gain":0.0,"max_hp_loss":0.0,"gold_gain":175.0,"event_name":"Liars Game","player_choice":"AGREE","floor":4.0,"gold_loss":0.0,"damage_taken":0.0,"cards_obtained":["Doubt"]},{"damage_healed":0,"gold_gain":0,"player_choice":"Searched \u00271\u0027 times","damage_taken":0,"max_hp_gain":0,"max_hp_loss":0,"event_name":"Dead Adventurer","floor":14,"gold_loss":0},{"damage_healed":0,"gold_gain":0,"player_choice":"Forge","damage_taken":0,"max_hp_gain":0,"max_hp_loss":0,"event_name":"Accursed Blacksmith","floor":19,"gold_loss":0,"cards_upgraded":["Zap"]},{"damage_healed":0,"gold_gain":0,"player_choice":"Copied","damage_taken":0,"max_hp_gain":0,"max_hp_loss":0,"event_name":"Duplicator","floor":22,"gold_loss":0,"cards_obtained":["Scrape"]},{"damage_healed":0,"gold_gain":0,"cards_transformed":["Strike_B","Defend_B"],"player_choice":"Became Test Subject","damage_taken":0,"max_hp_gain":0,"max_hp_loss":0,"event_name":"Drug Dealer","floor":31,"gold_loss":0,"cards_obtained":["Genetic Algorithm","Fission"]},{"damage_healed":0,"gold_gain":0,"player_choice":"Max HP","damage_taken":0,"max_hp_gain":0,"max_hp_loss":4,"event_name":"Winding Halls","floor":36,"gold_loss":0},{"cards_removed":["Gash"],"damage_healed":0,"gold_gain":0,"player_choice":"Removed Attack","damage_taken":0,"max_hp_gain":0,"max_hp_loss":0,"event_name":"Falling","floor":41,"gold_loss":0},{"damage_healed":0,"gold_gain":0,"player_choice":"Got Potions","damage_taken":0,"max_hp_gain":0,"max_hp_loss":0,"event_name":"Lab","floor":45,"gold_loss":0}],"is_beta":true,"boss_relics":[{"not_picked":["Coffee Dripper","Ectoplasm"],"picked":"Orrery"},{"not_picked":["Philosopher\u0027s Stone","Runic Dome"],"picked":"White Beast Statue"}],"items_purged_floors":[5,21,38,44],"is_endless":false,"potions_floor_spawned":[6,13,14,18,28,33,35,37,39,40,46,47,48],"ascension_level":11}