{"gold_per_floor":[117,129,143,143,158,158,12,12,12,30,30,47,47,62,62,164,164,177,177,377,140,157,157,167,167,194,207,9,9,9,26,26,131,131,143,157,50,61,77,77,95,95,95,95,105,105,115,135,135,135],"floor_reached":50,"playtime":1598,"items_purged":["Strike_G"],"score":465,"play_id":"6033c986-1950-4174-bbd6-b1649dcd68ae","local_time":"20190205011143","is_ascension_mode":false,"campfire_choices":[{"data":"Phantasmal Killer","floor":6,"key":"SMITH"},{"data":"Neutralize","floor":8,"key":"SMITH"},{"data":"Terror","floor":11,"key":"SMITH"},{"data":"Bouncing Flask","floor":13,"key":"SMITH"},{"data":"Cloak And Dagger","floor":15,"key":"SMITH"},{"data":"Envenom","floor":23,"key":"SMITH"},{"data":"Accuracy","floor":25,"key":"SMITH"},{"floor":29,"key":"REST"},{"data":"Footwork","floor":32,"key":"SMITH"},{"floor":40,"key":"REST"},{"data":"Night Terror","floor":42,"key":"SMITH"},{"floor":44,"key":"REST"},{"floor":49,"key":"REST"}],"neow_cost":"NONE","seed_source_timestamp":8977310308489,"circlet_count":0,"master_deck":["Defend_G","Defend_G","Defend_G","Defend_G","Defend_G","Strike_G","Strike_G","Strike_G","Strike_G","Survivor","Neutralize+1","Phantasmal Killer+1","Terror+1","Flying Knee","Backstab","Bouncing Flask+1","Infinite Blades","Finisher","Predator","Deflect","Cloak And Dagger+1","Envenom+1","Blade Dance+1","Accuracy+1","Infinite Blades","Leg Sweep","Infinite Blades","Blade Dance+1","Backstab","Envenom+1","Footwork+1","Night Terror+1","Finisher+1","Backflip","Accuracy","Flying Knee+1","Doubt"],"relics":["Ring of the Snake","Darkstone Periapt","Blue Candle","Sozu","Orichalcum","OrangePellets","Busted Crown","Bag of Preparation"],"potions_floor_usage":[14,18],"damage_taken":[{"damage":0,"enemies":"Cultist","floor":1,"turns":5},{"damage":0,"enemies":"Jaw Worm","floor":2,"turns":4},{"damage":0,"enemies":"2 Louse","floor":3,"turns":3},{"damage":4,"enemies":"Lots of Slimes","floor":5,"turns":6},{"damage":9,"enemies":"Blue Slaver","floor":10,"turns":2},{"damage":2,"enemies":"Gremlin Gang","floor":12,"turns":4},{"damage":0,"enemies":"Lots of Slimes","floor":14,"turns":2},{"damage":16,"enemies":"The Guardian","floor":16,"turns":9},{"damage":0,"enemies":"2 Thieves","floor":18,"turns":4},{"damage":3,"enemies":"3 Byrds","floor":22,"turns":5},{"damage":17,"enemies":"Centurion and Healer","floor":24,"turns":5},{"damage":26,"enemies":"Snecko","floor":27,"turns":5},{"damage":2,"enemies":"3 Cultists","floor":31,"turns":3},{"damage":6,"enemies":"Collector","floor":33,"turns":6},{"damage":8,"enemies":"3 Darklings","floor":35,"turns":7},{"damage":6,"enemies":"Orb Walker","floor":36,"turns":3},{"damage":26,"enemies":"Spire Growth","floor":38,"turns":4},{"damage":14,"enemies":"Jaw Worm Horde","floor":39,"turns":5},{"damage":1,"enemies":"Transient","floor":41,"turns":5},{"damage":26,"enemies":"Writhing Mass","floor":45,"turns":4},{"damage":25,"enemies":"Sphere and 2 Shapes","floor":47,"turns":7},{"damage":4,"enemies":"4 Shapes","floor":48,"turns":6},{"damage":86,"enemies":"Awakened One","floor":50,"turns":5}],"seed_played":"9070993842198072497","potions_obtained":[{"floor":1,"key":"Block Potion"},{"floor":10,"key":"FairyPotion"},{"floor":12,"key":"AttackPotion"},{"floor":16,"key":"Block Potion"}],"is_trial":false,"path_per_floor":["M","M","M","?","M","R","$","R","T","M","R","M","R","M","R","B",null,"M","?","?","$","M","R","M","R","T","M","$","R","?","M","R","B",null,"M","M","$","M","M","R","M","R","T","R","M","?","M","M","R","B"],"character_chosen":"THE_SILENT","items_purchased":["Infinite Blades","Finisher","Infinite Blades","Leg Sweep","OrangePellets","Backflip","Accuracy"],"campfire_rested":4,"item_purchase_floors":[7,7,21,21,28,37,37],"current_hp_per_floor":[70,70,70,70,66,66,66,66,66,57,57,55,55,55,55,39,70,70,70,70,70,67,67,50,50,50,24,24,45,45,43,43,37,70,62,56,56,30,16,37,36,36,36,57,31,76,51,47,69,0],"gold":135,"neow_bonus":"ONE_RANDOM_RARE_CARD","is_prod":false,"is_daily":false,"chose_seed":false,"campfire_upgraded":9,"win_rate":0,"timestamp":1549350703,"path_taken":["M","M","?","?","M","R","$","R","T","M","R","M","R","?","R","BOSS","M","?","?","$","M","R","?","R","T","M","$","R","?","M","R","BOSS","M","M","$","?","M","R","M","R","T","R","?","?","M","M","R","BOSS"],"build_version":"2019-01-23","purchased_purges":1,"victory":false,"max_hp_per_floor":[70,70,70,70,70,70,70,70,70,70,70,70,70,70,70,70,70,70,70,70,70,70,70,70,70,70,70,70,70,70,70,70,70,70,70,70,70,70,70,70,70,70,70,70,70,76,76,76,76,76],"card_choices":[{"not_picked":["Catalyst","PiercingWail"],"picked":"Terror","floor":1},{"not_picked":["Leg Sweep","Reflex"],"picked":"Flying Knee","floor":2},{"not_picked":["Underhanded Strike","Caltrops"],"picked":"Backstab","floor":3},{"not_picked":["Underhanded Strike","PiercingWail"],"picked":"Bouncing Flask","floor":5},{"not_picked":["Dagger Spray","Outmaneuver"],"picked":"Predator","floor":10},{"not_picked":["Sucker Punch","Dagger Spray"],"picked":"Deflect","floor":12},{"not_picked":["Reflex","Poisoned Stab"],"picked":"Cloak And Dagger","floor":14},{"not_picked":["Venomology","Tools of the Trade"],"picked":"Envenom","floor":16},{"not_picked":["Endless Agony","Flying Knee"],"picked":"Blade Dance+1","floor":18},{"not_picked":["Backflip","Backstab"],"picked":"Infinite Blades","floor":22},{"not_picked":["Bane","Heel Hook"],"picked":"Blade Dance+1","floor":24},{"not_picked":["Eviscerate","Finisher"],"picked":"Backstab","floor":27},{"not_picked":["PiercingWail","Adrenaline"],"picked":"Footwork","floor":31},{"not_picked":["Glass Knife","Malaise"],"picked":"Night Terror","floor":33},{"not_picked":[],"picked":"Finisher+1","floor":35},{"not_picked":["Blade Dance"],"picked":"SKIP","floor":36},{"not_picked":["Skewer"],"picked":"SKIP","floor":38},{"not_picked":[],"picked":"Flying Knee+1","floor":39},{"not_picked":["Underhanded Strike+1"],"picked":"SKIP","floor":41},{"not_picked":["Slice"],"picked":"SKIP","floor":45},{"not_picked":["Caltrops"],"picked":"SKIP","floor":47},{"not_picked":["Poisoned Stab+1"],"picked":"SKIP","floor":48}],"player_experience":751424,"relics_obtained":[{"floor":9,"key":"Blue Candle"},{"floor":26,"key":"Orichalcum"},{"floor":43,"key":"Bag of Preparation"}],"event_choices":[{"damage_healed":0,"gold_gain":0,"player_choice":"Gave Potion","damage_taken":0,"relics_obtained":["Darkstone Periapt"],"max_hp_gain":0,"max_hp_loss":0,"event_name":"WeMeetAgain","floor":4,"gold_loss":0},{"damage_healed":0,"gold_gain":0,"player_choice":"Read","damage_taken":0,"max_hp_gain":0,"max_hp_loss":0,"event_name":"The Library","floor":19,"gold_loss":0,"cards_obtained":["Accuracy"]},{"damage_healed":0,"gold_gain":200,"player_choice":"Gold","damage_taken":0,"max_hp_gain":0,"max_hp_loss":0,"event_name":"Wheel of Change","floor":20,"gold_loss":0},{"damage_healed":0,"gold_gain":0,"player_choice":"Copied","damage_taken":0,"max_hp_gain":0,"max_hp_loss":0,"event_name":"Duplicator","floor":30,"gold_loss":0,"cards_obtained":["Envenom"]},{"damage_healed":39,"gold_gain":0,"player_choice":"Heal","damage_taken":0,"max_hp_gain":0,"max_hp_loss":0,"event_name":"MindBloom","floor":46,"gold_loss":0,"cards_obtained":["Doubt"]}],"is_beta":false,"boss_relics":[{"not_picked":["Lizard Tail","Velvet Choker"],"picked":"Sozu"},{"not_picked":["Runic Dome","Orrery"],"picked":"Busted Crown"}],"items_purged_floors":[21],"is_endless":false,"potions_floor_spawned":[1,10,12,16,24,31,36,38,48],"killed_by":"Awakened One","ascension_level":0}