{"gold_per_floor":[119,294,313,328,46,46,46,46,46,46,56,91,108,124,124,227,227,242,253,82,82,82,82,101,116,116,116,136,153,153,170,170,266,266,279,290,290,290,306,333,344,356,431,431,44,0,0,0,0,0],"floor_reached":51,"playtime":4396,"items_purged":["Doubt","Strike_G","Defend_G+1"],"score":656,"play_id":"7729eb04-571f-4820-b5a1-d09e27dcedbb","local_time":"20190204133737","is_ascension_mode":false,"campfire_choices":[{"data":"Footwork","floor":6.0,"key":"SMITH"},{"data":"Neutralize","floor":8.0,"key":"SMITH"},{"data":"Dodge and Roll","floor":15.0,"key":"SMITH"},{"data":"Burst","floor":23.0,"key":"SMITH"},{"data":"Well Laid Plans","floor":27.0,"key":"SMITH"},{"data":"Malaise","floor":32.0,"key":"SMITH"},{"data":"A Thousand Cuts","floor":44,"key":"SMITH"},{"data":"A Thousand Cuts","floor":47,"key":"SMITH"},{"floor":49,"key":"REST"}],"neow_cost":"NONE","seed_source_timestamp":0,"circlet_count":0,"master_deck":["Defend_G+1","Defend_G+1","Defend_G+1","Defend_G+1","Strike_G+1","Strike_G+1","Strike_G+1","Survivor","Neutralize+1","Footwork+1","Dodge and Roll+1","Blade Dance","Dagger Throw","Acrobatics","PiercingWail","Dodge and Roll","Malaise+1","Predator","Burst+1","Caltrops","Well Laid Plans+1","Predator+1","Noxious Fumes+1","Deadly Poison","After Image","Backflip+1","Impatience","Madness","Violence","Poisoned Stab+1","A Thousand Cuts+1","Predator+1","A Thousand Cuts+1"],"special_seed":0,"relics":["Ring of the Snake","TwistedFunnel","Strawberry","Letter Opener","Question Card","HoveringKite","Molten Egg 2","Pear","Enchiridion","Runic Dome","Paper Crane","Bottled Lightning","Bottled Tornado","Red Mask"],"potions_floor_usage":[50,50,50],"damage_taken":[{"damage":0.0,"enemies":"Small Slimes","floor":1.0,"turns":4.0},{"damage":0.0,"enemies":"Jaw Worm","floor":3.0,"turns":8.0},{"damage":0.0,"enemies":"Cultist","floor":4.0,"turns":5.0},{"damage":0.0,"enemies":"Exordium Wildlife","floor":11.0,"turns":4.0},{"damage":6.0,"enemies":"3 Sentries","floor":12.0,"turns":12.0},{"damage":0.0,"enemies":"2 Fungi Beasts","floor":13.0,"turns":3.0},{"damage":2.0,"enemies":"Large Slime","floor":14.0,"turns":8.0},{"damage":76.0,"enemies":"Hexaghost","floor":16.0,"turns":19.0},{"damage":4.0,"enemies":"Spheric Guardian","floor":18.0,"turns":12.0},{"damage":2.0,"enemies":"3 Byrds","floor":19.0,"turns":5.0},{"damage":0.0,"enemies":"Cultist and Chosen","floor":24.0,"turns":10.0},{"damage":14.0,"enemies":"Snecko","floor":25.0,"turns":7.0},{"damage":5.0,"enemies":"Shelled Parasite and Fungi","floor":28.0,"turns":8.0},{"damage":8.0,"enemies":"3 Cultists","floor":29.0,"turns":6.0},{"damage":2.0,"enemies":"Cultist and Chosen","floor":31.0,"turns":6.0},{"damage":26.0,"enemies":"Automaton","floor":33.0,"turns":12.0},{"damage":1,"enemies":"Orb Walker","floor":35,"turns":4},{"damage":13,"enemies":"3 Darklings","floor":36,"turns":5},{"damage":17,"enemies":"Jaw Worm Horde","floor":39,"turns":6},{"damage":19,"enemies":"Nemesis","floor":40,"turns":9},{"damage":17,"enemies":"Spire Growth","floor":41,"turns":6},{"damage":2,"enemies":"Sphere and 2 Shapes","floor":42,"turns":5},{"damage":24,"enemies":"Donu and Deca","floor":50,"turns":9}],"seed_played":"3385164680764744389","potions_obtained":[{"floor":1.0,"key":"AttackPotion"},{"floor":3.0,"key":"Regen Potion"},{"floor":16.0,"key":"Dexterity Potion"},{"floor":18.0,"key":"FearPotion"},{"floor":24.0,"key":"Fruit Juice"},{"floor":33.0,"key":"Explosive Potion"},{"floor":35,"key":"FearPotion"},{"floor":39,"key":"Fire Potion"},{"floor":41,"key":"Energy Potion"}],"is_trial":false,"path_per_floor":["M","?","M","M","$","R","$","R","T","T","M","E","M","M","R","B",null,"M","M","$","?","?","R","M","M","T","R","M","M","?","M","R","B",null,"M","M","?","?","M","E","M","M","T","R","$","?","R","$","R","B",null],"character_chosen":"THE_SILENT","items_purchased":["TwistedFunnel","Burst","Bottled Tornado"],"campfire_rested":1,"item_purchase_floors":[5,20,45],"current_hp_per_floor":[77,77,77,77,77,77,77,77,84,84,84,78,78,76,76,15,84,80,78,78,78,78,78,78,64,74,74,74,66,50,48,48,22,99,98,85,85,75,58,39,22,20,20,20,20,20,20,20,49,25],"gold":0,"neow_bonus":"TEN_PERCENT_HP_BONUS","is_prod":false,"is_daily":false,"chose_seed":false,"campfire_upgraded":8,"win_rate":0.0,"timestamp":1549283857,"path_taken":["M","?","M","M","$","R","?","R","T","?","M","E","?","M","R","BOSS","M","M","$","?","?","R","?","M","T","R","M","M","?","M","R","BOSS","M","M","?","?","M","E","M","M","T","R","$","?","R","?","R","BOSS"],"build_version":"2019-01-23","purchased_purges":3,"victory":true,"max_hp_per_floor":[77,77,77,77,77,77,77,77,84,84,84,84,84,84,84,84,84,84,84,84,84,84,84,84,84,94,94,99,99,99,99,99,99,99,99,99,99,99,99,99,99,99,99,99,99,99,99,99,99,99],"card_choices":[{"not_picked":["Acrobatics","Blade Dance"],"picked":"Footwork","floor":1.0},{"not_picked":["Blade Dance","Riddle With Holes"],"picked":"Dodge and Roll","floor":3.0},{"not_picked":["Flechettes","Quick Slash"],"picked":"Blade Dance","floor":4.0},{"not_picked":["Prepared","Dash"],"picked":"Dagger Throw","floor":11.0},{"not_picked":["Sucker Punch","Poisoned Stab"],"picked":"Acrobatics","floor":12.0},{"not_picked":["Reflex","Dodge and Roll","Poisoned Stab"],"picked":"PiercingWail","floor":13.0},{"not_picked":["Finisher","Blade Dance","Quick Slash"],"picked":"Dodge and Roll","floor":14.0},{"not_picked":["Phantasmal Killer","Glass Knife","Unload"],"picked":"Malaise","floor":16.0},{"not_picked":["Dagger Spray","Calculated Gamble+1","Flying Knee"],"picked":"Predator","floor":18.0},{"not_picked":["Quick Slash+1","Sucker Punch+1","Skewer","Dodge and Roll"],"picked":"SKIP","floor":19.0},{"not_picked":["Skewer+1","Dagger Spray+1","Unload+1"],"picked":"Caltrops","floor":24.0},{"not_picked":["Deflect+1","Sucker Punch+1","Crippling Poison"],"picked":"Well Laid Plans","floor":25.0},{"not_picked":["Acrobatics+1","Poisoned Stab+1","Sucker Punch+1"],"picked":"Predator+1","floor":28.0},{"not_picked":["Poisoned Stab+1","Backflip","Underhanded Strike+1"],"picked":"Noxious Fumes+1","floor":29.0},{"not_picked":["Finisher+1","Blade Dance+1","Doppelganger"],"picked":"Deadly Poison","floor":31.0},{"not_picked":["Phantasmal Killer","Venomology","Die Die Die+1"],"picked":"After Image","floor":33.0},{"not_picked":["Poisoned Stab+1","All Out Attack+1","Bouncing Flask"],"picked":"Backflip+1","floor":35},{"not_picked":["Eviscerate+1","Quick Slash+1","PiercingWail+1","Endless Agony+1"],"picked":"SKIP","floor":36},{"not_picked":["Forethought","Sadistic Nature","Deep Breath"],"picked":"Impatience","floor":38},{"not_picked":["Mind Blast+1","Swift Strike+1","PanicButton"],"picked":"Madness","floor":38},{"not_picked":["Good Instincts","Panacea","Swift Strike+1"],"picked":"Violence","floor":38},{"not_picked":["Quick Slash+1","Acrobatics","Blade Dance"],"picked":"Poisoned Stab+1","floor":39},{"not_picked":["Quick Slash+1","Dodge and Roll","Skewer+1"],"picked":"A Thousand Cuts","floor":40},{"not_picked":["Slice+1","Poisoned Stab+1","Deflect+1"],"picked":"Predator+1","floor":41},{"not_picked":["Blade Dance","Quick Slash+1","Deadly Poison+1"],"picked":"A Thousand Cuts","floor":42}],"player_experience":3373,"relics_obtained":[{"floor":9.0,"key":"Strawberry"},{"floor":10.0,"key":"Letter Opener"},{"floor":12.0,"key":"Question Card"},{"floor":26.0,"key":"Pear"},{"floor":30.0,"key":"Enchiridion"},{"floor":40,"key":"Paper Crane"},{"floor":43,"key":"Bottled Lightning"}],"event_choices":[{"damage_healed":0.0,"max_hp_gain":0.0,"max_hp_loss":0.0,"gold_gain":175.0,"event_name":"Liars Game","player_choice":"AGREE","floor":2.0,"gold_loss":0.0,"damage_taken":0.0,"cards_obtained":["Doubt"]},{"damage_healed":0.0,"max_hp_gain":0.0,"max_hp_loss":0.0,"gold_gain":0.0,"event_name":"Back to Basics","player_choice":"Simplicity","floor":21.0,"gold_loss":0.0,"damage_taken":0.0,"cards_upgraded":["Defend_G","Defend_G","Defend_G","Defend_G","Defend_G","Strike_G","Strike_G","Strike_G","Strike_G"]},{"damage_healed":0.0,"max_hp_gain":0.0,"max_hp_loss":0.0,"gold_gain":0.0,"event_name":"WeMeetAgain","player_choice":"Gave Potion","floor":22.0,"gold_loss":0.0,"damage_taken":0.0,"relics_obtained":["Molten Egg 2"]},{"damage_healed":0.0,"max_hp_gain":0.0,"max_hp_loss":0.0,"gold_gain":0.0,"event_name":"Cursed Tome","player_choice":"Obtained Book","floor":30.0,"gold_loss":0.0,"damage_taken":16.0},{"cards_removed":["Strike_G"],"damage_healed":0,"gold_gain":0,"player_choice":"Removed Attack","damage_taken":0,"max_hp_gain":0,"max_hp_loss":0,"event_name":"Falling","floor":37,"gold_loss":0},{"damage_healed":0,"gold_gain":0,"player_choice":"Memory 3","damage_taken":10,"max_hp_gain":0,"max_hp_loss":0,"event_name":"SensoryStone","floor":38,"gold_loss":0},{"damage_healed":0,"gold_gain":0,"player_choice":"Paid","damage_taken":0,"relics_obtained":["Red Mask"],"max_hp_gain":0,"max_hp_loss":0,"event_name":"Tomb of Lord Red Mask","floor":46,"gold_loss":44}],"is_beta":false,"boss_relics":[{"not_picked":["Black Star","WristBlade"],"picked":"HoveringKite"},{"not_picked":["Astrolabe","Runic Pyramid"],"picked":"Runic Dome"}],"items_purged_floors":[5,20,45],"is_endless":false,"potions_floor_spawned":[1,3,16,18,24,33,35,39,41,42],"ascension_level":0}