{"gold_per_floor":[112,123,141,91,91,91,91,118,118,193,368,368,24,24,24,120,120,131,131,146,21,41,41,76,76,103,132,232,245,245],"floor_reached":30,"playtime":1484,"items_purged":["Doubt","Defend_B"],"score":292,"play_id":"05613d63-e645-4b3f-9f05-d7302cf83716","local_time":"20190109213743","is_ascension_mode":true,"campfire_choices":[{"data":"Zap","floor":6,"key":"SMITH"},{"data":"White Noise","floor":12,"key":"SMITH"},{"data":"FTL","floor":15,"key":"SMITH"},{"data":"Defragment","floor":23,"key":"SMITH"},{"floor":25,"key":"REST"}],"neow_cost":"NONE","seed_source_timestamp":30885994065742,"circlet_count":0,"master_deck":["Strike_B","Strike_B+1","Defend_B","Defend_B","Zap+1","Dualcast+1","Genetic Algorithm","White Noise+1","Hologram","FTL+1","Violence","Machine Learning","Defragment+1","Redo+1","Beam Cell","Defragment+1","Scrape+1","BootSequence","Consume+1","Force Field"],"relics":["Cracked Core","Anchor","Bottled Lightning","Inserter","Dream Catcher","Bag of Marbles","Strawberry"],"potions_floor_usage":[16,22,27,27,27,27],"damage_taken":[{"damage":0,"enemies":"Small Slimes","floor":1,"turns":3},{"damage":2,"enemies":"Jaw Worm","floor":2,"turns":3},{"damage":1,"enemies":"2 Louse","floor":3,"turns":2},{"damage":26,"enemies":"The Guardian","floor":16,"turns":7},{"damage":23,"enemies":"3 Byrds","floor":18,"turns":5},{"damage":2,"enemies":"Chosen","floor":20,"turns":4},{"damage":3,"enemies":"Snake Plant","floor":22,"turns":3},{"damage":39,"enemies":"Book of Stabbing","floor":24,"turns":5},{"damage":18,"enemies":"Slavers","floor":27,"turns":3},{"damage":7,"enemies":"Chosen and Byrds","floor":29,"turns":4},{"damage":19,"enemies":"Colosseum Slavers","floor":30,"turns":2}],"seed_played":"1961184595914675155","potions_obtained":[{"floor":3,"key":"Poison Potion"},{"floor":18,"key":"Block Potion"},{"floor":22,"key":"Weak Potion"},{"floor":24,"key":"EntropicBrew"}],"is_trial":false,"path_per_floor":["M","M","M","?","?","R","?","T","T","?","?","R","$","$","R","B",null,"M","?","M","$","M","R","E","R","T","E","?","M","?"],"character_chosen":"DEFECT","items_purchased":["FTL","Violence","Beam Cell"],"campfire_rested":1,"item_purchase_floors":[13,13,21],"current_hp_per_floor":[75,73,72,72,72,72,57,57,57,46,46,46,46,46,46,20,75,52,52,50,50,47,47,8,30,30,19,19,12,0],"gold":245,"neow_bonus":"THREE_CARDS","is_prod":false,"is_daily":false,"chose_seed":false,"campfire_upgraded":4,"win_rate":0,"timestamp":1547066263,"path_taken":["M","M","M","?","?","R","?","?","T","?","?","R","?","$","R","BOSS","M","?","M","$","M","R","E","R","T","E","?","?","?"],"build_version":"2019-01-03v4","purchased_purges":2,"victory":false,"max_hp_per_floor":[75,75,75,75,75,75,75,75,75,75,75,75,75,75,75,75,75,75,75,75,75,75,75,75,75,75,82,82,82,82],"card_choices":[{"not_picked":["Conserve Battery","Consume"],"picked":"Genetic Algorithm","floor":0},{"not_picked":["Coolheaded","Genetic Algorithm","Double Energy"],"picked":"SKIP","floor":1},{"not_picked":["Stack","Steam Power"],"picked":"White Noise","floor":2},{"not_picked":["Rebound","Conserve Battery"],"picked":"Hologram","floor":3},{"not_picked":["Fission","Meteor Strike"],"picked":"Machine Learning","floor":16},{"not_picked":["Sunder","Streamline"],"picked":"Defragment+1","floor":18},{"not_picked":["Hello World","Leap+1"],"picked":"Redo+1","floor":20},{"not_picked":["Scrape","Steam Power"],"picked":"Defragment","floor":22},{"not_picked":["Steam Power","Leap"],"picked":"Scrape+1","floor":24},{"not_picked":["Self Repair","Redo"],"picked":"BootSequence","floor":25},{"not_picked":["Sunder+1","Conserve Battery"],"picked":"Consume+1","floor":27},{"not_picked":["Barrage","Turbo"],"picked":"Force Field","floor":29}],"player_experience":300726,"relics_obtained":[{"floor":8,"key":"Anchor"},{"floor":9,"key":"Bottled Lightning"},{"floor":24,"key":"Dream Catcher"},{"floor":26,"key":"Bag of Marbles"},{"floor":27,"key":"Strawberry"}],"event_choices":[{"cards_removed":["Strike_B"],"damage_healed":0,"gold_gain":0,"player_choice":"Card Removal","damage_taken":0,"max_hp_gain":0,"max_hp_loss":0,"event_name":"The Cleric","floor":4,"gold_loss":50},{"cards_removed":["Defend_B"],"damage_healed":0,"gold_gain":0,"player_choice":"Forget","damage_taken":0,"max_hp_gain":0,"max_hp_loss":0,"event_name":"Living Wall","floor":5,"gold_loss":0},{"damage_healed":0,"gold_gain":0,"player_choice":"Entered Light","damage_taken":15,"max_hp_gain":0,"max_hp_loss":0,"event_name":"Shining Light","floor":7,"gold_loss":0,"cards_upgraded":["Dualcast","Strike_B"]},{"damage_healed":0,"gold_gain":75,"player_choice":"Gather Gold","damage_taken":11,"max_hp_gain":0,"max_hp_loss":0,"event_name":"World of Goop","floor":10,"gold_loss":0},{"damage_healed":0,"gold_gain":175,"player_choice":"AGREE","damage_taken":0,"max_hp_gain":0,"max_hp_loss":0,"event_name":"Liars Game","floor":11,"gold_loss":0,"cards_obtained":["Doubt"]},{"cards_removed":["Strike_B"],"damage_healed":0,"gold_gain":0,"player_choice":"Elegance","damage_taken":0,"max_hp_gain":0,"max_hp_loss":0,"event_name":"Back to Basics","floor":19,"gold_loss":0},{"damage_healed":0,"gold_gain":100,"player_choice":"Pray","damage_taken":0,"max_hp_gain":0,"max_hp_loss":0,"event_name":"Golden Shrine","floor":28,"gold_loss":0},{"damage_healed":0,"gold_gain":0,"player_choice":"Fight","damage_taken":0,"max_hp_gain":0,"max_hp_loss":0,"event_name":"Colosseum","floor":30,"gold_loss":0}],"is_beta":false,"boss_relics":[{"not_picked":["Ectoplasm","FrozenCore"],"picked":"Inserter"}],"items_purged_floors":[13,21],"is_endless":false,"potions_floor_spawned":[3,18,22,24],"killed_by":"Colosseum Slavers","ascension_level":3}