{"gold_per_floor":[13,32,32,51,68,68,79,98,98,98,48,48,64,64,64,167,167,187,217,217,217,227,227,227,237,305,332,332,348,359,372,372,477,477,496,511,524,307,327,327,355,355,355,355,390,410,410,421,421,421],"floor_reached":51,"playtime":6007,"items_purged":["Survivor"],"score":793,"play_id":"f97a2269-9cef-4489-9f9d-473561eca54c","local_time":"20190128122157","is_ascension_mode":true,"campfire_choices":[{"data":"Neutralize","floor":6.0,"key":"SMITH"},{"data":"Well Laid Plans","floor":10.0,"key":"SMITH"},{"data":"Tactician","floor":12.0,"key":"SMITH"},{"data":"Blade Dance","floor":15.0,"key":"SMITH"},{"data":"A Thousand Cuts","floor":23.0,"key":"SMITH"},{"data":"Calculated Gamble","floor":28.0,"key":"SMITH"},{"floor":32.0,"key":"REST"},{"data":"A Thousand Cuts","floor":40.0,"key":"SMITH"},{"data":"Accuracy","floor":42.0,"key":"SMITH"},{"floor":49.0,"key":"REST"}],"neow_cost":"NO_GOLD","seed_source_timestamp":0,"circlet_count":0,"master_deck":["Defend_G+1","Defend_G+1","Defend_G+1","Defend_G+1","Defend_G+1","Strike_G+1","Neutralize+1","Blade Dance+1","Cloak And Dagger","Tactician+1","Deadly Poison","Poisoned Stab","Well Laid Plans+1","Blade Dance","A Thousand Cuts+1","Crippling Poison","Ghostly","Ghostly","Ghostly","Ghostly","Ghostly","Blade Dance","Calculated Gamble+1","Accuracy+1","Accuracy+1","Terror","After Image","Heel Hook+1","Cloak And Dagger+1","Cloak And Dagger+1","A Thousand Cuts+1","Acrobatics+1","Madness","Madness"],"special_seed":0,"relics":["Ring of the Snake","Matryoshka","Peace Pipe","HoveringKite","Red Mask","Bag of Marbles","Gremlin Horn","Blood Vial","Shuriken","Omamori","Sozu","Incense Burner","Bottled Lightning","Mercury Hourglass"],"potions_floor_usage":[50],"damage_taken":[{"damage":0.0,"enemies":"Small Slimes","floor":1.0,"turns":4.0},{"damage":0.0,"enemies":"Cultist","floor":2.0,"turns":5.0},{"damage":0.0,"enemies":"2 Louse","floor":4.0,"turns":2.0},{"damage":17.0,"enemies":"Large Slime","floor":5.0,"turns":9.0},{"damage":14.0,"enemies":"Exordium Thugs","floor":7.0,"turns":8.0},{"damage":0.0,"enemies":"Blue Slaver","floor":8.0,"turns":5.0},{"damage":0.0,"enemies":"Looter","floor":13.0,"turns":2.0},{"damage":16.0,"enemies":"Hexaghost","floor":16.0,"turns":10.0},{"damage":5.0,"enemies":"Chosen","floor":18.0,"turns":6.0},{"damage":31.0,"enemies":"Masked Bandits","floor":19.0,"turns":5.0},{"damage":2.0,"enemies":"3 Byrds","floor":22.0,"turns":5.0},{"damage":14.0,"enemies":"Cultist and Chosen","floor":25.0,"turns":8.0},{"damage":3.0,"enemies":"Gremlin Leader","floor":27.0,"turns":7.0},{"damage":3.0,"enemies":"Chosen and Byrds","floor":29.0,"turns":6.0},{"damage":5.0,"enemies":"Snecko","floor":30.0,"turns":5.0},{"damage":5.0,"enemies":"Cultist and Chosen","floor":31.0,"turns":6.0},{"damage":5.0,"enemies":"Champ","floor":33.0,"turns":9.0},{"damage":0.0,"enemies":"3 Shapes","floor":35.0,"turns":4.0},{"damage":2.0,"enemies":"Orb Walker","floor":36.0,"turns":4.0},{"damage":0.0,"enemies":"Spire Growth","floor":37.0,"turns":6.0},{"damage":20.0,"enemies":"Writhing Mass","floor":39.0,"turns":8.0},{"damage":0.0,"enemies":"Reptomancer","floor":41.0,"turns":6.0},{"damage":1.0,"enemies":"Giant Head","floor":45.0,"turns":7.0},{"damage":0.0,"enemies":"3 Darklings","floor":46.0,"turns":3.0},{"damage":14.0,"enemies":"Sphere and 2 Shapes","floor":48.0,"turns":4.0},{"damage":12,"enemies":"Donu and Deca","floor":50,"turns":10}],"seed_played":"-6891147481255271864","potions_obtained":[{"floor":1.0,"key":"Weak Potion"},{"floor":3.0,"key":"Poison Potion"},{"floor":3.0,"key":"FairyPotion"},{"floor":3.0,"key":"Energy Potion"},{"floor":13.0,"key":"GhostInAJar"},{"floor":19.0,"key":"Ancient Potion"},{"floor":29.0,"key":"EssenceOfSteel"}],"is_trial":false,"path_per_floor":["M","M","?","M","M","R","M","M","T","R","?","R","M","?","R","B",null,"M","?","?","?","M","R","T","M","T","E","R","M","M","M","R","B",null,"M","M","M","$","M","R","E","R","T","?","E","M","?","M","R","B",null],"character_chosen":"THE_SILENT","items_purchased":["A Thousand Cuts"],"campfire_rested":2,"item_purchase_floors":[38],"current_hp_per_floor":[70,70,70,70,53,53,39,39,39,39,39,39,39,39,39,23,70,65,34,34,34,32,32,32,18,18,17,17,16,13,10,20,17,35,35,33,35,35,15,15,17,17,17,17,18,20,16,4,14,4],"gold":421,"neow_bonus":"REMOVE_TWO","is_prod":false,"is_daily":false,"chose_seed":false,"campfire_upgraded":8,"win_rate":0,"timestamp":1548674517,"path_taken":["M","M","?","M","?","R","M","M","T","R","?","R","M","?","R","BOSS","M","?","?","?","M","R","?","M","T","E","R","?","M","M","R","BOSS","M","M","M","$","M","R","E","R","T","?","E","?","?","M","R","BOSS"],"build_version":"2019-01-23","purchased_purges":1,"victory":true,"max_hp_per_floor":[70,70,70,70,70,70,70,70,70,70,70,70,70,70,70,70,70,70,70,70,35,35,35,35,35,35,35,35,35,35,35,35,35,35,35,35,35,35,35,35,35,35,35,35,35,35,35,35,35,35],"card_choices":[{"not_picked":["Terror","Sucker Punch"],"picked":"Blade Dance","floor":1.0},{"not_picked":["Prepared","Riddle With Holes"],"picked":"Cloak And Dagger","floor":2.0},{"not_picked":["Catalyst","All Out Attack"],"picked":"Tactician","floor":4.0},{"not_picked":["Prepared","Underhanded Strike"],"picked":"Deadly Poison","floor":5.0},{"not_picked":["Flying Knee","Underhanded Strike"],"picked":"Poisoned Stab","floor":7.0},{"not_picked":["Riddle With Holes","Acrobatics"],"picked":"Well Laid Plans","floor":8.0},{"not_picked":["Flying Knee","Wraith Form v2"],"picked":"Blade Dance","floor":13.0},{"not_picked":["Wraith Form v2","Burst"],"picked":"A Thousand Cuts","floor":16.0},{"not_picked":["PiercingWail","Bane"],"picked":"Crippling Poison","floor":18.0},{"not_picked":["Dagger Spray","Distraction"],"picked":"Blade Dance","floor":22.0},{"not_picked":["Outmaneuver","Sucker Punch"],"picked":"Calculated Gamble","floor":25.0},{"not_picked":["Prepared+1","Glass Knife"],"picked":"Accuracy+1","floor":27.0},{"not_picked":["Dagger Throw+1","Sucker Punch","Endless Agony"],"picked":"SKIP","floor":29.0},{"not_picked":["Poisoned Stab","Night Terror"],"picked":"Accuracy","floor":30.0},{"not_picked":["Prepared+1","Backstab"],"picked":"Terror","floor":31.0},{"not_picked":["Venomology","Corpse Explosion"],"picked":"After Image","floor":33.0},{"not_picked":["Sucker Punch","Crippling Poison+1"],"picked":"Heel Hook+1","floor":35.0},{"not_picked":["Bane","Blur+1"],"picked":"Cloak And Dagger+1","floor":36.0},{"not_picked":["Tactician","Deflect"],"picked":"Cloak And Dagger+1","floor":37.0},{"not_picked":["Slice","Masterful Stab+1","Prepared+1"],"picked":"SKIP","floor":39.0},{"not_picked":["Bane","Deflect+1","Underhanded Strike"],"picked":"SKIP","floor":41.0},{"not_picked":["Adrenaline","Blade Dance+1"],"picked":"Acrobatics+1","floor":45.0},{"not_picked":["Catalyst+1","Caltrops","Dash"],"picked":"SKIP","floor":46.0},{"not_picked":["Dagger Spray+1","Outmaneuver","Dash+1"],"picked":"SKIP","floor":48.0}],"player_experience":35931,"relics_obtained":[{"floor":9.0,"key":"Matryoshka"},{"floor":19.0,"key":"Red Mask"},{"floor":24.0,"key":"Bag of Marbles"},{"floor":24.0,"key":"Gremlin Horn"},{"floor":26.0,"key":"Blood Vial"},{"floor":26.0,"key":"Shuriken"},{"floor":27.0,"key":"Omamori"},{"floor":41.0,"key":"Incense Burner"},{"floor":43.0,"key":"Bottled Lightning"},{"floor":45.0,"key":"Mercury Hourglass"}],"event_choices":[{"damage_healed":0.0,"max_hp_gain":0.0,"max_hp_loss":0.0,"gold_gain":0.0,"event_name":"Lab","player_choice":"Got Potions","floor":3.0,"gold_loss":0.0,"damage_taken":0.0},{"cards_removed":["Strike_G"],"damage_healed":0.0,"max_hp_gain":0.0,"max_hp_loss":0.0,"gold_gain":0.0,"event_name":"The Cleric","player_choice":"Card Removal","floor":11.0,"gold_loss":50.0,"damage_taken":0.0},{"damage_healed":0.0,"max_hp_gain":0.0,"max_hp_loss":0.0,"gold_gain":0.0,"event_name":"WeMeetAgain","player_choice":"Gave Potion","floor":14.0,"gold_loss":0.0,"damage_taken":0.0,"relics_obtained":["Peace Pipe"]},{"damage_healed":0.0,"max_hp_gain":0.0,"max_hp_loss":0.0,"gold_gain":0.0,"event_name":"Masked Bandits","player_choice":"Fought Bandits","floor":19.0,"gold_loss":0.0,"damage_taken":0.0},{"damage_healed":0.0,"max_hp_gain":0.0,"max_hp_loss":0.0,"gold_gain":0.0,"event_name":"Back to Basics","player_choice":"Simplicity","floor":20.0,"gold_loss":0.0,"damage_taken":0.0,"cards_upgraded":["Defend_G","Defend_G","Defend_G","Defend_G","Defend_G","Strike_G","Strike_G"]},{"damage_healed":0.0,"max_hp_gain":0.0,"max_hp_loss":35.0,"gold_gain":0.0,"event_name":"Ghosts","player_choice":"Became a Ghost","floor":21.0,"gold_loss":0.0,"damage_taken":0.0,"cards_obtained":["Ghostly","Ghostly","Ghostly","Ghostly","Ghostly"]},{"cards_removed":["Strike_G"],"damage_healed":0.0,"max_hp_gain":0.0,"max_hp_loss":0.0,"gold_gain":0.0,"event_name":"Purifier","player_choice":"Purged","floor":44.0,"gold_loss":0.0,"damage_taken":0.0},{"damage_healed":0.0,"max_hp_gain":0.0,"max_hp_loss":0.0,"gold_gain":0.0,"event_name":"Winding Halls","player_choice":"Embrace Madness","floor":47.0,"gold_loss":0.0,"damage_taken":4.0,"cards_obtained":["Madness","Madness"]}],"is_beta":false,"boss_relics":[{"not_picked":["Snecko Eye","Fusion Hammer"],"picked":"HoveringKite"},{"not_picked":["Eternal Feather","Tiny House"],"picked":"Sozu"}],"items_purged_floors":[38],"is_endless":false,"potions_floor_spawned":[1,7,8,13,19,29,30,39,48],"ascension_level":2}