{"gold_per_floor":[144,189,189,166,211,301,346,93,93,138,228,228,273,318,318,318],"floor_reached":16,"playtime":1441,"items_purged":[],"score":114,"play_id":"19883f5f-898d-489c-a211-6ef24ff1fef9","local_time":"20180717181244","daily_mods":["Allstar","Midas","Night Terrors"],"is_ascension_mode":false,"campfire_choices":[{"floor":12,"key":"REST"},{"floor":15,"key":"REST"}],"neow_cost":"","seed_source_timestamp":0,"circlet_count":0,"master_deck":["Defend_G","Defend_G","Defend_G","Defend_G","Defend_G","Strike_G","Strike_G","Strike_G","Strike_G","Strike_G","Survivor","Neutralize","Secret Technique","Secret Technique","Panacea","Sadistic Nature","Panache","Acrobatics","Sucker Punch","Regret","Malaise","Dagger Spray","Bane","Infinite Blades","Poisoned Stab","Dodge and Roll","Footwork"],"special_seed":17729,"relics":["Ring of the Snake","Mercury Hourglass","Bronze Scales","Blood Vial","Question Card","Ninja Scroll"],"potions_floor_usage":[16,16],"damage_taken":[{"damage":0,"enemies":"Jaw Worm","floor":1,"turns":6},{"damage":9,"enemies":"2 Louse","floor":2,"turns":4},{"damage":0,"enemies":"Cultist","floor":5,"turns":3},{"damage":23,"enemies":"3 Sentries","floor":6,"turns":6},{"damage":0,"enemies":"Gremlin Gang","floor":7,"turns":2},{"damage":0,"enemies":"Blue Slaver","floor":10,"turns":4},{"damage":24,"enemies":"Gremlin Nob","floor":11,"turns":4},{"damage":13,"enemies":"Large Slime","floor":13,"turns":4},{"damage":0,"enemies":"3 Louse","floor":14,"turns":1},{"damage":60,"enemies":"The Guardian","floor":16,"turns":9}],"seed_played":"-6709258171721631228","potions_obtained":[{"floor":7,"key":"SpeedPotion"},{"floor":10,"key":"Explosive Potion"}],"is_trial":false,"path_per_floor":["M","M","?","?","M","E","M","$","T","M","E","R","M","M","R"],"character_chosen":"THE_SILENT","items_purchased":["Blood Vial","Bane","Infinite Blades"],"campfire_rested":2,"item_purchase_floors":[8,8,8],"current_hp_per_floor":[70,61,61,61,61,38,38,38,38,40,18,65,52,54,60,0],"gold":318,"neow_bonus":"","is_prod":false,"is_daily":true,"chose_seed":false,"campfire_upgraded":0,"win_rate":0.0,"timestamp":1531843964,"path_taken":["M","M","?","?","?","E","M","$","T","M","E","R","?","M","R","BOSS"],"build_version":"2018-07-12","purchased_purges":0,"victory":false,"max_hp_per_floor":[70,70,70,70,70,70,70,70,70,70,70,65,65,65,60,60],"card_choices":[{"not_picked":["Dash","Prepared"],"picked":"Acrobatics","floor":1},{"not_picked":["Bane","Dagger Throw"],"picked":"Sucker Punch","floor":2},{"not_picked":["Flying Knee","Reflex"],"picked":"Malaise","floor":5},{"not_picked":["Storm of Steel","Prepared","Slice"],"picked":"SKIP","floor":6},{"not_picked":["Prepared","Malaise"],"picked":"Dagger Spray","floor":7},{"not_picked":["Deflect","Deadly Poison","Distraction","Concentrate"],"picked":"SKIP","floor":10},{"not_picked":["Acrobatics","Heel Hook","Outmaneuver"],"picked":"Poisoned Stab","floor":11},{"not_picked":["Masterful Stab","Endless Agony","Bane"],"picked":"Dodge and Roll","floor":13},{"not_picked":["PiercingWail","Prepared","Night Terror"],"picked":"Footwork","floor":14}],"player_experience":113879,"relics_obtained":[{"floor":6,"key":"Bronze Scales"},{"floor":9,"key":"Question Card"},{"floor":11,"key":"Ninja Scroll"}],"event_choices":[{"event_name":"Big Fish","player_choice":"Box","floor":3,"damage_taken":0},{"event_name":"World of Goop","player_choice":"Left","floor":4,"damage_taken":0}],"boss_relics":[],"items_purged_floors":[],"is_endless":false,"potions_floor_spawned":[7,10],"killed_by":"The Guardian","ascension_level":0}