{"gold_per_floor":[117,42,42,59,34,59,59,78,127,158,158,177,193,206,206,304,304,321,246,256,271,290,316,316,231,254,254,254,287,287,297,297,297],"floor_reached":33,"playtime":1598,"items_purged":["Strike_R"],"score":370,"play_id":"0879c31f-a2c5-47c0-a93d-e5aefeececd3","local_time":"20180703121511","is_ascension_mode":true,"campfire_choices":[{"data":"Cleave","floor":11,"key":"SMITH"},{"data":"Seeing Red","floor":15,"key":"SMITH"},{"data":"Iron Wave","floor":24,"key":"SMITH"},{"data":"Iron Wave","floor":27,"key":"SMITH"},{"floor":30,"key":"REST"},{"floor":32,"key":"REST"}],"neow_cost":"NONE","seed_source_timestamp":2197954846343,"circlet_count":0,"master_deck":["Strike_R","Strike_R+1","Strike_R","Defend_R","Defend_R","Defend_R","Defend_R","Bash+1","Twin Strike+1","Cleave+1","Seeing Red+1","Twin Strike+1","Warcry","Headbutt","Feed","Inflame","Iron Wave+1","Iron Wave+1","Shrug It Off+1"],"relics":["Burning Blood","NeowsBlessing","Orichalcum","Whetstone","Paper Frog","Sozu","The Courier","Calipers","Ancient Tea Set","Singing Bowl","Regal Pillow"],"potions_floor_usage":[10,12,16,16,20],"damage_taken":[{"damage":0,"enemies":"Cultist","floor":1,"turns":1},{"damage":0,"enemies":"Jaw Worm","floor":4,"turns":1},{"damage":0,"enemies":"3 Sentries","floor":6,"turns":1},{"damage":1,"enemies":"2 Louse","floor":8,"turns":2},{"damage":10,"enemies":"Gremlin Nob","floor":10,"turns":3},{"damage":0,"enemies":"Looter","floor":12,"turns":1},{"damage":2,"enemies":"Blue Slaver","floor":13,"turns":2},{"damage":0,"enemies":"Exordium Wildlife","floor":14,"turns":2},{"damage":40,"enemies":"The Guardian","floor":16,"turns":6},{"damage":6,"enemies":"3 Byrds","floor":18,"turns":5},{"damage":0,"enemies":"Chosen","floor":20,"turns":3},{"damage":16,"enemies":"Snecko","floor":21,"turns":4},{"damage":18,"enemies":"Snake Plant","floor":22,"turns":4},{"damage":20,"enemies":"Gremlin Leader","floor":23,"turns":4},{"damage":44,"enemies":"Book of Stabbing","floor":29,"turns":5},{"damage":7,"enemies":"3 Cultists","floor":31,"turns":4},{"damage":92,"enemies":"Automaton","floor":33,"turns":10}],"seed_played":"-7604608743146197923","potions_obtained":[{"floor":6,"key":"Strength Potion"},{"floor":8,"key":"AttackPotion"},{"floor":10,"key":"FearPotion"},{"floor":14,"key":"SkillPotion"},{"floor":16,"key":"Block Potion"}],"is_trial":false,"path_per_floor":["M","$","?","M","$","E","?","M","T","E","R","M","M","M","R","B",null,"M","?","M","M","M","E","R","?","T","R","?","E","R","M","R"],"character_chosen":"IRONCLAD","items_purchased":["Cleave"],"campfire_rested":2,"item_purchase_floors":[5],"current_hp_per_floor":[80,80,80,80,80,80,64,69,69,65,65,71,75,80,80,46,80,80,80,80,70,58,47,47,47,47,47,47,11,51,53,88,0],"gold":297,"neow_bonus":"THREE_ENEMY_KILL","is_prod":false,"is_daily":false,"chose_seed":false,"campfire_upgraded":4,"win_rate":0,"timestamp":1530612911,"path_taken":["M","?","?","M","$","E","?","M","T","E","R","M","M","M","R","BOSS","M","?","M","M","M","E","R","?","T","R","?","E","R","M","R","BOSS"],"build_version":"2018-06-28","purchased_purges":1,"victory":false,"max_hp_per_floor":[80,80,80,80,80,80,80,80,80,80,80,80,80,80,80,80,80,80,80,80,80,80,83,83,83,83,83,83,85,85,88,88,88],"card_choices":[{"not_picked":["Clash","Rupture","Perfected Strike"],"picked":"SKIP","floor":1},{"not_picked":["Burning Pact","Armaments"],"picked":"Twin Strike","floor":4},{"not_picked":["Clash","Sword Boomerang"],"picked":"Seeing Red","floor":6},{"not_picked":["Ghostly Armor","Clothesline"],"picked":"Twin Strike","floor":8},{"not_picked":["Dual Wield","Body Slam"],"picked":"Warcry","floor":10},{"not_picked":["Sentinel","Armaments"],"picked":"Headbutt","floor":12},{"not_picked":["Clash","Anger","Twin Strike"],"picked":"SKIP","floor":13},{"not_picked":["Perfected Strike","Burning Pact","Wild Strike"],"picked":"SKIP","floor":14},{"not_picked":["Double Tap","Immolate"],"picked":"Feed","floor":16},{"not_picked":["Evolve","Flex"],"picked":"Inflame","floor":18},{"not_picked":["Heavy Blade","Pommel Strike"],"picked":"Iron Wave","floor":20},{"not_picked":["Evolve","Warcry"],"picked":"Iron Wave","floor":21},{"not_picked":["Corruption+1","Perfected Strike","Seeing Red+1"],"picked":"SKIP","floor":22},{"not_picked":["Impervious","Searing Blow+1","Evolve"],"picked":"SKIP","floor":23},{"not_picked":["Burning Pact","Reckless Charge+1","Perfected Strike"],"picked":"Singing Bowl","floor":29},{"not_picked":["Heavy Blade+1","Reckless Charge"],"picked":"Shrug It Off+1","floor":31}],"player_experience":239042,"relics_obtained":[{"floor":6,"key":"Orichalcum"},{"floor":9,"key":"Whetstone"},{"floor":10,"key":"Paper Frog"},{"floor":23,"key":"The Courier"},{"floor":26,"key":"Ancient Tea Set"},{"floor":29,"key":"Regal Pillow"}],"event_choices":[{"event_name":"The Cleric","player_choice":"Leave","floor":3,"damage_taken":0},{"event_name":"Shining Light","player_choice":"Entered Light","floor":7,"damage_taken":0},{"event_name":"Beggar","player_choice":"Gave Gold","floor":19,"damage_taken":0},{"event_name":"Addict","player_choice":"Obtained Relic","floor":25,"damage_taken":0},{"event_name":"The Mausoleum","player_choice":"Yes","floor":28,"damage_taken":0}],"boss_relics":[{"not_picked":["Orrery","Pandora\u0027s Box"],"picked":"Sozu"}],"items_purged_floors":[2],"is_endless":false,"potions_floor_spawned":[6,8,10,14,16,18,21,23],"killed_by":"Automaton","ascension_level":3}