{"gold_per_floor":[364,383,234,234,250,276,276,276,276,305,324,355,1,1,1,1],"floor_reached":16,"playtime":1158,"items_purged":["Strike_R","Strike_R"],"score":124,"play_id":"ac95bf68-1e35-445d-bd87-c5a33b43d062","local_time":"20181110152253","is_ascension_mode":true,"campfire_choices":[{"floor":8.0,"key":"RECALL"},{"data":"Armaments","floor":15.0,"key":"SMITH"}],"neow_cost":"PERCENT_DAMAGE","seed_source_timestamp":0,"circlet_count":0,"master_deck":["Strike_R","Strike_R","Defend_R","Defend_R","Defend_R","Bash","Spot Weakness","Headbutt","Armaments+1","Shrug It Off","Demon Form","Feel No Pain","Clash","Iron Wave","Uppercut"],"special_seed":0,"relics":["Burning Blood","Ornamental Fan","Pocketwatch","Ancient Tea Set","Bottled Tornado"],"potions_floor_usage":[],"damage_taken":[{"damage":3.0,"enemies":"Small Slimes","floor":1.0,"turns":3.0},{"damage":5.0,"enemies":"Jaw Worm","floor":2.0,"turns":4.0},{"damage":0.0,"enemies":"2 Louse","floor":5.0,"turns":3.0},{"damage":19.0,"enemies":"Gremlin Nob","floor":6.0,"turns":4.0},{"damage":27.0,"enemies":"3 Sentries","floor":10.0,"turns":11.0},{"damage":1.0,"enemies":"Exordium Wildlife","floor":11.0,"turns":7.0},{"damage":20.0,"enemies":"Gremlin Nob","floor":12.0,"turns":4.0},{"damage":19,"enemies":"The Guardian","floor":16,"turns":2}],"seed_played":"-269647672217083429","potions_obtained":[{"floor":1.0,"key":"Ancient Potion"},{"floor":2.0,"key":"FearPotion"},{"floor":5.0,"key":"GamblersBrew"}],"is_trial":false,"path_per_floor":["M","M","$","?","M","E","?","R","T","E","M","E","$","?","R","B"],"character_chosen":"IRONCLAD","items_purchased":["Armaments","Shrug It Off","Bottled Tornado"],"campfire_rested":0,"item_purchase_floors":[3,3,13],"current_hp_per_floor":[59,60,60,60,66,53,53,53,53,32,37,23,23,16,16,0],"gold":1,"neow_bonus":"TWO_FIFTY_GOLD","is_prod":false,"is_daily":false,"chose_seed":false,"campfire_upgraded":1,"win_rate":0,"timestamp":1541859773,"path_taken":["M","M","$","?","M","E","?","R","T","E","M","E","$","?","R","BOSS"],"build_version":"2018-11-08","purchased_purges":2,"victory":false,"max_hp_per_floor":[80,80,80,80,80,80,80,80,80,80,80,80,80,80,80,80],"card_choices":[{"not_picked":["Anger","Twin Strike"],"picked":"Spot Weakness","floor":1.0},{"not_picked":["Burning Pact","Cleave"],"picked":"Headbutt","floor":2.0},{"not_picked":["Twin Strike","Seeing Red"],"picked":"Demon Form","floor":5.0},{"not_picked":["Body Slam","Cleave"],"picked":"Feel No Pain","floor":6.0},{"not_picked":["Armaments","Twin Strike","Cleave"],"picked":"SKIP","floor":10.0},{"not_picked":["Sword Boomerang","Heavy Blade"],"picked":"Iron Wave","floor":11.0},{"not_picked":["Sword Boomerang","Searing Blow"],"picked":"Uppercut","floor":12.0}],"player_experience":18021,"relics_obtained":[{"floor":6.0,"key":"Ornamental Fan"},{"floor":10.0,"key":"Pocketwatch"},{"floor":12.0,"key":"Ancient Tea Set"}],"event_choices":[{"damage_healed":0.0,"max_hp_gain":0.0,"max_hp_loss":0.0,"gold_gain":0.0,"event_name":"Liars Game","player_choice":"Ignored","floor":4.0,"gold_loss":0.0,"damage_taken":0.0},{"damage_healed":0.0,"max_hp_gain":0.0,"max_hp_loss":0.0,"gold_gain":0.0,"cards_transformed":["Strike_R"],"event_name":"Living Wall","player_choice":"Change","floor":7.0,"gold_loss":0.0,"damage_taken":0.0,"cards_obtained":["Clash"]},{"cards_removed":["Defend_R"],"damage_healed":0.0,"max_hp_gain":0.0,"max_hp_loss":0.0,"gold_gain":0.0,"event_name":"Golden Wing","player_choice":"Card Removal","floor":14.0,"gold_loss":0.0,"damage_taken":7.0}],"is_beta":true,"boss_relics":[],"items_purged_floors":[3,13],"is_endless":false,"potions_floor_spawned":[1,2,5],"killed_by":"The Guardian","ascension_level":1}