{"gold_per_floor":[115,126,53,66,82,82,109,121,121,46,63,238,251,262,262,361,361,286,306,306,324,144,144,176,176,176,176,176,21,33,47,47,150,150,162,162,262,273,287,316,316,347,347,347],"floor_reached":44,"playtime":2074,"items_purged":["Strike_G","Doubt"],"score":711,"play_id":"4d54bec0-a572-4bba-9339-45a1b05c6ecd","local_time":"20190131134946","is_ascension_mode":true,"campfire_choices":[{"data":"Footwork","floor":6.0,"key":"SMITH"},{"floor":15.0,"key":"REST"},{"floor":23.0,"key":"REST"},{"floor":25.0,"key":"REST"},{"floor":28.0,"key":"REST"},{"data":"Outmaneuver","floor":32.0,"key":"SMITH"},{"floor":41.0,"key":"REST"}],"neow_cost":"NONE","seed_source_timestamp":0,"circlet_count":0,"master_deck":["Defend_G+1","Defend_G+1","Defend_G+1","Defend_G+1","Defend_G+1","Strike_G+1","Strike_G+1","Strike_G+1","Survivor","Neutralize","Bouncing Flask","Footwork+1","Backstab","Cloak And Dagger","Burst","Escape Plan+1","Deadly Poison+1","Bouncing Flask+1","Crippling Poison","Outmaneuver+1","Footwork+1","Outmaneuver+1","Dagger Spray+1","Blur+1","Crippling Poison","Concentrate+1","Footwork"],"special_seed":0,"relics":["Runic Pyramid","Art of War","Gremlin Horn","Sozu","Ninja Scroll","Darkstone Periapt","Snake Skull","Black Star","The Specimen","Pear","Blood Vial","Singing Bowl","Bottled Flame","Paper Crane"],"potions_floor_usage":[],"damage_taken":[{"damage":0.0,"enemies":"Cultist","floor":1.0,"turns":4.0},{"damage":6.0,"enemies":"Small Slimes","floor":2.0,"turns":4.0},{"damage":0.0,"enemies":"Jaw Worm","floor":4.0,"turns":4.0},{"damage":7.0,"enemies":"Looter","floor":5.0,"turns":4.0},{"damage":15.0,"enemies":"3 Sentries","floor":7.0,"turns":11.0},{"damage":8.0,"enemies":"Blue Slaver","floor":8.0,"turns":4.0},{"damage":7.0,"enemies":"Exordium Thugs","floor":11.0,"turns":5.0},{"damage":0.0,"enemies":"Large Slime","floor":13.0,"turns":6.0},{"damage":0.0,"enemies":"Red Slaver","floor":14.0,"turns":5.0},{"damage":29.0,"enemies":"The Guardian","floor":16.0,"turns":11.0},{"damage":12.0,"enemies":"2 Thieves","floor":18.0,"turns":5.0},{"damage":13.0,"enemies":"Shell Parasite","floor":19.0,"turns":4.0},{"damage":12.0,"enemies":"Centurion and Healer","floor":21.0,"turns":9.0},{"damage":33.0,"enemies":"Gremlin Leader","floor":24.0,"turns":7.0},{"damage":0.0,"enemies":"Shelled Parasite and Fungi","floor":30.0,"turns":5.0},{"damage":0.0,"enemies":"3 Cultists","floor":31.0,"turns":4.0},{"damage":19.0,"enemies":"Collector","floor":33.0,"turns":7.0},{"damage":0.0,"enemies":"3 Shapes","floor":35.0,"turns":3.0},{"damage":0.0,"enemies":"Mind Bloom Boss Battle","floor":37.0,"turns":7.0},{"damage":8.0,"enemies":"3 Darklings","floor":38.0,"turns":5.0},{"damage":13.0,"enemies":"Jaw Worm Horde","floor":39.0,"turns":5.0},{"damage":16.0,"enemies":"Nemesis","floor":40.0,"turns":9.0},{"damage":82.0,"enemies":"Giant Head","floor":42.0,"turns":10.0},{"damage":20,"enemies":"Reptomancer","floor":44,"turns":2}],"seed_played":"7188844687944131248","potions_obtained":[{"floor":1.0,"key":"SpeedPotion"},{"floor":5.0,"key":"EntropicBrew"},{"floor":13.0,"key":"SkillPotion"}],"is_trial":false,"path_per_floor":["M","M","$","M","M","R","E","M","T","$","M","?","M","M","R","B",null,"M","M","?","M","$","R","E","R","T","?","R","$","M","M","R","B",null,"M","?","?","M","M","E","R","E","T","E"],"character_chosen":"THE_SILENT","items_purchased":["Footwork","Crippling Poison","Snake Skull"],"campfire_rested":5,"item_purchase_floors":[3,22,29],"current_hp_per_floor":[63,57,57,57,50,50,35,27,27,27,20,20,20,20,41,12,56,44,31,31,19,19,40,22,43,43,43,64,64,64,64,64,45,64,64,64,64,56,43,37,61,8,8,0],"gold":347,"neow_bonus":"BOSS_RELIC","is_prod":false,"is_daily":false,"chose_seed":false,"campfire_upgraded":2,"win_rate":0,"timestamp":1548960586,"path_taken":["M","M","$","M","M","R","E","M","T","?","M","?","M","M","R","BOSS","M","M","?","?","$","R","E","R","T","?","R","$","M","M","R","BOSS","M","?","?","?","M","E","R","E","T","E"],"build_version":"2019-01-23","purchased_purges":2,"victory":false,"max_hp_per_floor":[70,70,70,70,70,70,70,70,70,70,70,70,70,70,70,70,70,70,70,70,70,70,70,70,70,70,70,70,70,70,70,70,70,70,70,70,70,70,70,80,80,80,80,80],"card_choices":[{"not_picked":["Leg Sweep","Caltrops"],"picked":"Bouncing Flask","floor":1.0},{"not_picked":["Dodge and Roll","Dagger Throw","Flying Knee"],"picked":"SKIP","floor":2.0},{"not_picked":["Sucker Punch","Backflip","Slice"],"picked":"SKIP","floor":4.0},{"not_picked":["Acrobatics","Flying Knee"],"picked":"Backstab","floor":5.0},{"not_picked":["Poisoned Stab","Flying Knee"],"picked":"Cloak And Dagger","floor":7.0},{"not_picked":["Backflip","Glass Knife","Acrobatics"],"picked":"SKIP","floor":8.0},{"not_picked":["Masterful Stab","Slice","Eviscerate"],"picked":"SKIP","floor":11.0},{"not_picked":["Poisoned Stab","Sucker Punch","Flying Knee"],"picked":"SKIP","floor":13.0},{"not_picked":["Slice","Outmaneuver","Poisoned Stab"],"picked":"SKIP","floor":14.0},{"not_picked":["Malaise","Die Die Die"],"picked":"Burst","floor":16.0},{"not_picked":["Underhanded Strike","Blade Dance"],"picked":"Escape Plan+1","floor":18.0},{"not_picked":["Riddle With Holes","Poisoned Stab"],"picked":"Deadly Poison+1","floor":19.0},{"not_picked":["Dagger Throw+1","Underhanded Strike"],"picked":"Bouncing Flask+1","floor":21.0},{"not_picked":["Masterful Stab","Concentrate","Phantasmal Killer"],"picked":"SKIP","floor":24.0},{"not_picked":["Slice","Deadly Poison"],"picked":"Outmaneuver","floor":30.0},{"not_picked":["Flechettes","Dagger Throw+1"],"picked":"Footwork+1","floor":31.0},{"not_picked":["Sucker Punch","Finisher+1"],"picked":"Outmaneuver+1","floor":35.0},{"not_picked":["Deadly Poison","Predator+1"],"picked":"Dagger Spray+1","floor":37.0},{"not_picked":["Cloak And Dagger+1","Calculated Gamble"],"picked":"Blur+1","floor":38.0},{"not_picked":["Bane+1","Blade Dance"],"picked":"Crippling Poison","floor":39.0},{"not_picked":["Blade Dance","Doppelganger"],"picked":"Concentrate+1","floor":40.0},{"not_picked":["Concentrate","Blade Dance+1"],"picked":"Footwork","floor":42}],"player_experience":185937,"relics_obtained":[{"floor":7.0,"key":"Art of War"},{"floor":9.0,"key":"Gremlin Horn"},{"floor":24.0,"key":"Ninja Scroll"},{"floor":26.0,"key":"Darkstone Periapt"},{"floor":37.0,"key":"The Specimen"},{"floor":40.0,"key":"Pear"},{"floor":40.0,"key":"Blood Vial"},{"floor":42,"key":"Singing Bowl"},{"floor":42,"key":"Bottled Flame"},{"floor":43,"key":"Paper Crane"}],"event_choices":[{"damage_healed":0.0,"max_hp_gain":0.0,"max_hp_loss":0.0,"gold_gain":175.0,"event_name":"Liars Game","player_choice":"AGREE","floor":12.0,"gold_loss":0.0,"damage_taken":0.0,"cards_obtained":["Doubt"]},{"damage_healed":0.0,"max_hp_gain":0.0,"max_hp_loss":0.0,"gold_gain":0.0,"event_name":"FaceTrader","player_choice":"Leave","floor":20.0,"gold_loss":0.0,"damage_taken":0.0},{"damage_healed":0.0,"max_hp_gain":0.0,"max_hp_loss":0.0,"gold_gain":0.0,"event_name":"Back to Basics","player_choice":"Simplicity","floor":27.0,"gold_loss":0.0,"damage_taken":0.0,"cards_upgraded":["Defend_G","Defend_G","Defend_G","Defend_G","Defend_G","Strike_G","Strike_G","Strike_G","Strike_G"]},{"cards_removed":["Strike_G"],"damage_healed":0.0,"max_hp_gain":0.0,"max_hp_loss":0.0,"gold_gain":0.0,"event_name":"Falling","player_choice":"Removed Attack","floor":36.0,"gold_loss":0.0,"damage_taken":0.0},{"damage_healed":0.0,"max_hp_gain":0.0,"max_hp_loss":0.0,"gold_gain":0.0,"event_name":"MindBloom","player_choice":"Fight","floor":37.0,"gold_loss":0.0,"damage_taken":0.0}],"is_beta":false,"boss_relics":[{"not_picked":["Velvet Choker","Eternal Feather"],"picked":"Sozu"},{"not_picked":["Tiny House","Runic Dome"],"picked":"Black Star"}],"items_purged_floors":[10,22],"is_endless":false,"potions_floor_spawned":[1,5,13,14,19,21,30,31,37,39,42],"killed_by":"Reptomancer","ascension_level":9}