{"gold_per_floor":[213,39,4,14,30,30,61,61,61,82,4,16,30,48,48,48],"floor_reached":16,"playtime":658,"items_purged":["Bash"],"score":107,"play_id":"415bd9d5-0c44-4fc6-8e18-f348a83d1a82","local_time":"20190130050701","is_ascension_mode":true,"campfire_choices":[{"data":"Inflame","floor":6,"key":"SMITH"},{"data":"Spot Weakness","floor":8,"key":"SMITH"},{"data":"Ghostly Armor","floor":15,"key":"SMITH"}],"neow_cost":"NONE","seed_source_timestamp":1291810510370100,"circlet_count":0,"master_deck":["Strike_R","Strike_R","Strike_R","Strike_R","Strike_R","Defend_R","Defend_R","Defend_R","Defend_R","Shrug It Off","Clash","Inflame+1","Anger","Spot Weakness+1","Seeing Red","Cleave","Limit Break","Pommel Strike","Shrug It Off","Ghostly Armor+1"],"relics":["Burning Blood","Question Card","Odd Mushroom"],"potions_floor_usage":[14,14,14],"damage_taken":[{"damage":10,"enemies":"Small Slimes","floor":1,"turns":3},{"damage":2,"enemies":"2 Louse","floor":4,"turns":2},{"damage":6,"enemies":"Jaw Worm","floor":5,"turns":3},{"damage":18,"enemies":"Lagavulin","floor":7,"turns":5},{"damage":23,"enemies":"The Mushroom Lair","floor":10,"turns":4},{"damage":9,"enemies":"Blue Slaver","floor":12,"turns":3},{"damage":15,"enemies":"Exordium Wildlife","floor":13,"turns":4},{"damage":0,"enemies":"Gremlin Gang","floor":14,"turns":3},{"damage":54,"enemies":"Slime Boss","floor":16,"turns":5}],"seed_played":"-5702657236182971218","potions_obtained":[{"floor":4,"key":"Swift Potion"},{"floor":7,"key":"Poison Potion"},{"floor":13,"key":"BloodPotion"}],"is_trial":false,"path_per_floor":["M","$","?","M","M","R","E","R","T","?","$","M","M","M","R","B"],"character_chosen":"IRONCLAD","items_purchased":["Clash","Inflame","Limit Break"],"campfire_rested":0,"item_purchase_floors":[2,2,11],"current_hp_per_floor":[76,76,80,80,80,80,68,68,68,51,51,48,39,53,53,0],"gold":48,"neow_bonus":"HUNDRED_GOLD","is_prod":false,"is_daily":false,"chose_seed":false,"campfire_upgraded":3,"win_rate":0,"timestamp":1548842821,"path_taken":["M","$","?","M","M","R","E","R","T","?","?","M","M","M","R","BOSS"],"build_version":"2019-01-23","purchased_purges":1,"victory":false,"max_hp_per_floor":[80,80,80,80,80,80,80,80,80,80,80,80,80,80,80,80],"card_choices":[{"not_picked":["Thunderclap","Seeing Red"],"picked":"Shrug It Off","floor":1},{"not_picked":["Iron Wave","Clash"],"picked":"Anger","floor":4},{"not_picked":["Bloodletting","Pommel Strike"],"picked":"Spot Weakness","floor":5},{"not_picked":["Flame Barrier","Warcry"],"picked":"Seeing Red","floor":7},{"not_picked":["Twin Strike","Sever Soul","Armaments"],"picked":"Cleave","floor":10},{"not_picked":["Bludgeon","Spot Weakness","Cleave"],"picked":"Pommel Strike","floor":12},{"not_picked":["Burning Pact","Clash","Thunderclap"],"picked":"Shrug It Off","floor":13},{"not_picked":["True Grit","Inflame","Feed"],"picked":"Ghostly Armor","floor":14}],"player_experience":115656,"relics_obtained":[{"floor":7,"key":"Question Card"},{"floor":10,"key":"Odd Mushroom"}],"event_choices":[{"damage_healed":20,"gold_gain":0,"player_choice":"Healed","damage_taken":0,"max_hp_gain":0,"max_hp_loss":0,"event_name":"The Cleric","floor":3,"gold_loss":35},{"damage_healed":0,"gold_gain":0,"player_choice":"Fought Mushrooms","damage_taken":0,"max_hp_gain":0,"max_hp_loss":0,"event_name":"Mushrooms","floor":10,"gold_loss":0}],"is_beta":false,"boss_relics":[],"items_purged_floors":[2],"is_endless":false,"potions_floor_spawned":[4,7,13],"killed_by":"Slime Boss","ascension_level":1}