{"gold_per_floor":[119,132,106,121,121,121,152,0,80,80,99,126,146,161,161,260,260,280,205,217,41,51,51,51,86,86,86,86,86,106,121,121,121],"floor_reached":33,"playtime":1133,"items_purged":["Strike_R","Strike_R"],"score":332,"play_id":"038dff4f-8ec2-4bdf-8acd-49e8b8be8030","local_time":"20190124191429","is_ascension_mode":true,"campfire_choices":[{"data":"Armaments","floor":6,"key":"SMITH"},{"floor":10,"key":"REST"},{"floor":15,"key":"REST"},{"data":"Bludgeon","floor":23,"key":"SMITH"},{"floor":28,"key":"REST"},{"data":"J.A.X.","floor":32,"key":"SMITH"}],"neow_cost":"NONE","seed_source_timestamp":23012610662004,"circlet_count":0,"master_deck":["Strike_R+1","Strike_R+1","Strike_R","Defend_R","Defend_R","Defend_R","Defend_R","Bash","Armaments+1","Shrug It Off","Bloodletting","Purity","Rampage","Disarm","Bludgeon+1","Flame Barrier","Seeing Red","Infernal Blade","Shrug It Off","Decay","J.A.X.+1","Disarm"],"relics":["Burning Blood","Whetstone","Bronze Scales","Dodecahedron","Blue Candle","Cursed Key","Ornamental Fan","Omamori"],"potions_floor_usage":[13,16,25,25,25,33],"damage_taken":[{"damage":14,"enemies":"Jaw Worm","floor":1,"turns":5},{"damage":13,"enemies":"Cultist","floor":2,"turns":6},{"damage":0,"enemies":"Small Slimes","floor":4,"turns":4},{"damage":53,"enemies":"Gremlin Nob","floor":7,"turns":6},{"damage":0,"enemies":"Blue Slaver","floor":11,"turns":5},{"damage":35,"enemies":"Lagavulin","floor":12,"turns":9},{"damage":19,"enemies":"Large Slime","floor":13,"turns":6},{"damage":2,"enemies":"3 Louse","floor":14,"turns":4},{"damage":37,"enemies":"The Guardian","floor":16,"turns":14},{"damage":18,"enemies":"Shell Parasite","floor":18,"turns":5},{"damage":10,"enemies":"Spheric Guardian","floor":20,"turns":4},{"damage":13,"enemies":"Snecko","floor":22,"turns":4},{"damage":35,"enemies":"Slavers","floor":25,"turns":6},{"damage":30,"enemies":"3 Cultists","floor":30,"turns":5},{"damage":10,"enemies":"Snake Plant","floor":31,"turns":4},{"damage":66,"enemies":"Champ","floor":33,"turns":10}],"seed_played":"2837204926501569739","potions_obtained":[{"floor":4,"key":"LiquidBronze"},{"floor":7,"key":"Block Potion"},{"floor":11,"key":"Explosive Potion"},{"floor":13,"key":"Energy Potion"},{"floor":18,"key":"Dexterity Potion"},{"floor":20,"key":"SpeedPotion"},{"floor":25,"key":"SteroidPotion"}],"is_trial":false,"path_per_floor":["M","M","$","M","?","R","E","$","T","R","M","E","M","M","R","B",null,"M","$","M","$","M","R","?","E","T","?","R","?","M","M","R","B"],"character_chosen":"IRONCLAD","items_purchased":["Shrug It Off","Bronze Scales","Infernal Blade"],"campfire_rested":3,"item_purchase_floors":[3,8,21],"current_hp_per_floor":[80,73,73,79,79,79,32,32,32,58,64,35,22,26,52,21,88,76,76,72,72,65,65,65,36,36,36,62,88,64,60,60,0],"gold":121,"neow_bonus":"TEN_PERCENT_HP_BONUS","is_prod":false,"is_daily":false,"chose_seed":false,"campfire_upgraded":3,"win_rate":0,"timestamp":1548375269,"path_taken":["M","M","$","M","?","R","E","?","T","R","M","E","?","M","R","BOSS","M","$","M","$","M","R","?","E","T","?","R","?","M","M","R","BOSS"],"build_version":"2019-01-23","purchased_purges":2,"victory":false,"max_hp_per_floor":[88,88,88,88,88,88,88,88,88,88,88,88,88,88,88,88,88,88,88,88,88,88,88,88,88,88,88,88,88,88,88,88,88],"card_choices":[{"not_picked":["Twin Strike","Pommel Strike"],"picked":"Armaments","floor":1},{"not_picked":["Headbutt","Havoc","Iron Wave"],"picked":"SKIP","floor":2},{"not_picked":["Pommel Strike","Iron Wave"],"picked":"Bloodletting","floor":4},{"not_picked":["Body Slam","Rage"],"picked":"Rampage","floor":7},{"not_picked":["Entrench","Sentinel","Clash"],"picked":"SKIP","floor":11},{"not_picked":["True Grit","Heavy Blade","Perfected Strike"],"picked":"SKIP","floor":12},{"not_picked":["True Grit","Flame Barrier"],"picked":"Disarm","floor":13},{"not_picked":["Fiend Fire","Sword Boomerang","Havoc"],"picked":"SKIP","floor":14},{"not_picked":["Exhume","Fiend Fire"],"picked":"Bludgeon","floor":16},{"not_picked":["Whirlwind","Anger"],"picked":"Flame Barrier","floor":18},{"not_picked":["Battle Trance","Clash+1"],"picked":"Seeing Red","floor":20},{"not_picked":["Body Slam+1","Corruption","Iron Wave"],"picked":"SKIP","floor":22},{"not_picked":["Bloodletting","Dual Wield"],"picked":"Shrug It Off","floor":25},{"not_picked":["Clothesline","Second Wind","Rage+1"],"picked":"SKIP","floor":30},{"not_picked":["Body Slam+1","Shrug It Off+1"],"picked":"Disarm","floor":31}],"player_experience":130073,"relics_obtained":[{"floor":7,"key":"Whetstone"},{"floor":9,"key":"Dodecahedron"},{"floor":12,"key":"Blue Candle"},{"floor":25,"key":"Ornamental Fan"},{"floor":26,"key":"Omamori"}],"event_choices":[{"damage_healed":0,"gold_gain":0,"player_choice":"1 cards matched","damage_taken":0,"max_hp_gain":0,"max_hp_loss":0,"event_name":"Match and Keep!","floor":5,"gold_loss":0,"cards_obtained":["Purity"]},{"damage_healed":0,"gold_gain":0,"player_choice":"Ignored","damage_taken":0,"max_hp_gain":0,"max_hp_loss":0,"event_name":"Vampires","floor":24,"gold_loss":0},{"damage_healed":0,"gold_gain":0,"player_choice":"Obtain J.A.X.","damage_taken":0,"max_hp_gain":0,"max_hp_loss":0,"event_name":"Drug Dealer","floor":27,"gold_loss":0,"cards_obtained":["J.A.X."]},{"damage_healed":29,"gold_gain":0,"player_choice":"Heal","damage_taken":0,"max_hp_gain":0,"max_hp_loss":0,"event_name":"The Library","floor":29,"gold_loss":0}],"is_beta":false,"boss_relics":[{"not_picked":["Eternal Feather","Fusion Hammer"],"picked":"Cursed Key"}],"items_purged_floors":[19,21],"is_endless":false,"potions_floor_spawned":[4,7,11,13,18,20,25],"killed_by":"Champ","ascension_level":4}