{"gold_per_floor":[118,137,17,192,192,192,205,260,312,74,74,24,99,116,116,215,215,228,241,241],"floor_reached":20,"playtime":762,"items_purged":["Strike_R","Strike_R","Regret"],"score":181,"play_id":"8cbeefef-ebcc-466a-9c40-69ec5adce83a","local_time":"20190130174535","is_ascension_mode":true,"campfire_choices":[{"data":"Bash","floor":6,"key":"SMITH"},{"data":"Pommel Strike","floor":15,"key":"SMITH"}],"neow_cost":"NONE","seed_source_timestamp":1632458274327013,"circlet_count":0,"master_deck":["Strike_R","Strike_R","Strike_R","Defend_R","Defend_R","Defend_R","Defend_R","Bash+1","Cleave","Anger","Pommel Strike+1","Rampage","Shrug It Off","Feel No Pain","Shrug It Off","Finesse","Double Tap","Thunderclap+1"],"relics":["Burning Blood","NeowsBlessing","Tiny Chest","Smiling Mask","Art of War","Busted Crown"],"potions_floor_usage":[20,20],"damage_taken":[{"damage":0,"enemies":"Cultist","floor":1,"turns":1},{"damage":0,"enemies":"2 Louse","floor":2,"turns":1},{"damage":0,"enemies":"Small Slimes","floor":7,"turns":1},{"damage":6,"enemies":"Gremlin Nob","floor":8,"turns":3},{"damage":12,"enemies":"Blue Slaver","floor":14,"turns":3},{"damage":43,"enemies":"Hexaghost","floor":16,"turns":9},{"damage":19,"enemies":"Spheric Guardian","floor":18,"turns":5},{"damage":12,"enemies":"3 Byrds","floor":19,"turns":6},{"damage":12,"enemies":"Colosseum Slavers","floor":20,"turns":3},{"damage":66,"enemies":"Colosseum Nobs","floor":20,"turns":5}],"seed_played":"7959520591408741544","potions_obtained":[{"floor":1,"key":"Swift Potion"},{"floor":2,"key":"Explosive Potion"}],"is_trial":false,"path_per_floor":["M","M","$","?","?","R","M","E","T","$","?","$","?","M","R","B",null,"M","M","?"],"character_chosen":"IRONCLAD","items_purchased":["Pommel Strike","Feel No Pain","Shrug It Off","Finesse"],"campfire_rested":0,"item_purchase_floors":[3,10,10,10],"current_hp_per_floor":[80,80,80,80,80,80,80,80,80,80,80,80,69,63,63,26,80,67,61,0],"gold":241,"neow_bonus":"THREE_ENEMY_KILL","is_prod":false,"is_daily":false,"chose_seed":false,"campfire_upgraded":2,"win_rate":0,"timestamp":1548848735,"path_taken":["M","?","$","?","?","R","M","E","T","$","?","$","?","?","R","BOSS","M","M","?"],"build_version":"2019-01-23","purchased_purges":3,"victory":false,"max_hp_per_floor":[80,80,80,80,80,80,80,80,80,80,80,80,80,80,80,80,80,80,80,80],"card_choices":[{"not_picked":["Searing Blow","Heavy Blade"],"picked":"Cleave","floor":1},{"not_picked":["Sword Boomerang","Uppercut"],"picked":"Anger","floor":2},{"not_picked":["True Grit","Spot Weakness"],"picked":"Rampage","floor":7},{"not_picked":["True Grit","Spot Weakness"],"picked":"Shrug It Off","floor":8},{"not_picked":["Anger","Body Slam","Entrench"],"picked":"SKIP","floor":14},{"not_picked":["Reaper","Feed"],"picked":"Double Tap","floor":16},{"not_picked":["Body Slam"],"picked":"SKIP","floor":18},{"not_picked":[],"picked":"Thunderclap+1","floor":19}],"player_experience":698110,"relics_obtained":[{"floor":8,"key":"Tiny Chest"},{"floor":9,"key":"Smiling Mask"}],"event_choices":[{"damage_healed":0,"gold_gain":175,"player_choice":"AGREE","damage_taken":0,"max_hp_gain":0,"max_hp_loss":0,"event_name":"Liars Game","floor":4,"gold_loss":0,"cards_obtained":["Doubt"]},{"cards_removed":["Doubt"],"damage_healed":0,"gold_gain":0,"player_choice":"Forget","damage_taken":0,"max_hp_gain":0,"max_hp_loss":0,"event_name":"Living Wall","floor":5,"gold_loss":0},{"damage_healed":0,"gold_gain":0,"player_choice":"Box","damage_taken":0,"relics_obtained":["Art of War"],"max_hp_gain":0,"max_hp_loss":0,"event_name":"Big Fish","floor":11,"gold_loss":0,"cards_obtained":["Regret"]},{"damage_healed":0,"gold_gain":75,"player_choice":"Gather Gold","damage_taken":11,"max_hp_gain":0,"max_hp_loss":0,"event_name":"World of Goop","floor":13,"gold_loss":0},{"damage_healed":0,"gold_gain":0,"player_choice":"Fight","damage_taken":0,"max_hp_gain":0,"max_hp_loss":0,"event_name":"Colosseum","floor":20,"gold_loss":0},{"damage_healed":0,"gold_gain":0,"player_choice":"Fought Nobs","damage_taken":0,"max_hp_gain":0,"max_hp_loss":0,"event_name":"Colosseum","floor":20,"gold_loss":0}],"is_beta":false,"boss_relics":[{"not_picked":["Mark of Pain","Sozu"],"picked":"Busted Crown"}],"items_purged_floors":[3,10,12],"is_endless":false,"potions_floor_spawned":[1,2,20],"killed_by":"Colosseum Nobs","ascension_level":1}