{"gold_per_floor":[119,33,108,108,108,148,171,190,190,190,190,190,190,33,33,132,132,87,108,108,121,31,31,31,56,56,56,69,93,93,17,17,17],"floor_reached":33,"playtime":765,"items_purged":[],"score":536,"play_id":"3a78037d-f864-408a-892d-a13d254b7b95","local_time":"20190205195709","is_ascension_mode":true,"campfire_choices":[{"data":"Footwork","floor":10,"key":"SMITH"},{"data":"Malaise","floor":15,"key":"SMITH"},{"floor":23,"key":"REST"},{"floor":27,"key":"REST"},{"floor":30,"key":"REST"},{"floor":32,"key":"REST"}],"neow_cost":"NONE","seed_source_timestamp":10757595199000,"circlet_count":0,"master_deck":["AscendersBane","Defend_G","Defend_G","Defend_G","Defend_G","Defend_G","Strike_G","Strike_G","Strike_G","Strike_G","Strike_G","Survivor+1","Neutralize+1","Footwork+1","Deadly Poison+1","Deadly Poison","Deadly Poison","Malaise+1","Burst","Catalyst","Footwork","PiercingWail","Backstab","Footwork"],"relics":["Ring of the Snake","NeowsBlessing","Golden Idol","Incense Burner","Snake Skull","WingedGreaves","Velvet Choker","Centennial Puzzle","Letter Opener"],"potions_floor_usage":[16,21,33],"damage_taken":[{"damage":0,"enemies":"Jaw Worm","floor":1,"turns":1},{"damage":0,"enemies":"3 Sentries","floor":6,"turns":1},{"damage":0,"enemies":"Small Slimes","floor":7,"turns":1},{"damage":6,"enemies":"2 Louse","floor":8,"turns":3},{"damage":7,"enemies":"Hexaghost","floor":16,"turns":8},{"damage":17,"enemies":"2 Thieves","floor":18,"turns":5},{"damage":6,"enemies":"Spheric Guardian","floor":19,"turns":4},{"damage":20,"enemies":"Centurion and Healer","floor":21,"turns":8},{"damage":13,"enemies":"Chosen and Byrds","floor":25,"turns":8},{"damage":9,"enemies":"Snecko","floor":28,"turns":6},{"damage":2,"enemies":"3 Cultists","floor":29,"turns":6},{"damage":66,"enemies":"Automaton","floor":33,"turns":8}],"seed_played":"-2481657791472325948","potions_obtained":[{"floor":6,"key":"Fire Potion"},{"floor":19,"key":"AttackPotion"},{"floor":21,"key":"Strength Potion"},{"floor":29,"key":"Poison Potion"}],"is_trial":false,"path_per_floor":["M","$","?","?","?","E","M","M","T","R","$","?","?","$","R","B",null,"M","M","?","M","$","R","?","M","T","R","M","M","R","$","R","B"],"character_chosen":"THE_SILENT","items_purchased":["Footwork","Malaise","Footwork","Footwork"],"campfire_rested":4,"item_purchase_floors":[2,14,22,31],"current_hp_per_floor":[59,59,48,48,37,37,37,31,31,31,31,31,13,13,13,6,47,30,24,24,4,4,22,22,9,9,27,18,16,34,34,52,0],"gold":17,"neow_bonus":"THREE_ENEMY_KILL","is_prod":false,"is_daily":false,"chose_seed":false,"campfire_upgraded":2,"win_rate":0,"timestamp":1549389429,"path_taken":["M","$","?","?","?","E","M","M","T","R","$","?","?","$","R","BOSS","M","M","?","M","$","R","?","M","T","R","?","M","R","?","R","BOSS"],"build_version":"2019-01-23","purchased_purges":0,"victory":false,"max_hp_per_floor":[66,66,66,60,60,60,60,60,60,60,60,60,60,60,60,60,60,60,60,60,60,60,60,60,60,60,60,60,60,60,60,60,60],"card_choices":[{"not_picked":["Dagger Throw","Masterful Stab","Deflect"],"picked":"SKIP","floor":1},{"not_picked":["Prepared","Dagger Spray"],"picked":"Deadly Poison","floor":6},{"not_picked":["Leg Sweep","Quick Slash"],"picked":"Deadly Poison","floor":7},{"not_picked":["Quick Slash","Accuracy"],"picked":"Deadly Poison","floor":8},{"not_picked":["Glass Knife","Storm of Steel"],"picked":"Burst","floor":16},{"not_picked":["Flying Knee","Dagger Throw","Poisoned Stab"],"picked":"SKIP","floor":18},{"not_picked":["Deflect","PiercingWail"],"picked":"Catalyst","floor":19},{"not_picked":["Flying Knee+1","Unload","Cloak And Dagger"],"picked":"SKIP","floor":21},{"not_picked":["Flechettes","Cloak And Dagger"],"picked":"PiercingWail","floor":25},{"not_picked":["Finisher+1","Poisoned Stab","Dash"],"picked":"SKIP","floor":28},{"not_picked":["Outmaneuver","Endless Agony"],"picked":"Backstab","floor":29}],"player_experience":629508,"relics_obtained":[{"floor":6,"key":"Snake Skull"},{"floor":9,"key":"WingedGreaves"},{"floor":26,"key":"Letter Opener"}],"event_choices":[{"damage_healed":0,"gold_gain":75,"player_choice":"Gather Gold","damage_taken":11,"max_hp_gain":0,"max_hp_loss":0,"event_name":"World of Goop","floor":3,"gold_loss":0},{"damage_healed":0,"gold_gain":0,"player_choice":"Lose Max HP","damage_taken":0,"relics_obtained":["Golden Idol"],"max_hp_gain":0,"max_hp_loss":6,"event_name":"Golden Idol","floor":4,"gold_loss":0},{"damage_healed":0,"gold_gain":0,"player_choice":"Success","damage_taken":11,"relics_obtained":["Incense Burner"],"max_hp_gain":0,"max_hp_loss":0,"event_name":"Scrap Ooze","floor":5,"gold_loss":0},{"damage_healed":0,"gold_gain":0,"player_choice":"Grow","damage_taken":0,"max_hp_gain":0,"max_hp_loss":0,"event_name":"Living Wall","floor":12,"gold_loss":0,"cards_upgraded":["Deadly Poison"]},{"damage_healed":0,"gold_gain":0,"player_choice":"Entered Light","damage_taken":18,"max_hp_gain":0,"max_hp_loss":0,"event_name":"Shining Light","floor":13,"gold_loss":0,"cards_upgraded":["Neutralize","Survivor"]},{"damage_healed":0,"gold_gain":0,"player_choice":"Ignored","damage_taken":0,"max_hp_gain":0,"max_hp_loss":0,"event_name":"Cursed Tome","floor":20,"gold_loss":0},{"damage_healed":0,"gold_gain":0,"player_choice":"Gave Potion","damage_taken":0,"relics_obtained":["Centennial Puzzle"],"max_hp_gain":0,"max_hp_loss":0,"event_name":"WeMeetAgain","floor":24,"gold_loss":0}],"is_beta":false,"boss_relics":[{"not_picked":["Tiny House","Coffee Dripper"],"picked":"Velvet Choker"}],"items_purged_floors":[],"is_endless":false,"potions_floor_spawned":[6,19,21,29],"killed_by":"Automaton","ascension_level":20}