{"gold_per_floor":[109,109,59,234,39,39,82,82,82,82,113,127,160,183,183,312,312,331,356,370,35,60,110,148,168,168,187,203,216,257,270,270,393,393,416,416,416,429,454,487,487,487,487,523,95,108,123,164,164,164],"floor_reached":51,"playtime":3795,"items_purged":["Doubt"],"score":1048,"play_id":"74911d06-c523-4932-8c1a-7558800b9307","local_time":"20180704024404","is_ascension_mode":true,"campfire_choices":[{"data":"Apotheosis","floor":6,"key":"SMITH"},{"data":"Sucker Punch","floor":8,"key":"SMITH"},{"data":"Survivor","floor":10,"key":"SMITH"},{"data":"Dash","floor":15,"key":"SMITH"},{"data":"Adrenaline","floor":32,"key":"SMITH"},{"data":"Mind Blast","floor":41,"key":"SMITH"},{"floor":49,"key":"REST"}],"neow_cost":"NONE","seed_source_timestamp":4716824393277,"circlet_count":0,"master_deck":["Defend_G","Defend_G","Defend_G","Defend_G","Strike_G","Strike_G","Strike_G","Strike_G","Survivor+1","Neutralize","Escape Plan","Apotheosis+1","Sucker Punch+1","Quick Slash","Dash+1","Glass Knife","Dagger Throw","Adrenaline+1","All Out Attack","Caltrops","Caltrops","Well Laid Plans","Caltrops","Tools of the Trade","Finisher","Panache","Flash of Steel","Mind Blast+1","Expertise+1","Blade Dance+1","Noxious Fumes","Dramatic Entrance","Backflip","Blade Dance"],"relics":["Ring of the Snake","Golden Idol","Thread and Needle","Boot","Bottled Lightning","Vajra","Sozu","Omamori","Tiny Chest","Bag of Preparation","Turnip","Kunai","Philosopher\u0027s Stone","Shuriken","Gremlin Horn","Letter Opener","Singing Bowl","Toolbox","Unceasing Top"],"potions_floor_usage":[13,16,50,50],"damage_taken":[{"damage":0,"enemies":"2 Louse","floor":1,"turns":4},{"damage":18,"enemies":"Gremlin Nob","floor":7,"turns":6},{"damage":0,"enemies":"3 Sentries","floor":11,"turns":10},{"damage":0,"enemies":"Cultist","floor":12,"turns":3},{"damage":0,"enemies":"Gremlin Nob","floor":13,"turns":4},{"damage":0,"enemies":"Jaw Worm","floor":14,"turns":2},{"damage":0,"enemies":"Hexaghost","floor":16,"turns":10},{"damage":0,"enemies":"Shell Parasite","floor":18,"turns":3},{"damage":0,"enemies":"2 Thieves","floor":19,"turns":2},{"damage":0,"enemies":"Chosen and Byrds","floor":20,"turns":5},{"damage":0,"enemies":"Snake Plant","floor":22,"turns":2},{"damage":0,"enemies":"Slavers","floor":24,"turns":5},{"damage":0,"enemies":"Centurion and Healer","floor":25,"turns":4},{"damage":7,"enemies":"Slaver and Parasite","floor":27,"turns":4},{"damage":0,"enemies":"Snake Plant","floor":28,"turns":2},{"damage":0,"enemies":"Snecko","floor":29,"turns":4},{"damage":0,"enemies":"Gremlin Leader","floor":30,"turns":5},{"damage":0,"enemies":"Sentry and Sphere","floor":31,"turns":3},{"damage":18,"enemies":"Automaton","floor":33,"turns":9},{"damage":11,"enemies":"3 Darklings","floor":35,"turns":4},{"damage":0,"enemies":"3 Shapes","floor":38,"turns":2},{"damage":0,"enemies":"Maw","floor":39,"turns":5},{"damage":3,"enemies":"2 Orb Walkers","floor":40,"turns":4},{"damage":3,"enemies":"Nemesis","floor":44,"turns":3},{"damage":0,"enemies":"3 Darklings","floor":46,"turns":2},{"damage":0,"enemies":"Sphere and 2 Shapes","floor":47,"turns":1},{"damage":0,"enemies":"2 Orb Walkers","floor":48,"turns":1},{"damage":0,"enemies":"Awakened One","floor":50,"turns":6}],"seed_played":"-1105618806345637112","potions_obtained":[{"floor":11,"key":"EntropicBrew"},{"floor":13,"key":"Energy Potion"}],"is_trial":false,"path_per_floor":["M","?","?","?","$","R","E","R","T","R","E","M","E","M","R","B",null,"M","M","M","$","M","?","E","M","T","M","M","M","E","M","R","B",null,"M","?","?","M","M","E","R","?","T","E","$","M","M","E","R","B"],"character_chosen":"THE_SILENT","items_purchased":["Apotheosis","Omamori","Tiny Chest","Noxious Fumes","Dramatic Entrance","Toolbox","Backflip"],"campfire_rested":1,"item_purchase_floors":[5,21,21,45,45,45,45],"current_hp_per_floor":[77,58,58,58,58,58,40,40,40,40,40,40,40,40,40,40,77,77,77,77,77,77,77,77,77,77,70,70,70,70,70,70,52,77,66,56,56,56,56,53,53,53,53,52,52,52,54,56,80,80],"gold":164,"neow_bonus":"TEN_PERCENT_HP_BONUS","is_prod":false,"is_daily":false,"chose_seed":false,"campfire_upgraded":6,"win_rate":0,"timestamp":1530665044,"path_taken":["M","?","?","?","?","R","E","R","T","R","E","M","E","M","R","BOSS","M","M","?","$","M","?","E","M","T","M","M","M","E","M","R","BOSS","M","?","?","M","?","E","R","?","T","E","$","M","M","E","R","BOSS"],"build_version":"2018-06-28","purchased_purges":1,"victory":true,"max_hp_per_floor":[77,77,77,77,77,77,77,77,77,77,77,77,77,77,77,77,77,77,77,77,77,77,77,77,77,77,77,77,77,77,77,77,77,77,77,77,77,77,77,77,77,77,77,79,79,79,81,83,83,83],"card_choices":[{"not_picked":["Dagger Throw","Predator"],"picked":"Escape Plan","floor":1},{"not_picked":["Finisher","PiercingWail"],"picked":"Sucker Punch","floor":7},{"not_picked":["Slice","Flechettes"],"picked":"Quick Slash","floor":11},{"not_picked":["Cloak And Dagger","Bane"],"picked":"Dash","floor":12},{"not_picked":["Deadly Poison","PiercingWail"],"picked":"Glass Knife","floor":13},{"not_picked":["Sucker Punch","Concentrate"],"picked":"Dagger Throw","floor":14},{"not_picked":["Grand Finale","Doppelganger"],"picked":"Adrenaline","floor":16},{"not_picked":["Blade Dance","Calculated Gamble"],"picked":"All Out Attack","floor":18},{"not_picked":["PiercingWail+1","Acrobatics","Deadly Poison"],"picked":"SKIP","floor":19},{"not_picked":["Acrobatics","Poisoned Stab"],"picked":"Caltrops","floor":20},{"not_picked":["Deflect","Accuracy+1","Dagger Spray"],"picked":"SKIP","floor":22},{"not_picked":["Venomology","Sucker Punch"],"picked":"Caltrops","floor":24},{"not_picked":["Flying Knee+1","Slice"],"picked":"Well Laid Plans","floor":25},{"not_picked":["Crippling Poison","Accuracy"],"picked":"Caltrops","floor":27},{"not_picked":["Dagger Throw","Acrobatics","Expertise"],"picked":"SKIP","floor":28},{"not_picked":["Crippling Poison","Dodge and Roll+1","Terror"],"picked":"SKIP","floor":29},{"not_picked":["Outmaneuver","Blade Dance","Distraction+1"],"picked":"SKIP","floor":30},{"not_picked":["Slice+1","Dagger Spray","Eviscerate"],"picked":"SKIP","floor":31},{"not_picked":["Burst","Corpse Explosion"],"picked":"Tools of the Trade","floor":33},{"not_picked":["Crippling Poison","Slice+1"],"picked":"Finisher","floor":35},{"not_picked":["Flash of Steel","Enlightenment"],"picked":"Panache","floor":36},{"not_picked":["Blind","Trip"],"picked":"Flash of Steel","floor":36},{"not_picked":["Panache","Purity"],"picked":"Mind Blast","floor":36},{"not_picked":["Deadly Poison+1","Cloak And Dagger+1","Calculated Gamble"],"picked":"SKIP","floor":38},{"not_picked":["Finisher+1","Distraction"],"picked":"Expertise+1","floor":39},{"not_picked":["Cloak And Dagger","Flying Knee"],"picked":"Blade Dance+1","floor":40},{"not_picked":["Dagger Spray+1","PiercingWail+1","Slice+1"],"picked":"Singing Bowl","floor":44},{"not_picked":["Dagger Spray","Backflip+1"],"picked":"Blade Dance","floor":46},{"not_picked":["Dagger Throw+1","All Out Attack+1","Deflect"],"picked":"Singing Bowl","floor":47},{"not_picked":["Deflect","Noxious Fumes","PiercingWail+1"],"picked":"Singing Bowl","floor":48}],"player_experience":256777,"relics_obtained":[{"floor":7,"key":"Thread and Needle"},{"floor":9,"key":"Boot"},{"floor":11,"key":"Bottled Lightning"},{"floor":13,"key":"Vajra"},{"floor":24,"key":"Bag of Preparation"},{"floor":26,"key":"Turnip"},{"floor":30,"key":"Kunai"},{"floor":40,"key":"Gremlin Horn"},{"floor":43,"key":"Letter Opener"},{"floor":44,"key":"Singing Bowl"},{"floor":48,"key":"Unceasing Top"}],"event_choices":[{"event_name":"Golden Idol","player_choice":"Take Damage","floor":2,"damage_taken":0},{"event_name":"The Cleric","player_choice":"Card Removal","floor":3,"damage_taken":0},{"event_name":"Liars Game","player_choice":"agreed","floor":4,"damage_taken":0},{"event_name":"The Joust","player_choice":"Bet on Murderer","floor":23,"damage_taken":0},{"event_name":"SensoryStone","player_choice":"Memory 3","floor":36,"damage_taken":0},{"event_name":"Accursed Blacksmith","player_choice":"Rummage","floor":37,"damage_taken":0},{"event_name":"Falling","player_choice":"Removed Skill","floor":42,"damage_taken":0}],"boss_relics":[{"not_picked":["Velvet Choker","Snecko Eye"],"picked":"Sozu"},{"not_picked":["Astrolabe","Tiny House"],"picked":"Philosopher\u0027s Stone"}],"items_purged_floors":[21],"is_endless":false,"potions_floor_spawned":[11,13,18,20,28,29,31,33,35,39,47,48],"ascension_level":1}