{"gold_per_floor":[111,124,124,299,249,290,290,331,357,282,298,78,37,52,52,52],"floor_reached":16,"playtime":585,"items_purged":["Strike_R"],"score":130,"play_id":"6aa8c431-17b4-4e0c-9475-f3246d12dc77","local_time":"20180927124836","is_ascension_mode":true,"campfire_choices":[{"data":"Armaments","floor":7,"key":"SMITH"},{"data":"Wild Strike","floor":15,"key":"SMITH"}],"neow_cost":"TEN_PERCENT_HP_LOSS","seed_source_timestamp":0,"circlet_count":0,"master_deck":["Strike_R","Strike_R","Strike_R","Defend_R","Defend_R","Defend_R","Bash","Wild Strike+1","Combust","Thunderclap","Armaments+1","Shrug It Off","Uppercut","Headbutt","Inflame","Wild Strike"],"special_seed":0,"relics":["Burning Blood","Golden Idol","Potion Belt","Anchor","Bag of Preparation","Oddly Smooth Stone"],"potions_floor_usage":[16,16],"damage_taken":[{"damage":1,"enemies":"2 Louse","floor":1,"turns":4},{"damage":0,"enemies":"Small Slimes","floor":2,"turns":3},{"damage":14,"enemies":"3 Sentries","floor":6,"turns":6},{"damage":36,"enemies":"Gremlin Nob","floor":8,"turns":4},{"damage":0,"enemies":"Cultist","floor":11,"turns":3},{"damage":0,"enemies":"Exordium Wildlife","floor":14,"turns":3},{"damage":31,"enemies":"The Guardian","floor":16,"turns":5}],"seed_played":"-7788153623822500796","potions_obtained":[{"floor":1,"key":"Ancient Potion"},{"floor":6,"key":"Explosive Potion"},{"floor":8,"key":"Explosive Potion"}],"is_trial":false,"path_per_floor":["M","M","?","?","?","E","R","E","T","$","M","$","?","M","R"],"character_chosen":"IRONCLAD","items_purchased":["Oddly Smooth Stone","Inflame"],"campfire_rested":0,"item_purchase_floors":[12,12],"current_hp_per_floor":[72,72,54,54,54,46,46,16,16,16,22,22,22,28,28,0],"gold":52,"neow_bonus":"TRANSFORM_TWO_CARDS","is_prod":false,"is_daily":false,"chose_seed":false,"campfire_upgraded":2,"win_rate":0,"timestamp":1538045316,"path_taken":["M","M","?","?","?","E","R","E","T","?","?","$","?","M","R","BOSS"],"build_version":"2018-09-26v2","purchased_purges":1,"victory":false,"max_hp_per_floor":[72,72,72,72,72,72,72,72,72,72,72,72,72,72,72,72],"card_choices":[{"not_picked":["Carnage","Rupture"],"picked":"Thunderclap","floor":1},{"not_picked":["Headbutt","Fire Breathing"],"picked":"Armaments","floor":2},{"not_picked":["Ghostly Armor","Blood for Blood"],"picked":"Shrug It Off","floor":6},{"not_picked":["Brutality","Thunderclap"],"picked":"Uppercut","floor":8},{"not_picked":["Clothesline","Feel No Pain"],"picked":"Headbutt","floor":11},{"not_picked":["Warcry","Clash"],"picked":"Wild Strike","floor":14}],"player_experience":126989,"relics_obtained":[{"floor":6,"key":"Potion Belt"},{"floor":8,"key":"Anchor"},{"floor":9,"key":"Bag of Preparation"}],"event_choices":[{"event_name":"Golden Idol","player_choice":"Take Damage","floor":3,"damage_taken":0},{"event_name":"Liars Game","player_choice":"agreed","floor":4,"damage_taken":0},{"event_name":"The Cleric","player_choice":"Card Removal","floor":5,"damage_taken":0},{"event_name":"World of Goop","player_choice":"Left","floor":13,"damage_taken":0}],"is_beta":true,"boss_relics":[],"items_purged_floors":[10],"is_endless":false,"potions_floor_spawned":[1,6,8],"killed_by":"The Guardian","ascension_level":4}