{"gold_per_floor":[118,137,137,212,223,251,251,285,360,360,371,388,353,353,353,458,458,475,485,485,496,523,523,187,203,226,141,156,156,156],"floor_reached":30,"playtime":1247,"items_purged":[],"score":240,"play_id":"ab55b30c-e780-48c3-a1bd-8e31d563d4ec","local_time":"20190203171039","is_ascension_mode":false,"campfire_choices":[{"floor":7,"key":"REST"},{"floor":10,"key":"REST"},{"floor":15,"key":"REST"},{"floor":23,"key":"REST"}],"neow_cost":"CURSE","seed_source_timestamp":277778474227849,"circlet_count":0,"master_deck":["Defend_G","Defend_G","Defend_G","Defend_G","Defend_G","Strike_G","Strike_G","Strike_G","Survivor","Neutralize","Injury","All Out Attack","PiercingWail","Grand Finale","Quick Slash","Deflect","Riddle With Holes","Bouncing Flask","Finisher","After Image","Caltrops+1","Deflect+1","Blur","Skewer+1","Infinite Blades","Intimidate","Jack Of All Trades"],"relics":["Ring of the Snake","Turnip","Girya","Vajra","Letter Opener","Ninja Scroll","Philosopher\u0027s Stone","Red Mask","Anchor","PrismaticShard","PreservedInsect","Dream Catcher"],"potions_floor_usage":[6,12,16,18,30],"damage_taken":[{"damage":0,"enemies":"Small Slimes","floor":1,"turns":3},{"damage":0,"enemies":"Jaw Worm","floor":2,"turns":3},{"damage":0,"enemies":"2 Louse","floor":5,"turns":3},{"damage":41,"enemies":"Gremlin Nob","floor":6,"turns":5},{"damage":37,"enemies":"3 Sentries","floor":8,"turns":12},{"damage":2,"enemies":"Looter","floor":11,"turns":3},{"damage":0,"enemies":"Exordium Wildlife","floor":12,"turns":3},{"damage":26,"enemies":"The Guardian","floor":16,"turns":7},{"damage":15,"enemies":"Spheric Guardian","floor":18,"turns":6},{"damage":5,"enemies":"2 Thieves","floor":19,"turns":3},{"damage":21,"enemies":"Snake Plant","floor":21,"turns":3},{"damage":0,"enemies":"Masked Bandits","floor":22,"turns":3},{"damage":10,"enemies":"Snecko","floor":25,"turns":4},{"damage":20,"enemies":"3 Cultists","floor":28,"turns":6},{"damage":27,"enemies":"Snake Plant","floor":30,"turns":3}],"seed_played":"-9047766891915956367","potions_obtained":[{"floor":2,"key":"Poison Potion"},{"floor":6,"key":"Poison Potion"},{"floor":8,"key":"Explosive Potion"},{"floor":16,"key":"GhostInAJar"},{"floor":22,"key":"Ancient Potion"},{"floor":25,"key":"Dexterity Potion"},{"floor":28,"key":"Ancient Potion"}],"is_trial":false,"path_per_floor":["M","M","?","?","M","E","R","E","T","R","M","M","?","T","R","B",null,"M","M","?","M","?","R","$","M","T","?","M","$","M"],"character_chosen":"THE_SILENT","items_purchased":["Anchor","PrismaticShard"],"campfire_rested":4,"item_purchase_floors":[24,24],"current_hp_per_floor":[70,70,70,59,59,18,39,2,2,23,21,21,38,38,59,33,70,55,50,50,29,29,50,50,40,40,40,20,20,0],"gold":156,"neow_bonus":"ONE_RARE_RELIC","is_prod":false,"is_daily":false,"chose_seed":false,"campfire_upgraded":0,"win_rate":0.0,"timestamp":1549185039,"path_taken":["M","M","?","?","M","E","R","E","T","R","M","M","?","?","R","BOSS","M","M","?","?","?","R","$","M","T","?","M","$","?"],"build_version":"2019-01-23","purchased_purges":0,"victory":false,"max_hp_per_floor":[70,70,70,70,70,70,70,70,70,70,70,70,70,70,70,70,70,70,70,70,70,70,70,70,70,70,70,70,70,70],"card_choices":[{"not_picked":["Calculated Gamble","Dagger Spray"],"picked":"All Out Attack","floor":1},{"not_picked":["Slice","Deadly Poison"],"picked":"PiercingWail","floor":2},{"not_picked":["Sucker Punch","Dodge and Roll"],"picked":"Quick Slash","floor":5},{"not_picked":["Sucker Punch","Terror"],"picked":"Deflect","floor":6},{"not_picked":["Dagger Spray","All Out Attack"],"picked":"Riddle With Holes","floor":8},{"not_picked":["Outmaneuver","Eviscerate"],"picked":"Bouncing Flask","floor":11},{"not_picked":["Backflip","Acrobatics"],"picked":"Finisher","floor":12},{"not_picked":["Glass Knife","Wraith Form v2"],"picked":"After Image","floor":16},{"not_picked":["PiercingWail","Terror"],"picked":"Caltrops+1","floor":18},{"not_picked":["Slice","Dagger Throw"],"picked":"Deflect+1","floor":19},{"not_picked":["Dagger Throw","Dodge and Roll"],"picked":"Skewer+1","floor":21},{"not_picked":["Poisoned Stab","Catalyst"],"picked":"Infinite Blades","floor":22},{"not_picked":["Redo","All Out Attack"],"picked":"Intimidate","floor":25},{"not_picked":["Rebound+1","Pommel Strike"],"picked":"Jack Of All Trades","floor":28}],"player_experience":172813,"relics_obtained":[{"floor":6,"key":"Girya"},{"floor":8,"key":"Vajra"},{"floor":9,"key":"Letter Opener"},{"floor":14,"key":"Ninja Scroll"},{"floor":22,"key":"Red Mask"},{"floor":26,"key":"PreservedInsect"}],"event_choices":[{"damage_healed":0,"gold_gain":0,"cards_transformed":["Strike_G"],"player_choice":"Change","damage_taken":0,"max_hp_gain":0,"max_hp_loss":0,"event_name":"Living Wall","floor":3,"gold_loss":0,"cards_obtained":["Grand Finale"]},{"damage_healed":0,"gold_gain":75,"player_choice":"Gather Gold","damage_taken":11,"max_hp_gain":0,"max_hp_loss":0,"event_name":"World of Goop","floor":4,"gold_loss":0},{"damage_healed":17,"gold_gain":0,"player_choice":"Healed","damage_taken":0,"max_hp_gain":0,"max_hp_loss":0,"event_name":"The Cleric","floor":13,"gold_loss":35},{"damage_healed":0,"gold_gain":0,"cards_transformed":["Strike_G"],"player_choice":"Transformed","damage_taken":0,"max_hp_gain":0,"max_hp_loss":0,"event_name":"Transmorgrifier","floor":20,"gold_loss":0,"cards_obtained":["Blur"]},{"damage_healed":0,"gold_gain":0,"player_choice":"Fought Bandits","damage_taken":0,"max_hp_gain":0,"max_hp_loss":0,"event_name":"Masked Bandits","floor":22,"gold_loss":0},{"damage_healed":0,"gold_gain":0,"player_choice":"Obtained Relic","damage_taken":0,"relics_obtained":["Dream Catcher"],"max_hp_gain":0,"max_hp_loss":0,"event_name":"Addict","floor":27,"gold_loss":85}],"is_beta":false,"boss_relics":[{"not_picked":["Fusion Hammer","Snecko Eye"],"picked":"Philosopher\u0027s Stone"}],"items_purged_floors":[],"is_endless":false,"potions_floor_spawned":[2,6,8,16,22,25,28],"killed_by":"Snake Plant","ascension_level":0}