{"gold_per_floor":[119,44,64,80,99,99,113,131,131,131,159,178,208,208,208,307,307,319,332,43,55,55,73,73,73,73,88,121,121,121,135,135,235,235,252,269,288,41,0,33,33,48,48,48,61,61,71,83,83,83],"floor_reached":50,"playtime":5062,"items_purged":["Strike_B","Zap"],"score":561,"play_id":"24bf0b0a-9d7d-4f2b-b708-3d326bdaaed5","local_time":"20190131035055","is_ascension_mode":true,"campfire_choices":[{"data":"Go for the Eyes","floor":6,"key":"SMITH"},{"data":"Doom and Gloom","floor":10,"key":"SMITH"},{"data":"Gash","floor":15,"key":"SMITH"},{"data":"Hologram","floor":24,"key":"SMITH"},{"data":"Reinforced Body","floor":29,"key":"SMITH"},{"floor":32,"key":"REST"},{"data":"Dualcast","floor":41,"key":"SMITH"},{"floor":44,"key":"REST"},{"floor":49,"key":"REST"}],"neow_cost":"NONE","seed_source_timestamp":1369220911744500,"circlet_count":0,"master_deck":["Defend_B","Defend_B","Dualcast+1","Go for the Eyes+1","Doom and Gloom+1","Reinforced Body+1","Gash+1","Hologram","Hologram+1","Beam Cell","Darkness+1","Darkness+1","Seek+1","Beam Cell","Scrape+1","Scrape+1","Leap+1","Compile Driver","Leap+1","Hologram+1","Gash+1","Leap+1","Hologram+1","Rebound","Self Repair","Rebound","Go for the Eyes","Coolheaded+1"],"relics":["Cracked Core","Toxic Egg 2","Cables","Pear","Empty Cage","Anchor","Omamori","Busted Crown","Pen Nib","Red Mask","Shovel","Mercury Hourglass"],"potions_floor_usage":[8,13,16,18,23,28,36,37,50],"damage_taken":[{"damage":0,"enemies":"Cultist","floor":1,"turns":4},{"damage":0,"enemies":"Jaw Worm","floor":3,"turns":3},{"damage":1,"enemies":"Small Slimes","floor":4,"turns":2},{"damage":2,"enemies":"Looter","floor":5,"turns":3},{"damage":21,"enemies":"Exordium Wildlife","floor":7,"turns":5},{"damage":7,"enemies":"3 Louse","floor":8,"turns":3},{"damage":4,"enemies":"Lagavulin","floor":11,"turns":7},{"damage":0,"enemies":"Looter","floor":12,"turns":2},{"damage":11,"enemies":"3 Sentries","floor":13,"turns":3},{"damage":22,"enemies":"The Guardian","floor":16,"turns":9},{"damage":15,"enemies":"Spheric Guardian","floor":18,"turns":4},{"damage":7,"enemies":"Shell Parasite","floor":19,"turns":5},{"damage":12,"enemies":"Snake Plant","floor":21,"turns":5},{"damage":0,"enemies":"Centurion and Healer","floor":23,"turns":4},{"damage":0,"enemies":"Chosen and Byrds","floor":27,"turns":4},{"damage":19,"enemies":"Gremlin Leader","floor":28,"turns":6},{"damage":0,"enemies":"Shelled Parasite and Fungi","floor":31,"turns":5},{"damage":47,"enemies":"Automaton","floor":33,"turns":8},{"damage":0,"enemies":"3 Shapes","floor":35,"turns":3},{"damage":5,"enemies":"Orb Walker","floor":36,"turns":4},{"damage":7,"enemies":"Jaw Worm Horde","floor":37,"turns":3},{"damage":39,"enemies":"Reptomancer","floor":40,"turns":8},{"damage":18,"enemies":"3 Darklings","floor":42,"turns":4},{"damage":35,"enemies":"Spire Growth","floor":45,"turns":7},{"damage":6,"enemies":"Writhing Mass","floor":47,"turns":5},{"damage":5,"enemies":"3 Darklings","floor":48,"turns":3},{"damage":56,"enemies":"Donu and Deca","floor":50,"turns":7}],"seed_played":"-3049491014686269820","potions_obtained":[{"floor":3,"key":"Block Potion"},{"floor":7,"key":"Regen Potion"},{"floor":8,"key":"Ancient Potion"},{"floor":11,"key":"Block Potion"},{"floor":13,"key":"Dexterity Potion"},{"floor":19,"key":"Fire Potion"},{"floor":23,"key":"Fire Potion"},{"floor":33,"key":"Weak Potion"},{"floor":35,"key":"Strength Potion"},{"floor":36,"key":"FairyPotion"}],"is_trial":false,"path_per_floor":["M","$","M","M","M","R","M","M","T","R","E","M","E","?","R","B",null,"M","M","$","M","?","M","R","?","T","M","E","R","$","M","R","B",null,"M","M","M","$","?","E","R","M","T","R","M","?","M","M","R","B"],"character_chosen":"DEFECT","items_purchased":["Scrape","Anchor","Self Repair","Rebound","Pen Nib"],"campfire_rested":3,"item_purchase_floors":[20,20,38,38,38],"current_hp_per_floor":[75,75,75,74,72,72,51,53,53,53,49,49,48,48,48,26,85,70,63,63,51,51,51,51,51,51,51,32,32,32,32,57,10,85,85,80,73,73,73,41,41,23,23,48,20,20,21,16,41,0],"gold":83,"neow_bonus":"REMOVE_CARD","is_prod":false,"is_daily":false,"chose_seed":false,"campfire_upgraded":6,"win_rate":0,"timestamp":1548924655,"path_taken":["M","$","M","M","M","R","M","M","T","R","E","M","E","?","R","BOSS","M","M","$","M","?","M","R","?","T","M","E","R","$","M","R","BOSS","M","M","?","$","?","E","R","M","T","R","M","?","M","?","R","BOSS"],"build_version":"2019-01-23","purchased_purges":2,"victory":false,"max_hp_per_floor":[75,75,75,75,75,75,75,75,75,75,75,75,85,85,85,85,85,85,85,85,85,85,85,85,85,85,85,85,85,85,85,85,85,85,85,85,85,85,85,85,85,85,85,85,85,85,85,85,85,85],"card_choices":[{"not_picked":["Hologram","Tempest"],"picked":"Go for the Eyes","floor":1},{"not_picked":["Aggregate","Ball Lightning"],"picked":"Doom and Gloom","floor":3},{"not_picked":["Defragment","Double Energy"],"picked":"Reinforced Body","floor":4},{"not_picked":["Genetic Algorithm","FTL"],"picked":"Gash","floor":5},{"not_picked":["Cold Snap","Coolheaded"],"picked":"Hologram","floor":7},{"not_picked":["Barrage","Electrodynamics"],"picked":"Hologram","floor":8},{"not_picked":["Compile Driver","Amplify+1"],"picked":"Beam Cell","floor":11},{"not_picked":["Beam Cell","Barrage"],"picked":"Darkness+1","floor":12},{"not_picked":["Rainbow+1","Heatsinks"],"picked":"Darkness+1","floor":13},{"not_picked":["Thunder Strike","Amplify+1"],"picked":"Seek+1","floor":16},{"not_picked":["Streamline","Steam+1","Stack+1"],"picked":"SKIP","floor":18},{"not_picked":["Streamline","Aggregate+1"],"picked":"Beam Cell","floor":19},{"not_picked":["Compile Driver","Streamline+1"],"picked":"Scrape+1","floor":21},{"not_picked":["Chill+1","Glacier+1"],"picked":"Leap+1","floor":23},{"not_picked":["Stack+1","Go for the Eyes"],"picked":"Leap+1","floor":27},{"not_picked":["Electrodynamics","Streamline"],"picked":"Hologram+1","floor":28},{"not_picked":["Steam+1","Reprogram+1"],"picked":"Gash+1","floor":31},{"not_picked":[],"picked":"Leap+1","floor":35},{"not_picked":[],"picked":"Hologram+1","floor":36},{"not_picked":[],"picked":"Rebound","floor":37},{"not_picked":["Lockon"],"picked":"SKIP","floor":40},{"not_picked":["Rebound"],"picked":"SKIP","floor":42},{"not_picked":["Conserve Battery+1"],"picked":"SKIP","floor":45},{"not_picked":[],"picked":"Go for the Eyes","floor":47},{"not_picked":[],"picked":"Coolheaded+1","floor":48}],"player_experience":142833,"relics_obtained":[{"floor":9,"key":"Toxic Egg 2"},{"floor":11,"key":"Cables"},{"floor":13,"key":"Pear"},{"floor":28,"key":"Omamori"},{"floor":40,"key":"Shovel"},{"floor":43,"key":"Mercury Hourglass"}],"event_choices":[{"damage_healed":0,"gold_gain":0,"player_choice":"Ignored","damage_taken":0,"max_hp_gain":0,"max_hp_loss":0,"event_name":"Liars Game","floor":14,"gold_loss":0},{"cards_removed":["Defend_B"],"damage_healed":0,"gold_gain":0,"player_choice":"Elegance","damage_taken":0,"max_hp_gain":0,"max_hp_loss":0,"event_name":"Back to Basics","floor":22,"gold_loss":0},{"damage_healed":0,"gold_gain":0,"cards_transformed":["Defend_B"],"player_choice":"Transformed","damage_taken":0,"max_hp_gain":0,"max_hp_loss":0,"event_name":"Transmorgrifier","floor":25,"gold_loss":0,"cards_obtained":["Compile Driver"]},{"damage_healed":0,"gold_gain":0,"player_choice":"Paid","damage_taken":0,"relics_obtained":["Red Mask"],"max_hp_gain":0,"max_hp_loss":0,"event_name":"Tomb of Lord Red Mask","floor":39,"gold_loss":41},{"damage_healed":0,"gold_gain":0,"player_choice":"Upgraded","damage_taken":0,"max_hp_gain":0,"max_hp_loss":0,"event_name":"Upgrade Shrine","floor":46,"gold_loss":0,"cards_upgraded":["Scrape"]}],"is_beta":false,"boss_relics":[{"not_picked":["Philosopher\u0027s Stone","Cursed Key"],"picked":"Empty Cage"},{"not_picked":["Fusion Hammer","Sozu"],"picked":"Busted Crown"}],"items_purged_floors":[2,20],"is_endless":false,"potions_floor_spawned":[3,7,8,11,13,19,23,33,35,36],"killed_by":"Donu and Deca","ascension_level":1}