{"gold_per_floor":[119,136,149,0,15,15,27,59,86,86,86,86,122,135,135,263,263,277,290,290,315,330,368,380,392,404,416,15,33,51,77,77,77],"floor_reached":33,"playtime":2501,"items_purged":["Strike_G"],"score":293,"play_id":"726d17b1-3264-4000-b07d-4bfd0f486002","local_time":"20190130021030","is_ascension_mode":true,"campfire_choices":[{"data":"Footwork","floor":6.0,"key":"SMITH"},{"data":"Noxious Fumes","floor":10,"key":"SMITH"},{"data":"Deadly Poison","floor":15,"key":"SMITH"},{"floor":24,"key":"REST"},{"data":"Footwork","floor":27,"key":"SMITH"},{"data":"Corpse Explosion","floor":32,"key":"SMITH"}],"neow_cost":"NONE","seed_source_timestamp":0,"circlet_count":0,"master_deck":["Defend_G","Defend_G","Defend_G","Defend_G","Defend_G","Strike_G","Strike_G","Strike_G","Strike_G","Survivor","Neutralize","Dash+1","Footwork+1","Noxious Fumes+1","Deadly Poison+1","Dagger Spray","Caltrops","PiercingWail","Backflip","Poisoned Stab","Injury","Slice","Quick Slash","Corpse Explosion+1","Blur","Dodge and Roll+1","Normality","Bane","Backflip","Footwork+1","Clumsy","Pain"],"special_seed":0,"relics":["Ring of the Snake","Pen Nib","Anchor","Golden Idol","Centennial Puzzle","Cursed Key","Boot","MawBank","Shuriken","Lantern","Membership Card","Oddly Smooth Stone"],"potions_floor_usage":[8,8,8,16,16,18],"damage_taken":[{"damage":0.0,"enemies":"Jaw Worm","floor":1.0,"turns":4.0},{"damage":0.0,"enemies":"2 Louse","floor":2.0,"turns":3.0},{"damage":0.0,"enemies":"Cultist","floor":3.0,"turns":4.0},{"damage":0.0,"enemies":"Red Slaver","floor":5.0,"turns":5.0},{"damage":0.0,"enemies":"Looter","floor":7.0,"turns":4.0},{"damage":14,"enemies":"Gremlin Nob","floor":8,"turns":4},{"damage":17,"enemies":"3 Sentries","floor":13,"turns":7},{"damage":0,"enemies":"Exordium Wildlife","floor":14,"turns":5},{"damage":11,"enemies":"The Guardian","floor":16,"turns":9},{"damage":0,"enemies":"Chosen","floor":18,"turns":4},{"damage":9,"enemies":"2 Thieves","floor":19,"turns":3},{"damage":9,"enemies":"Snake Plant","floor":21,"turns":5},{"damage":13,"enemies":"Chosen and Byrds","floor":22,"turns":8},{"damage":21,"enemies":"Slavers","floor":23,"turns":4},{"damage":8,"enemies":"Centurion and Healer","floor":29,"turns":6},{"damage":3,"enemies":"Snake Plant","floor":30,"turns":4},{"damage":51,"enemies":"Collector","floor":33,"turns":7}],"seed_played":"-8804471418918334833","potions_obtained":[{"floor":0.0,"key":"Strength Potion"},{"floor":0.0,"key":"SmokeBomb"},{"floor":0.0,"key":"GamblersBrew"},{"floor":3.0,"key":"Block Potion"},{"floor":8,"key":"Weak Potion"},{"floor":13,"key":"PowerPotion"},{"floor":16,"key":"Poison Potion"},{"floor":19,"key":"Strength Potion"},{"floor":23,"key":"SpeedPotion"},{"floor":30,"key":"Energy Potion"}],"is_trial":false,"path_per_floor":["M","M","M","$","M","R","M","E","T","R","?","?","E","M","R","B",null,"M","M","T","M","M","E","R","?","T","R","$","M","M","T","R","B"],"character_chosen":"THE_SILENT","items_purchased":["Deadly Poison","Dagger Spray","Caltrops","Lantern","Membership Card"],"campfire_rested":1,"item_purchase_floors":[4,4,4,28,28],"current_hp_per_floor":[70,70,70,70,70,70,70,56,56,56,56,56,39,39,39,28,70,70,61,61,52,39,18,39,62,62,62,62,54,51,51,51,0],"gold":77,"neow_bonus":"THREE_SMALL_POTIONS","is_prod":false,"is_daily":false,"chose_seed":false,"campfire_upgraded":5,"win_rate":0,"timestamp":1548832230,"path_taken":["M","M","M","$","M","R","M","E","T","R","?","?","E","M","R","BOSS","M","M","?","?","M","E","R","?","T","R","$","M","M","?","R","BOSS"],"build_version":"2019-01-23","purchased_purges":1,"victory":false,"max_hp_per_floor":[70,70,70,70,70,70,70,70,70,70,70,70,70,70,70,70,70,70,70,70,70,70,70,70,70,70,70,70,70,70,70,70,70],"card_choices":[{"not_picked":["Skewer","Poisoned Stab"],"picked":"Dash","floor":1.0},{"not_picked":["Accuracy","Slice"],"picked":"Footwork","floor":2.0},{"not_picked":["Sucker Punch","Expertise"],"picked":"Noxious Fumes","floor":3.0},{"not_picked":["Prepared","All Out Attack"],"picked":"PiercingWail","floor":5.0},{"not_picked":["Corpse Explosion","Sucker Punch"],"picked":"Backflip","floor":7.0},{"not_picked":["Bane","Distraction"],"picked":"Poisoned Stab","floor":8},{"not_picked":["Sucker Punch","Glass Knife"],"picked":"Slice","floor":13},{"not_picked":["Cloak And Dagger","Blur"],"picked":"Quick Slash","floor":14},{"not_picked":["Storm of Steel","Venomology"],"picked":"Corpse Explosion","floor":16},{"not_picked":["Acrobatics","Deadly Poison"],"picked":"Blur","floor":18},{"not_picked":["Flechettes","Endless Agony"],"picked":"Dodge and Roll+1","floor":19},{"not_picked":["Slice","Masterful Stab"],"picked":"Bane","floor":21},{"not_picked":["Masterful Stab+1","Noxious Fumes"],"picked":"Backflip","floor":22},{"not_picked":["Flying Knee+1","Dagger Spray"],"picked":"Footwork","floor":23},{"not_picked":["Flying Knee","Expertise","Dagger Throw"],"picked":"SKIP","floor":29},{"not_picked":["Infinite Blades","Terror","Malaise"],"picked":"SKIP","floor":30}],"player_experience":103375,"relics_obtained":[{"floor":8,"key":"Pen Nib"},{"floor":9,"key":"Anchor"},{"floor":13,"key":"Centennial Puzzle"},{"floor":20,"key":"Boot"},{"floor":23,"key":"MawBank"},{"floor":26,"key":"Shuriken"},{"floor":31,"key":"Oddly Smooth Stone"}],"event_choices":[{"damage_healed":0,"gold_gain":0,"player_choice":"Take Wound","damage_taken":0,"relics_obtained":["Golden Idol"],"max_hp_gain":0,"max_hp_loss":0,"event_name":"Golden Idol","floor":11,"gold_loss":0,"cards_obtained":["Injury"]},{"damage_healed":0,"gold_gain":0,"player_choice":"Upgraded","damage_taken":0,"max_hp_gain":0,"max_hp_loss":0,"event_name":"Upgrade Shrine","floor":12,"gold_loss":0,"cards_upgraded":["Dash"]},{"damage_healed":23,"gold_gain":0,"player_choice":"Heal","damage_taken":0,"max_hp_gain":0,"max_hp_loss":0,"event_name":"The Library","floor":25,"gold_loss":0}],"is_beta":false,"boss_relics":[{"not_picked":["Runic Dome","Astrolabe"],"picked":"Cursed Key"}],"items_purged_floors":[28],"is_endless":false,"potions_floor_spawned":[3,8,13,16,19,23,30],"killed_by":"Collector","ascension_level":1}