{"gold_per_floor":[114,127,52,68,82,113,113,148,148,158,174,185,185,198,198,198],"floor_reached":16,"playtime":1552,"items_purged":["Strike_R"],"score":191,"play_id":"4c0547e0-d06c-42e7-a329-b47afb8539a4","local_time":"20181026171717","is_ascension_mode":true,"campfire_choices":[{"floor":7,"key":"REST"},{"data":"Anger","floor":15,"key":"SMITH"}],"neow_cost":"NONE","seed_source_timestamp":1414385121909708,"circlet_count":0,"master_deck":["Strike_R","Strike_R","Strike_R","Defend_R","Defend_R","Defend_R","Defend_R","Bash","AscendersBane","Anger+1","Pommel Strike","Headbutt","Flex","Rage","Shockwave","Rampage","Anger"],"relics":["Burning Blood","Potion Belt","Orichalcum","Lantern","Mummified Hand"],"potions_floor_usage":[8,16,16],"damage_taken":[{"damage":10,"enemies":"Cultist","floor":1,"turns":5},{"damage":4,"enemies":"Jaw Worm","floor":2,"turns":3},{"damage":0,"enemies":"Small Slimes","floor":4,"turns":3},{"damage":12,"enemies":"Looter","floor":5,"turns":3},{"damage":50,"enemies":"3 Sentries","floor":6,"turns":9},{"damage":22,"enemies":"Gremlin Nob","floor":8,"turns":4},{"damage":17,"enemies":"Exordium Thugs","floor":10,"turns":6},{"damage":0,"enemies":"3 Louse","floor":11,"turns":3},{"damage":1,"enemies":"Blue Slaver","floor":12,"turns":3},{"damage":14,"enemies":"Gremlin Gang","floor":14,"turns":5},{"damage":30,"enemies":"Slime Boss","floor":16,"turns":5}],"seed_played":"8583201328504326499","potions_obtained":[{"floor":5,"key":"GamblersBrew"},{"floor":6,"key":"LiquidBronze"},{"floor":10,"key":"BloodPotion"},{"floor":14,"key":"Dexterity Potion"}],"is_trial":false,"path_per_floor":["M","M","$","M","M","E","R","E","T","M","M","M","?","M","R"],"character_chosen":"IRONCLAD","items_purchased":[],"campfire_rested":1,"item_purchase_floors":[],"current_hp_per_floor":[68,70,70,76,70,26,50,34,34,23,29,34,27,19,19,0],"gold":198,"neow_bonus":"RANDOM_COMMON_RELIC","is_prod":false,"is_daily":false,"chose_seed":false,"campfire_upgraded":1,"win_rate":0,"timestamp":1540567037,"path_taken":["M","M","$","?","M","E","R","E","T","M","M","M","?","M","R","BOSS"],"build_version":"2018-10-25v2","purchased_purges":1,"victory":false,"max_hp_per_floor":[80,80,80,80,80,80,80,80,80,80,80,80,80,80,80,80],"card_choices":[{"not_picked":["Cleave","Second Wind"],"picked":"Anger","floor":1},{"not_picked":["Armaments","Wild Strike"],"picked":"Pommel Strike","floor":2},{"not_picked":["Metallicize","Second Wind"],"picked":"Headbutt","floor":4},{"not_picked":["Evolve","Wild Strike","Combust"],"picked":"SKIP","floor":5},{"not_picked":["Pommel Strike","Body Slam"],"picked":"Flex","floor":6},{"not_picked":["Shrug It Off","Rampage"],"picked":"Rage","floor":8},{"not_picked":["Shrug It Off","Blood for Blood"],"picked":"Shockwave","floor":10},{"not_picked":["Reaper","Blood for Blood"],"picked":"Rampage","floor":11},{"not_picked":["Headbutt","Corruption","Body Slam"],"picked":"SKIP","floor":12},{"not_picked":["True Grit","Havoc"],"picked":"Anger","floor":14}],"player_experience":407239,"relics_obtained":[{"floor":6,"key":"Orichalcum"},{"floor":8,"key":"Lantern"},{"floor":9,"key":"Mummified Hand"}],"event_choices":[{"cards_removed":["Strike_R"],"damage_healed":0,"gold_gain":0,"player_choice":"Card Removal","damage_taken":7,"max_hp_gain":0,"max_hp_loss":0,"event_name":"Golden Wing","floor":13,"gold_loss":0}],"is_beta":true,"boss_relics":[],"items_purged_floors":[3],"is_endless":false,"potions_floor_spawned":[5,6,10,14],"killed_by":"Slime Boss","ascension_level":13}