{"gold_per_floor":[119,119,131,145,156,156,191,191,191,191,218,230,195,213,213,315,315,331,314,343,343,363,363,376,376,376,150,150,164,164,207,219,327,339,365,387,399,18,38,70,70,100,100,100,115,125,125,125,125,125],"floor_reached":51,"playtime":2465,"items_purged":["Strike_G","Strike_G"],"score":1177,"play_id":"4c437810-f6ef-4696-b8d7-9171cd11d9c5","local_time":"20190130163858","is_ascension_mode":true,"campfire_choices":[{"data":"Predator","floor":6.0,"key":"SMITH"},{"floor":8.0,"key":"REST"},{"data":"Caltrops","floor":10.0,"key":"SMITH"},{"data":"Dash","floor":15.0,"key":"SMITH"},{"floor":23.0,"key":"REST"},{"data":"Terror","floor":25.0,"key":"SMITH"},{"data":"Noxious Fumes","floor":32.0,"key":"SMITH"},{"data":"Burst","floor":41,"key":"SMITH"},{"data":"After Image","floor":44,"key":"SMITH"},{"data":"Leg Sweep","floor":47,"key":"SMITH"},{"data":"Well Laid Plans","floor":49,"key":"SMITH"}],"neow_cost":"TEN_PERCENT_HP_LOSS","seed_source_timestamp":0,"circlet_count":0,"master_deck":["Defend_G","Defend_G","Defend_G","Defend_G","Strike_G","Strike_G","Strike_G","Survivor","Neutralize","Caltrops+1","Well Laid Plans+1","Predator+1","Burst+1","Dash+1","Dagger Spray","Necronomicurse","Terror+1","Backflip","Noxious Fumes+1","Leg Sweep+1","Ghostly","Ghostly","Ghostly","Ghostly","Ghostly","After Image+1","Bouncing Flask+1","PiercingWail+1","Noxious Fumes+1"],"special_seed":0,"relics":["Ring of the Snake","Nunchaku","Oddly Smooth Stone","Bird Faced Urn","Mummified Hand","Torii","Sozu","Red Mask","Necronomicon","Omamori","MawBank","Blue Candle","Velvet Choker","Mango","Smiling Mask","Blood Vial","Ancient Tea Set"],"potions_floor_usage":[],"damage_taken":[{"damage":0.0,"enemies":"2 Louse","floor":1.0,"turns":4.0},{"damage":0.0,"enemies":"Jaw Worm","floor":3.0,"turns":6.0},{"damage":2.0,"enemies":"Small Slimes","floor":4.0,"turns":5.0},{"damage":0.0,"enemies":"Exordium Wildlife","floor":5.0,"turns":3.0},{"damage":12.0,"enemies":"Gremlin Nob","floor":7.0,"turns":3.0},{"damage":23.0,"enemies":"3 Sentries","floor":11.0,"turns":8.0},{"damage":14.0,"enemies":"Large Slime","floor":12.0,"turns":7.0},{"damage":0.0,"enemies":"Blue Slaver","floor":14.0,"turns":4.0},{"damage":22.0,"enemies":"The Guardian","floor":16.0,"turns":13.0},{"damage":1.0,"enemies":"Spheric Guardian","floor":18.0,"turns":4.0},{"damage":8.0,"enemies":"2 Thieves","floor":19.0,"turns":4.0},{"damage":15.0,"enemies":"Masked Bandits","floor":20.0,"turns":4.0},{"damage":9.0,"enemies":"Snake Plant","floor":22.0,"turns":6.0},{"damage":1.0,"enemies":"3 Cultists","floor":24.0,"turns":4.0},{"damage":8.0,"enemies":"Centurion and Healer","floor":29.0,"turns":7.0},{"damage":0.0,"enemies":"Slavers","floor":31.0,"turns":6.0},{"damage":10.0,"enemies":"Champ","floor":33.0,"turns":12.0},{"damage":0.0,"enemies":"3 Shapes","floor":35.0,"turns":5.0},{"damage":0.0,"enemies":"3 Darklings","floor":36.0,"turns":5.0},{"damage":0,"enemies":"Sphere and 2 Shapes","floor":39,"turns":5},{"damage":1,"enemies":"Giant Head","floor":40,"turns":9},{"damage":0,"enemies":"Nemesis","floor":42,"turns":7},{"damage":0,"enemies":"Transient","floor":45,"turns":5},{"damage":0,"enemies":"Spire Growth","floor":46,"turns":5},{"damage":0,"enemies":"Donu and Deca","floor":50,"turns":9}],"seed_played":"-1129261121628353488","potions_obtained":[{"floor":4.0,"key":"Strength Potion"},{"floor":7.0,"key":"PowerPotion"},{"floor":16.0,"key":"Fire Potion"}],"is_trial":false,"path_per_floor":["M","?","M","M","M","R","E","R","T","R","E","M","?","M","R","B",null,"M","M","?","?","M","R","M","R","T","$","?","M","?","E","R","B",null,"M","M","?","$","M","E","R","E","T","R","M","M","R","?","R","B",null],"character_chosen":"THE_SILENT","items_purchased":["Noxious Fumes","Leg Sweep","Mango"],"campfire_rested":2,"item_purchase_floors":[27,27,38],"current_hp_per_floor":[63,51,51,49,49,49,37,55,55,55,36,26,41,45,45,27,54,57,53,42,26,19,37,42,42,42,42,31,25,25,31,31,22,29,31,31,31,45,45,44,44,45,45,45,45,45,45,45,45,45],"gold":125,"neow_bonus":"ONE_RARE_RELIC","is_prod":false,"is_daily":false,"chose_seed":false,"campfire_upgraded":9,"win_rate":0,"timestamp":1548884338,"path_taken":["M","?","M","M","M","R","E","R","T","R","E","M","?","M","R","BOSS","M","M","?","?","M","R","M","R","T","$","?","M","?","E","R","BOSS","M","M","?","$","M","E","R","E","T","R","M","M","R","?","R","BOSS"],"build_version":"2019-01-23","purchased_purges":2,"victory":true,"max_hp_per_floor":[63,63,63,63,63,63,63,63,63,63,63,63,63,63,63,63,63,63,63,63,63,63,63,63,63,63,63,31,31,31,31,31,31,31,31,31,31,45,45,45,45,45,45,45,45,45,45,45,45,45],"card_choices":[{"not_picked":["Acrobatics","Underhanded Strike"],"picked":"Caltrops","floor":1.0},{"not_picked":["Deflect","Sucker Punch"],"picked":"Well Laid Plans","floor":3.0},{"not_picked":["PiercingWail","Dagger Spray"],"picked":"Predator","floor":4.0},{"not_picked":["Endless Agony","Predator","Choke"],"picked":"SKIP","floor":5.0},{"not_picked":["Tactician","Backflip"],"picked":"Burst","floor":7.0},{"not_picked":["Infinite Blades","Prepared","Expertise"],"picked":"SKIP","floor":11.0},{"not_picked":["Infinite Blades","Prepared","Expertise"],"picked":"SKIP","floor":11.0},{"not_picked":["Slice","Prepared","Tactician"],"picked":"SKIP","floor":12.0},{"not_picked":["Sucker Punch","Backflip"],"picked":"Dash","floor":14.0},{"not_picked":["Bane","Dagger Throw","All Out Attack+1"],"picked":"SKIP","floor":18.0},{"not_picked":["Backflip","Quick Slash"],"picked":"Dagger Spray","floor":19.0},{"not_picked":["All Out Attack+1","Quick Slash"],"picked":"Terror","floor":22.0},{"not_picked":["Distraction","Infinite Blades"],"picked":"Backflip","floor":24.0},{"not_picked":["Unload","Flying Knee","Dagger Spray"],"picked":"SKIP","floor":29.0},{"not_picked":["Cloak And Dagger","Escape Plan+1","Poisoned Stab+1"],"picked":"SKIP","floor":31.0},{"not_picked":["Glass Knife","Adrenaline"],"picked":"After Image","floor":33.0},{"not_picked":["Backflip","Cloak And Dagger"],"picked":"Bouncing Flask+1","floor":35.0},{"not_picked":["Dagger Throw+1","Flying Knee"],"picked":"PiercingWail+1","floor":36.0},{"not_picked":["Calculated Gamble","Concentrate","Deflect"],"picked":"SKIP","floor":39},{"not_picked":["Underhanded Strike","Dodge and Roll","All Out Attack+1"],"picked":"SKIP","floor":40},{"not_picked":["Bullet Time","Poisoned Stab"],"picked":"Noxious Fumes+1","floor":42},{"not_picked":["Prepared+1","Flechettes","Cloak And Dagger"],"picked":"SKIP","floor":45},{"not_picked":["Prepared+1","Flying Knee","Infinite Blades+1"],"picked":"SKIP","floor":46}],"player_experience":174937,"relics_obtained":[{"floor":7.0,"key":"Bird Faced Urn"},{"floor":9.0,"key":"Mummified Hand"},{"floor":11.0,"key":"Torii"},{"floor":20.0,"key":"Red Mask"},{"floor":21.0,"key":"Necronomicon"},{"floor":26.0,"key":"Omamori"},{"floor":31.0,"key":"Blue Candle"},{"floor":40,"key":"Smiling Mask"},{"floor":42,"key":"Blood Vial"},{"floor":43,"key":"Ancient Tea Set"}],"event_choices":[{"damage_healed":0.0,"max_hp_gain":0.0,"max_hp_loss":0.0,"gold_gain":0.0,"event_name":"Scrap Ooze","player_choice":"Success","floor":2.0,"gold_loss":0.0,"damage_taken":12.0,"relics_obtained":["Oddly Smooth Stone"]},{"damage_healed":15.0,"max_hp_gain":0.0,"max_hp_loss":0.0,"gold_gain":0.0,"event_name":"The Cleric","player_choice":"Healed","floor":13.0,"gold_loss":35.0,"damage_taken":0.0},{"damage_healed":0.0,"max_hp_gain":0.0,"max_hp_loss":0.0,"gold_gain":0.0,"event_name":"Masked Bandits","player_choice":"Fought Bandits","floor":20.0,"gold_loss":0.0,"damage_taken":0.0},{"damage_healed":0.0,"max_hp_gain":0.0,"max_hp_loss":0.0,"gold_gain":0.0,"event_name":"Cursed Tome","player_choice":"Obtained Book","floor":21.0,"gold_loss":0.0,"damage_taken":16.0},{"damage_healed":0.0,"max_hp_gain":0.0,"max_hp_loss":32.0,"gold_gain":0.0,"event_name":"Ghosts","player_choice":"Became a Ghost","floor":28.0,"gold_loss":0.0,"damage_taken":0.0,"cards_obtained":["Ghostly","Ghostly","Ghostly","Ghostly","Ghostly"]},{"damage_healed":0.0,"max_hp_gain":0.0,"max_hp_loss":0.0,"gold_gain":0.0,"event_name":"The Mausoleum","player_choice":"Opened","floor":30.0,"gold_loss":0.0,"damage_taken":0.0,"relics_obtained":["MawBank"],"cards_obtained":["Writhe"]},{"cards_removed":["Defend_G"],"damage_healed":0.0,"max_hp_gain":0.0,"max_hp_loss":0.0,"gold_gain":0.0,"event_name":"Falling","player_choice":"Removed Skill","floor":37.0,"gold_loss":0.0,"damage_taken":0.0},{"damage_healed":0,"gold_gain":0,"player_choice":"Cursed","damage_taken":0,"max_hp_gain":0,"max_hp_loss":0,"event_name":"Wheel of Change","floor":48,"gold_loss":0,"cards_obtained":["Decay"]}],"is_beta":false,"boss_relics":[{"not_picked":["White Beast Statue","Busted Crown"],"picked":"Sozu"},{"not_picked":["Calling Bell","Astrolabe"],"picked":"Velvet Choker"}],"items_purged_floors":[27,38],"is_endless":false,"potions_floor_spawned":[4,7,16,19,29,31,36,40,46],"ascension_level":8}