{"gold_per_floor":[119,194,194,194,215,250,250,250,320,361,361,379,393,416,416,540,540,480,480,58,83,182,182,122,157,181,181,224,242,242,265,265,394,394,414,439,439,77,95,95,133,133,156,196,196,211,211,236,236,236],"floor_reached":51,"playtime":2278,"items_purged":["Defend_B"],"score":983,"play_id":"dcb22ae6-91fa-4f8f-b1b8-70cc1b803d0a","local_time":"20190127151759","is_ascension_mode":true,"campfire_choices":[{"floor":7.0,"key":"REST"},{"floor":11.0,"key":"REST"},{"floor":15.0,"key":"REST"},{"data":"Sunder","floor":23.0,"key":"SMITH"},{"data":"Defragment","floor":27.0,"key":"SMITH"},{"data":"Seek","floor":30.0,"key":"SMITH"},{"data":"Defragment","floor":32.0,"key":"SMITH"},{"data":"Biased Cognition","floor":40.0,"key":"SMITH"},{"data":"Go for the Eyes","floor":42,"key":"SMITH"},{"floor":49,"key":"REST"}],"neow_cost":"NONE","seed_source_timestamp":0,"circlet_count":0,"master_deck":["Defend_B","Defend_B","Zap","Dualcast+1","Genetic Algorithm+1","Multi-Cast+1","Beam Cell+1","Cold Snap","Leap","Coolheaded","Biased Cognition+1","Seek+1","Cold Snap","Necronomicurse","Sunder+1","Conserve Battery+1","Rebound","Go for the Eyes+1","Defragment+1","Defragment+1","Sunder+1","BootSequence+1","Conserve Battery+1","Parasite","Glacier+1"],"special_seed":0,"relics":["Astrolabe","Golden Idol","Cables","Gremlin Horn","Art of War","Velvet Choker","Necronomicon","Lee\u0027s Waffle","Regal Pillow","Dream Catcher","Bronze Scales","Unceasing Top","Cursed Key","StoneCalendar","Bag of Preparation","Lantern","Ancient Tea Set"],"potions_floor_usage":[50,50,50],"damage_taken":[{"damage":6.0,"enemies":"Jaw Worm","floor":1.0,"turns":3.0},{"damage":0.0,"enemies":"2 Louse","floor":5.0,"turns":4.0},{"damage":11.0,"enemies":"Lagavulin","floor":6.0,"turns":9.0},{"damage":55.0,"enemies":"Gremlin Nob","floor":10.0,"turns":6.0},{"damage":0.0,"enemies":"Cultist","floor":12.0,"turns":5.0},{"damage":0.0,"enemies":"2 Fungi Beasts","floor":13.0,"turns":3.0},{"damage":0.0,"enemies":"Red Slaver","floor":14.0,"turns":3.0},{"damage":44.0,"enemies":"Slime Boss","floor":16.0,"turns":14.0},{"damage":0.0,"enemies":"2 Thieves","floor":18.0,"turns":4.0},{"damage":0.0,"enemies":"Spheric Guardian","floor":21.0,"turns":1.0},{"damage":20.0,"enemies":"Slavers","floor":25.0,"turns":6.0},{"damage":0.0,"enemies":"Book of Stabbing","floor":28.0,"turns":6.0},{"damage":0.0,"enemies":"Snake Plant","floor":29.0,"turns":4.0},{"damage":0.0,"enemies":"Centurion and Healer","floor":31.0,"turns":4.0},{"damage":17.0,"enemies":"Collector","floor":33.0,"turns":7.0},{"damage":6.0,"enemies":"Orb Walker","floor":35.0,"turns":4.0},{"damage":0.0,"enemies":"3 Darklings","floor":36.0,"turns":7.0},{"damage":0.0,"enemies":"Jaw Worm Horde","floor":39.0,"turns":6.0},{"damage":4.0,"enemies":"Giant Head","floor":41.0,"turns":8.0},{"damage":27,"enemies":"Nemesis","floor":44,"turns":7},{"damage":3,"enemies":"Writhing Mass","floor":46,"turns":7},{"damage":0,"enemies":"Transient","floor":48,"turns":5},{"damage":32,"enemies":"Donu and Deca","floor":50,"turns":9}],"seed_played":"-5505258067155883458","potions_obtained":[{"floor":1.0,"key":"EssenceOfSteel"},{"floor":5.0,"key":"EntropicBrew"},{"floor":6.0,"key":"Dexterity Potion"},{"floor":8.0,"key":"Fruit Juice"},{"floor":8.0,"key":"Explosive Potion"},{"floor":12.0,"key":"SpeedPotion"},{"floor":21.0,"key":"Energy Potion"},{"floor":28.0,"key":"Block Potion"},{"floor":29.0,"key":"FocusPotion"},{"floor":35.0,"key":"LiquidBronze"},{"floor":48,"key":"FocusPotion"}],"is_trial":false,"path_per_floor":["M","?","?","?","M","E","R","?","T","E","R","M","M","M","R","B",null,"M","?","$","M","?","R","?","E","T","R","E","M","R","M","R","B",null,"M","M","?","$","M","R","E","R","T","E","?","M","?","M","R","B",null],"character_chosen":"DEFECT","items_purchased":["Sunder","Lee\u0027s Waffle","Regal Pillow","StoneCalendar"],"campfire_rested":4,"item_purchase_floors":[20,20,20,38],"current_hp_per_floor":[69,58,58,58,58,47,67,67,67,17,39,39,39,39,61,17,60,60,44,81,81,81,81,81,61,61,61,61,61,61,61,61,44,72,66,66,66,66,66,66,62,62,62,35,35,32,32,32,71,39],"gold":236,"neow_bonus":"BOSS_RELIC","is_prod":false,"is_daily":false,"chose_seed":false,"campfire_upgraded":6,"win_rate":0,"timestamp":1548620279,"path_taken":["M","?","?","?","?","E","R","?","T","E","R","M","M","?","R","BOSS","M","?","$","M","?","R","?","E","T","R","E","M","R","?","R","BOSS","M","M","?","$","M","R","E","R","T","E","?","?","?","M","R","BOSS"],"build_version":"2019-01-23","purchased_purges":1,"victory":true,"max_hp_per_floor":[75,75,69,69,69,69,69,69,69,74,74,74,74,74,74,74,74,74,74,81,81,81,81,81,81,81,81,81,81,81,81,81,81,81,81,81,81,81,81,81,81,81,81,81,81,81,81,81,81,81],"card_choices":[{"not_picked":["Blizzard","Steam Power","Stack"],"picked":"SKIP","floor":1.0},{"not_picked":["Go for the Eyes","Turbo"],"picked":"Cold Snap","floor":5.0},{"not_picked":["Rip and Tear","Reprogram"],"picked":"Leap","floor":6.0},{"not_picked":["Sweeping Beam","Compile Driver"],"picked":"Coolheaded","floor":10.0},{"not_picked":["Compile Driver","Static Discharge","Gash"],"picked":"SKIP","floor":12.0},{"not_picked":["Rebound","Compile Driver"],"picked":"Biased Cognition","floor":13.0},{"not_picked":["Gash","Turbo","Rebound"],"picked":"SKIP","floor":14.0},{"not_picked":["Meteor Strike","Biased Cognition"],"picked":"Seek","floor":16.0},{"not_picked":["Redo","Rebound+1"],"picked":"Cold Snap","floor":18.0},{"not_picked":["Leap","Redo+1"],"picked":"Conserve Battery","floor":21.0},{"not_picked":["Reinforced Body","Beam Cell"],"picked":"Defragment","floor":25.0},{"not_picked":["Force Field","Darkness+1","Turbo"],"picked":"SKIP","floor":28.0},{"not_picked":["Coolheaded","Ball Lightning","Hologram+1"],"picked":"SKIP","floor":29.0},{"not_picked":["Coolheaded+1","Barrage"],"picked":"Defragment","floor":31.0},{"not_picked":["Chaos+1","Conserve Battery","Leap+1"],"picked":"SKIP","floor":35.0},{"not_picked":["Barrage+1","Darkness+1"],"picked":"Sunder+1","floor":36.0},{"not_picked":["Turbo","Blizzard+1"],"picked":"BootSequence+1","floor":39.0},{"not_picked":["Redo","Gash+1","Doom and Gloom+1"],"picked":"SKIP","floor":41.0},{"not_picked":["All For One","Tempest+1"],"picked":"Conserve Battery+1","floor":44},{"not_picked":["Stack+1","Hello World","Barrage"],"picked":"SKIP","floor":46},{"not_picked":["Sweeping Beam+1","Hyperbeam"],"picked":"Glacier+1","floor":48}],"player_experience":151005,"relics_obtained":[{"floor":6.0,"key":"Cables"},{"floor":9.0,"key":"Gremlin Horn"},{"floor":10.0,"key":"Art of War"},{"floor":19.0,"key":"Necronomicon"},{"floor":25.0,"key":"Dream Catcher"},{"floor":26.0,"key":"Bronze Scales"},{"floor":28.0,"key":"Unceasing Top"},{"floor":41.0,"key":"Bag of Preparation"},{"floor":43,"key":"Lantern"},{"floor":44,"key":"Ancient Tea Set"}],"event_choices":[{"damage_healed":0.0,"max_hp_gain":0.0,"max_hp_loss":0.0,"gold_gain":75.0,"event_name":"World of Goop","player_choice":"Gather Gold","floor":2.0,"gold_loss":0.0,"damage_taken":11.0},{"damage_healed":0.0,"max_hp_gain":0.0,"max_hp_loss":6.0,"gold_gain":0.0,"event_name":"Golden Idol","player_choice":"Lose Max HP","floor":3.0,"gold_loss":0.0,"damage_taken":0.0,"relics_obtained":["Golden Idol"]},{"damage_healed":0.0,"max_hp_gain":0.0,"max_hp_loss":0.0,"gold_gain":0.0,"event_name":"Upgrade Shrine","player_choice":"Upgraded","floor":4.0,"gold_loss":0.0,"damage_taken":0.0,"cards_upgraded":["Dualcast"]},{"damage_healed":0.0,"max_hp_gain":0.0,"max_hp_loss":0.0,"gold_gain":0.0,"event_name":"Lab","player_choice":"Got Potions","floor":8.0,"gold_loss":0.0,"damage_taken":0.0},{"damage_healed":0.0,"max_hp_gain":0.0,"max_hp_loss":0.0,"gold_gain":0.0,"event_name":"Cursed Tome","player_choice":"Obtained Book","floor":19.0,"gold_loss":0.0,"damage_taken":16.0},{"damage_healed":0.0,"max_hp_gain":0.0,"max_hp_loss":0.0,"gold_gain":99.0,"event_name":"Nest","player_choice":"Stole From Cult","floor":22.0,"gold_loss":0.0,"damage_taken":0.0},{"damage_healed":0.0,"max_hp_gain":0.0,"max_hp_loss":0.0,"gold_gain":0.0,"cards_transformed":["Strike_B","Defend_B"],"event_name":"Designer","player_choice":"Transformed Cards","floor":24.0,"gold_loss":60.0,"damage_taken":0.0,"cards_obtained":["Rebound","Go for the Eyes"]},{"damage_healed":0.0,"max_hp_gain":0.0,"max_hp_loss":0.0,"gold_gain":0.0,"event_name":"Tomb of Lord Red Mask","player_choice":"Ignored","floor":37.0,"gold_loss":0.0,"damage_taken":0.0},{"damage_healed":0,"gold_gain":0,"player_choice":"Upgraded","damage_taken":0,"max_hp_gain":0,"max_hp_loss":0,"event_name":"Upgrade Shrine","floor":45,"gold_loss":0,"cards_upgraded":["Conserve Battery"]},{"cards_removed":["Normality"],"damage_healed":0,"gold_gain":0,"player_choice":"Purged","damage_taken":0,"max_hp_gain":0,"max_hp_loss":0,"event_name":"Purifier","floor":47,"gold_loss":0}],"is_beta":false,"boss_relics":[{"not_picked":["Pandora\u0027s Box","Fusion Hammer"],"picked":"Velvet Choker"},{"not_picked":["Runic Dome","Philosopher\u0027s Stone"],"picked":"Cursed Key"}],"items_purged_floors":[38],"is_endless":false,"potions_floor_spawned":[1,5,6,12,21,28,29,35,39,48],"ascension_level":5}