{"gold_per_floor":[112,123,14,14,24,53,69,69,69,400,400,416,167,167,167,271,271,282,282,282,294,294],"floor_reached":22,"playtime":1089,"items_purged":["Bash","Strike_R"],"score":204,"play_id":"25b21054-3130-4221-87f9-aba74f2b6a7c","local_time":"20190130043928","is_ascension_mode":true,"campfire_choices":[{"data":"Armaments","floor":8,"key":"SMITH"},{"data":"Searing Blow","floor":11,"key":"SMITH"},{"floor":15,"key":"REST"}],"neow_cost":"NONE","seed_source_timestamp":1289726128054100,"circlet_count":0,"master_deck":["Strike_R","Strike_R","Strike_R","Strike_R","Defend_R","Defend_R","Defend_R","Defend_R","Headbutt","Pommel Strike","Armaments+1","Flex","Spot Weakness","Heavy Blade","Demon Form"],"relics":["Burning Blood","Shuriken","Old Coin","Oddly Smooth Stone","Cursed Key"],"potions_floor_usage":[10,12,16],"damage_taken":[{"damage":2,"enemies":"2 Louse","floor":1,"turns":3},{"damage":1,"enemies":"Cultist","floor":2,"turns":3},{"damage":1,"enemies":"Jaw Worm","floor":5,"turns":5},{"damage":46,"enemies":"Lagavulin","floor":6,"turns":8},{"damage":16,"enemies":"3 Louse","floor":7,"turns":4},{"damage":24,"enemies":"Gremlin Nob","floor":10,"turns":5},{"damage":7,"enemies":"Gremlin Gang","floor":12,"turns":5},{"damage":42,"enemies":"Slime Boss","floor":16,"turns":12},{"damage":31,"enemies":"Chosen","floor":18,"turns":5},{"damage":32,"enemies":"3 Byrds","floor":21,"turns":5},{"damage":20,"enemies":"Sentry and Sphere","floor":22,"turns":4}],"seed_played":"2775271102942721019","potions_obtained":[{"floor":1,"key":"Swift Potion"},{"floor":7,"key":"Block Potion"},{"floor":10,"key":"Ancient Potion"},{"floor":21,"key":"Explosive Potion"}],"is_trial":false,"path_per_floor":["M","M","$","?","M","E","M","R","T","E","R","M","$","?","R","B",null,"M","?","?","M","M"],"character_chosen":"IRONCLAD","items_purchased":["Searing Blow","Oddly Smooth Stone"],"campfire_rested":1,"item_purchase_floors":[3,13],"current_hp_per_floor":[88,88,88,88,88,48,38,38,38,20,20,19,19,19,45,9,88,63,46,46,20,0],"gold":294,"neow_bonus":"TEN_PERCENT_HP_BONUS","is_prod":false,"is_daily":false,"chose_seed":false,"campfire_upgraded":2,"win_rate":0,"timestamp":1548841168,"path_taken":["M","M","$","?","M","E","M","R","T","E","R","?","$","?","R","BOSS","M","?","?","?","M"],"build_version":"2019-01-23","purchased_purges":2,"victory":false,"max_hp_per_floor":[88,88,88,88,88,88,88,88,88,88,88,88,88,88,88,88,88,88,93,93,93,93],"card_choices":[{"not_picked":["Fire Breathing","Twin Strike"],"picked":"Headbutt","floor":1},{"not_picked":["Whirlwind","Body Slam"],"picked":"Pommel Strike","floor":2},{"not_picked":["Blood for Blood","Pommel Strike"],"picked":"Armaments","floor":5},{"not_picked":["Rupture","Pommel Strike"],"picked":"Flex","floor":6},{"not_picked":["Rage","Rupture"],"picked":"Spot Weakness","floor":7},{"not_picked":["Offering","Clothesline","Twin Strike"],"picked":"SKIP","floor":10},{"not_picked":["Pummel","Seeing Red"],"picked":"Heavy Blade","floor":12},{"not_picked":["Impervious","Brutality"],"picked":"Demon Form","floor":16},{"not_picked":["Body Slam","True Grit","Entrench+1"],"picked":"SKIP","floor":18},{"not_picked":["Carnage","Metallicize+1","Rage"],"picked":"SKIP","floor":21}],"player_experience":113610,"relics_obtained":[{"floor":6,"key":"Shuriken"},{"floor":10,"key":"Old Coin"}],"event_choices":[{"damage_healed":0,"gold_gain":0,"player_choice":"0 cards matched","damage_taken":0,"max_hp_gain":0,"max_hp_loss":0,"event_name":"Match and Keep!","floor":4,"gold_loss":0,"cards_obtained":[]},{"damage_healed":0,"gold_gain":0,"player_choice":"Ignored","damage_taken":0,"max_hp_gain":0,"max_hp_loss":0,"event_name":"Liars Game","floor":14,"gold_loss":0},{"damage_healed":0,"gold_gain":0,"player_choice":"Shed Blood","damage_taken":22,"max_hp_gain":5,"max_hp_loss":0,"event_name":"Forgotten Altar","floor":19,"gold_loss":0},{"cards_removed":["Searing Blow"],"damage_healed":0,"gold_gain":0,"player_choice":"Purged","damage_taken":0,"max_hp_gain":0,"max_hp_loss":0,"event_name":"Purifier","floor":20,"gold_loss":0}],"is_beta":false,"boss_relics":[{"not_picked":["Runic Pyramid","Runic Cube"],"picked":"Cursed Key"}],"items_purged_floors":[3,13],"is_endless":false,"potions_floor_spawned":[1,7,10,21],"killed_by":"Sentry and Sphere","ascension_level":1}