{"gold_per_floor":[116,116,127,2,15,15,40,40,40,40,53,3,3,43,43,174,174,187,187,198,216,216,242,242,268,268,268,284,284,284,284,284,379,379,391,0,0,20,20,20,51,61,88,88,88,102,102,117,117,117],"floor_reached":51,"playtime":2739,"items_purged":["Defend_B"],"score":755,"play_id":"016f13c0-0ba1-424e-8834-c6fcd5b92a9e","local_time":"20180703163842","is_ascension_mode":true,"campfire_choices":[{"data":"Consume","floor":6,"key":"SMITH"},{"data":"Redo","floor":13,"key":"SMITH"},{"floor":15,"key":"REST"},{"data":"Redo","floor":24,"key":"SMITH"},{"data":"Dualcast","floor":27,"key":"SMITH"},{"data":"Static Discharge","floor":30,"key":"SMITH"},{"data":"Ball Lightning","floor":32,"key":"SMITH"},{"data":"Electrodynamics","floor":40,"key":"SMITH"},{"data":"Multi-Cast","floor":45,"key":"SMITH"},{"data":"Static Discharge","floor":47,"key":"SMITH"},{"data":"Conserve Battery","floor":49,"key":"SMITH"}],"neow_cost":"NONE","seed_source_timestamp":16813669535799,"circlet_count":0,"master_deck":["Strike_B","Strike_B","Defend_B","Defend_B","Defend_B","Zap+1","Dualcast+1","Consume+1","Redo+1","Leap","Redo+1","Ball Lightning+1","Static Discharge+1","Reboot","Ball Lightning","Self Repair","Biased Cognition","Conserve Battery+1","Static Discharge+1","Electrodynamics+1","Multi-Cast+1","Storm+1","Loop+1"],"relics":["Cracked Core","Centennial Puzzle","Bloody Idol","Mercury Hourglass","Singing Bowl","Coffee Dripper","Gremlin Horn","Meat on the Bone","Bag of Marbles","Pantograph","Orrery","Red Mask","Ancient Tea Set","Orichalcum"],"potions_floor_usage":[5,14,20,23,25,33,33,41,50,50,50],"damage_taken":[{"damage":0,"enemies":"Cultist","floor":1,"turns":4},{"damage":0,"enemies":"2 Louse","floor":3,"turns":2},{"damage":0,"enemies":"Small Slimes","floor":5,"turns":2},{"damage":44,"enemies":"Lagavulin","floor":7,"turns":6},{"damage":0,"enemies":"Blue Slaver","floor":11,"turns":3},{"damage":16,"enemies":"3 Sentries","floor":14,"turns":4},{"damage":15,"enemies":"Slime Boss","floor":16,"turns":6},{"damage":3,"enemies":"Shell Parasite","floor":18,"turns":4},{"damage":1,"enemies":"3 Byrds","floor":20,"turns":2},{"damage":16,"enemies":"Centurion and Healer","floor":21,"turns":3},{"damage":13,"enemies":"Gremlin Leader","floor":23,"turns":3},{"damage":32,"enemies":"Slavers","floor":25,"turns":2},{"damage":16,"enemies":"Snake Plant","floor":28,"turns":2},{"damage":53,"enemies":"Automaton","floor":33,"turns":7},{"damage":4,"enemies":"Orb Walker","floor":35,"turns":3},{"damage":0,"enemies":"3 Shapes","floor":38,"turns":2},{"damage":9,"enemies":"2 Orb Walkers","floor":41,"turns":2},{"damage":8,"enemies":"3 Darklings","floor":42,"turns":2},{"damage":41,"enemies":"Maw","floor":46,"turns":5},{"damage":6,"enemies":"Sphere and 2 Shapes","floor":48,"turns":2},{"damage":73,"enemies":"Awakened One","floor":50,"turns":7}],"seed_played":"-8488676543700568338","potions_obtained":[{"floor":3,"key":"Explosive Potion"},{"floor":11,"key":"LiquidBronze"},{"floor":18,"key":"AttackPotion"},{"floor":21,"key":"PowerPotion"},{"floor":29,"key":"Explosive Potion"},{"floor":29,"key":"Dexterity Potion"},{"floor":29,"key":"Fruit Juice"},{"floor":35,"key":"Dexterity Potion"},{"floor":38,"key":"FocusPotion"},{"floor":42,"key":"Dexterity Potion"}],"is_trial":false,"path_per_floor":["M","?","M","$","M","R","E","?","T","$","M","$","R","E","R","B",null,"M","?","M","M","?","E","R","E","T","R","M","?","R","?","R","B",null,"M","?","$","M","?","R","E","M","T","?","R","M","R","M","R","B"],"character_chosen":"DEFECT","items_purchased":["Redo","PowerPotion"],"campfire_rested":1,"item_purchase_floors":[4,12],"current_hp_per_floor":[75,75,75,75,75,75,31,31,31,31,31,31,31,15,35,20,69,68,68,71,62,62,56,56,43,43,43,44,44,44,44,44,45,86,88,88,88,90,90,90,86,92,92,92,92,63,63,69,69,38],"gold":117,"neow_bonus":"UPGRADE_CARD","is_prod":false,"is_daily":false,"chose_seed":false,"campfire_upgraded":10,"win_rate":0,"timestamp":1530628722,"path_taken":["M","?","M","$","M","R","E","?","T","$","?","?","R","E","R","BOSS","M","?","M","?","?","E","R","E","T","R","M","?","R","?","R","BOSS","M","?","?","?","?","R","E","M","T","?","R","M","R","M","R","BOSS"],"build_version":"2018-06-28","purchased_purges":1,"victory":true,"max_hp_per_floor":[75,75,75,75,75,75,75,69,69,69,69,69,69,69,69,69,69,71,71,71,73,73,75,75,77,77,77,77,77,77,77,77,82,86,88,88,88,90,90,90,90,92,92,92,92,92,92,92,92,92],"card_choices":[{"not_picked":["Ball Lightning","Leap"],"picked":"Consume","floor":1},{"not_picked":["Scrape","Sunder","Compile Driver"],"picked":"SKIP","floor":3},{"not_picked":["Sweeping Beam","Scrape"],"picked":"Leap","floor":5},{"not_picked":["Beam Cell","Self Repair"],"picked":"Redo","floor":7},{"not_picked":["Lockon","Hologram"],"picked":"Ball Lightning","floor":11},{"not_picked":["Fission","Skim"],"picked":"Static Discharge","floor":14},{"not_picked":["Amplify","Hyperbeam"],"picked":"Reboot","floor":16},{"not_picked":["Blizzard","Gash","Cold Snap+1"],"picked":"Singing Bowl","floor":18},{"not_picked":["Go for the Eyes","Sweeping Beam+1"],"picked":"Ball Lightning","floor":20},{"not_picked":["Darkness","Ball Lightning","Force Field"],"picked":"Singing Bowl","floor":21},{"not_picked":["Stack+1","Lockon+1","Barrage+1"],"picked":"Singing Bowl","floor":23},{"not_picked":["Sweeping Beam+1","Heatsinks","Go for the Eyes"],"picked":"Singing Bowl","floor":25},{"not_picked":["Ball Lightning","Stack"],"picked":"Self Repair","floor":28},{"not_picked":["Machine Learning","Hyperbeam"],"picked":"Biased Cognition","floor":33},{"not_picked":["Rebound","Coolheaded","Reprogram"],"picked":"Singing Bowl","floor":34},{"not_picked":["Rebound+1","Sweeping Beam+1","Coolheaded+1"],"picked":"Singing Bowl","floor":34},{"not_picked":["Steam Power","Fusion"],"picked":"Conserve Battery","floor":34},{"not_picked":["Ball Lightning","Undo+1"],"picked":"Static Discharge","floor":34},{"not_picked":["Hologram","Ball Lightning"],"picked":"Electrodynamics","floor":34},{"not_picked":["Glacier","Hologram+1","Beam Cell"],"picked":"Singing Bowl","floor":35},{"not_picked":["Conserve Battery","Sweeping Beam","Barrage+1"],"picked":"Singing Bowl","floor":38},{"not_picked":["Beam Cell+1","Reprogram+1"],"picked":"Multi-Cast","floor":41},{"not_picked":["Conserve Battery+1","Go for the Eyes+1","Barrage+1"],"picked":"Singing Bowl","floor":42},{"not_picked":["Compile Driver+1","Turbo+1"],"picked":"Storm+1","floor":46},{"not_picked":["Hologram+1","Stack"],"picked":"Loop+1","floor":48}],"player_experience":245720,"relics_obtained":[{"floor":7,"key":"Centennial Puzzle"},{"floor":9,"key":"Mercury Hourglass"},{"floor":14,"key":"Singing Bowl"},{"floor":23,"key":"Meat on the Bone"},{"floor":25,"key":"Bag of Marbles"},{"floor":26,"key":"Pantograph"},{"floor":41,"key":"Ancient Tea Set"},{"floor":43,"key":"Orichalcum"}],"event_choices":[{"event_name":"Bonfire Elementals","player_choice":"BASIC","floor":2,"damage_taken":0},{"event_name":"Golden Idol","player_choice":"Lose Max HP","floor":8,"damage_taken":0},{"event_name":"Forgotten Altar","player_choice":"Gave Idol","floor":19,"damage_taken":0},{"event_name":"The Mausoleum","player_choice":"Yes","floor":22,"damage_taken":0},{"event_name":"The Lab","player_choice":"Got Potions","floor":29,"damage_taken":0},{"event_name":"Vampires","player_choice":"Ignored","floor":31,"damage_taken":0},{"event_name":"Tomb of Lord Red Mask","player_choice":"Paid","floor":36,"damage_taken":0},{"event_name":"SecretPortal","player_choice":"Rejected Portal.","floor":39,"damage_taken":0},{"event_name":"Purifier","player_choice":"One Purge","floor":44,"damage_taken":0}],"boss_relics":[{"not_picked":["Runic Dome","White Beast Statue"],"picked":"Coffee Dripper"},{"not_picked":["Runic Pyramid","Calling Bell"],"picked":"Orrery"}],"items_purged_floors":[4],"is_endless":false,"potions_floor_spawned":[3,11,18,21,35,38,42,46],"ascension_level":1}