{"gold_per_floor":[111,123,48,48,67,67,100,118,118,18,49,49,74,92,92,192,192,192,192,192,192,192,192,192,107,107,107,107,107,107,107,107,107],"floor_reached":33,"playtime":3314,"items_purged":["Strike_R","Strike_R"],"score":423,"play_id":"b091a8f6-4926-4c08-9b11-1cafc2d597b2","local_time":"20190128210942","is_ascension_mode":true,"campfire_choices":[{"data":"Uppercut","floor":6,"key":"SMITH"},{"data":"Battle Trance","floor":15,"key":"SMITH"},{"data":"Armaments","floor":30,"key":"SMITH"},{"data":"Entrench","floor":32,"key":"SMITH"}],"neow_cost":"NONE","seed_source_timestamp":40487259891700,"circlet_count":0,"master_deck":["Strike_R","Strike_R","Strike_R","Defend_R","Defend_R","Defend_R","Defend_R","Bash","Battle Trance+1","Uppercut+1","Metallicize","Shrug It Off","Metallicize","Pommel Strike","Dual Wield","Juggernaut","Entrench+1","Armaments+1","Dropkick+1","Ghostly Armor"],"relics":["Burning Blood","NeowsBlessing","FaceOfCleric","Anchor","Bronze Scales","Gremlin Horn","Juzu Bracelet","Ectoplasm","MawBank","Orichalcum","Lantern","Boot","Strawberry"],"potions_floor_usage":[13,16,16,23,28,28,33],"damage_taken":[{"damage":0,"enemies":"Cultist","floor":1,"turns":1},{"damage":0,"enemies":"Small Slimes","floor":2,"turns":1},{"damage":0,"enemies":"Jaw Worm","floor":5,"turns":1},{"damage":30,"enemies":"3 Sentries","floor":7,"turns":11},{"damage":6,"enemies":"Exordium Thugs","floor":8,"turns":6},{"damage":7,"enemies":"Gremlin Nob","floor":11,"turns":5},{"damage":6,"enemies":"3 Sentries","floor":13,"turns":7},{"damage":0,"enemies":"Looter","floor":14,"turns":3},{"damage":68,"enemies":"Slime Boss","floor":16,"turns":15},{"damage":10,"enemies":"Shell Parasite","floor":18,"turns":6},{"damage":0,"enemies":"Chosen","floor":19,"turns":4},{"damage":4,"enemies":"Centurion and Healer","floor":22,"turns":10},{"damage":46,"enemies":"Gremlin Leader","floor":23,"turns":9},{"damage":13,"enemies":"Snake Plant","floor":24,"turns":4},{"damage":0,"enemies":"Cultist and Chosen","floor":27,"turns":6},{"damage":0,"enemies":"Book of Stabbing","floor":28,"turns":8},{"damage":0,"enemies":"Chosen and Byrds","floor":31,"turns":4},{"damage":85,"enemies":"Champ","floor":33,"turns":12}],"seed_played":"-2009352838283296656","potions_obtained":[{"floor":1,"key":"AttackPotion"},{"floor":2,"key":"Energy Potion"},{"floor":5,"key":"Regen Potion"},{"floor":8,"key":"Explosive Potion"},{"floor":22,"key":"Weak Potion"},{"floor":24,"key":"EssenceOfSteel"},{"floor":27,"key":"Regen Potion"},{"floor":28,"key":"Dexterity Potion"}],"is_trial":false,"path_per_floor":["M","M","$","?","M","R","E","M","T","$","E","$","E","M","R","B",null,"M","M","?","?","M","E","M","?","T","M","E","T","R","M","R","B"],"character_chosen":"IRONCLAD","items_purchased":[],"campfire_rested":0,"item_purchase_floors":[],"current_hp_per_floor":[80,80,80,80,81,81,58,59,59,59,59,59,60,67,67,21,87,84,89,89,72,75,36,30,30,30,37,59,66,66,73,73,0],"gold":107,"neow_bonus":"THREE_ENEMY_KILL","is_prod":false,"is_daily":false,"chose_seed":false,"campfire_upgraded":4,"win_rate":0,"timestamp":1548680982,"path_taken":["M","?","$","?","M","R","E","M","T","?","E","?","E","M","R","BOSS","M","M","?","?","M","E","M","?","T","M","E","?","R","M","R","BOSS"],"build_version":"2019-01-23","purchased_purges":2,"victory":false,"max_hp_per_floor":[80,80,80,80,81,81,82,83,83,83,84,84,85,86,86,87,87,88,89,89,94,95,96,97,97,97,98,99,106,106,107,107,107],"card_choices":[{"not_picked":["Pummel","Disarm"],"picked":"Battle Trance","floor":1},{"not_picked":["Second Wind","Sword Boomerang"],"picked":"Uppercut","floor":2},{"not_picked":["Battle Trance","Thunderclap"],"picked":"Metallicize","floor":5},{"not_picked":["Bludgeon","Iron Wave"],"picked":"Shrug It Off","floor":7},{"not_picked":["Rage","Warcry"],"picked":"Metallicize","floor":8},{"not_picked":["Blood for Blood","Sword Boomerang","Body Slam"],"picked":"SKIP","floor":11},{"not_picked":["Warcry","Power Through"],"picked":"Pommel Strike","floor":13},{"not_picked":["Sever Soul","Corruption"],"picked":"Dual Wield","floor":14},{"not_picked":["Impervious","Offering"],"picked":"Juggernaut","floor":16},{"not_picked":["Iron Wave","Body Slam","Warcry+1"],"picked":"SKIP","floor":18},{"not_picked":["Perfected Strike","Headbutt","Pommel Strike"],"picked":"SKIP","floor":19},{"not_picked":["Hemokinesis","Wild Strike","Intimidate"],"picked":"SKIP","floor":22},{"not_picked":["Sword Boomerang","Pommel Strike"],"picked":"Entrench","floor":23},{"not_picked":["Intimidate","Havoc+1"],"picked":"Armaments","floor":24},{"not_picked":["Twin Strike","Thunderclap","Hemokinesis+1"],"picked":"SKIP","floor":27},{"not_picked":["Heavy Blade","Fire Breathing"],"picked":"Dropkick+1","floor":28},{"not_picked":["Clash","Warcry"],"picked":"Ghostly Armor","floor":31}],"player_experience":178449,"relics_obtained":[{"floor":7,"key":"Anchor"},{"floor":9,"key":"Bronze Scales"},{"floor":11,"key":"Gremlin Horn"},{"floor":13,"key":"Juzu Bracelet"},{"floor":23,"key":"MawBank"},{"floor":26,"key":"Lantern"},{"floor":28,"key":"Boot"},{"floor":29,"key":"Strawberry"}],"event_choices":[{"damage_healed":0,"gold_gain":0,"player_choice":"Trade","damage_taken":0,"relics_obtained":["FaceOfCleric"],"max_hp_gain":0,"max_hp_loss":0,"event_name":"FaceTrader","floor":4,"gold_loss":0},{"damage_healed":0,"gold_gain":0,"player_choice":"Ignored","damage_taken":0,"max_hp_gain":0,"max_hp_loss":0,"event_name":"Ghosts","floor":20,"gold_loss":0},{"damage_healed":0,"gold_gain":0,"player_choice":"Shed Blood","damage_taken":22,"max_hp_gain":5,"max_hp_loss":0,"event_name":"Forgotten Altar","floor":21,"gold_loss":0},{"damage_healed":0,"gold_gain":0,"player_choice":"Obtained Relic","damage_taken":0,"relics_obtained":["Orichalcum"],"max_hp_gain":0,"max_hp_loss":0,"event_name":"Addict","floor":25,"gold_loss":85}],"is_beta":false,"boss_relics":[{"not_picked":["White Beast Statue","Calling Bell"],"picked":"Ectoplasm"}],"items_purged_floors":[3,10],"is_endless":false,"potions_floor_spawned":[1,2,5,8,11,22,24,27,28],"killed_by":"Champ","ascension_level":4}