{"gold_per_floor":[217,217,217,238,258,258,299,315,315,265,56,231,77,96,96,224,224,248,269,184,217,217,217],"floor_reached":23,"playtime":1339,"items_purged":["Strike_R","Doubt"],"score":236,"play_id":"d02ac66a-c561-4191-9d23-4c379c20497c","local_time":"20190203145108","is_ascension_mode":true,"campfire_choices":[{"data":"Perfected Strike","floor":6,"key":"SMITH"},{"data":"Shrug It Off","floor":15,"key":"SMITH"}],"neow_cost":"NONE","seed_source_timestamp":706226546052,"circlet_count":0,"master_deck":["Strike_R+1","Strike_R","Defend_R","Defend_R","Defend_R+1","Bash","Perfected Strike+1","Shockwave","Pommel Strike","Headbutt","Finesse","Shrug It Off+1","Iron Wave","Clash","Double Tap","Cleave","Seeing Red","Corruption"],"relics":["Burning Blood","Bloody Idol","Pear","Kunai","Empty Cage","PreservedInsect","Red Mask"],"potions_floor_usage":[8,16,16,23],"damage_taken":[{"damage":7,"enemies":"Small Slimes","floor":1,"turns":4},{"damage":7,"enemies":"2 Louse","floor":4,"turns":2},{"damage":0,"enemies":"Cultist","floor":5,"turns":2},{"damage":32,"enemies":"3 Sentries","floor":7,"turns":7},{"damage":8,"enemies":"Blue Slaver","floor":8,"turns":4},{"damage":0,"enemies":"Exordium Wildlife","floor":14,"turns":4},{"damage":11,"enemies":"Hexaghost","floor":16,"turns":13},{"damage":16,"enemies":"Chosen","floor":18,"turns":5},{"damage":21,"enemies":"Spheric Guardian","floor":19,"turns":6},{"damage":33,"enemies":"Masked Bandits","floor":21,"turns":4},{"damage":24,"enemies":"Slavers","floor":23,"turns":1}],"seed_played":"8904773670143383675","potions_obtained":[{"floor":7,"key":"AttackPotion"},{"floor":8,"key":"EssenceOfSteel"},{"floor":14,"key":"Block Potion"},{"floor":21,"key":"LiquidBronze"}],"is_trial":false,"path_per_floor":["M","?","?","M","M","R","E","M","T","?","$","?","$","M","R","B",null,"M","M","?","?","?","E"],"character_chosen":"IRONCLAD","items_purchased":["Finesse","Shrug It Off","Iron Wave"],"campfire_rested":0,"item_purchase_floors":[11,11,13],"current_hp_per_floor":[79,63,43,42,48,48,32,30,30,30,30,30,30,36,36,31,75,65,50,50,23,23,0],"gold":217,"neow_bonus":"HUNDRED_GOLD","is_prod":false,"is_daily":false,"chose_seed":false,"campfire_upgraded":2,"win_rate":0,"timestamp":1549201868,"path_taken":["M","?","?","M","M","R","E","M","T","?","$","?","?","?","R","BOSS","M","M","?","?","?","E"],"build_version":"2019-01-23","purchased_purges":2,"victory":false,"max_hp_per_floor":[80,80,80,80,80,80,90,90,90,90,90,90,90,90,90,90,90,90,90,90,90,90,90],"card_choices":[{"not_picked":["Sword Boomerang","Metallicize"],"picked":"Perfected Strike","floor":1},{"not_picked":["Feel No Pain","Perfected Strike"],"picked":"Shockwave","floor":4},{"not_picked":["Combust","Shrug It Off"],"picked":"Pommel Strike","floor":5},{"not_picked":["Pommel Strike","Rampage"],"picked":"Headbutt","floor":7},{"not_picked":["Seeing Red","True Grit","Heavy Blade"],"picked":"SKIP","floor":8},{"not_picked":["Armaments","Sword Boomerang"],"picked":"Clash","floor":14},{"not_picked":["Offering","Demon Form"],"picked":"Double Tap","floor":16},{"not_picked":["Pommel Strike","Shrug It Off+1"],"picked":"Cleave","floor":18},{"not_picked":["Flex","Carnage"],"picked":"Seeing Red","floor":19},{"not_picked":["Shrug It Off","Clothesline"],"picked":"Corruption","floor":21}],"player_experience":350244,"relics_obtained":[{"floor":7,"key":"Pear"},{"floor":9,"key":"Kunai"},{"floor":21,"key":"Red Mask"}],"event_choices":[{"damage_healed":0,"gold_gain":0,"player_choice":"Entered Light","damage_taken":16,"max_hp_gain":0,"max_hp_loss":0,"event_name":"Shining Light","floor":2,"gold_loss":0,"cards_upgraded":["Defend_R","Strike_R"]},{"damage_healed":0,"gold_gain":0,"player_choice":"Take Damage","damage_taken":20,"relics_obtained":["Golden Idol"],"max_hp_gain":0,"max_hp_loss":0,"event_name":"Golden Idol","floor":3,"gold_loss":0},{"cards_removed":["Strike_R"],"damage_healed":0,"gold_gain":0,"player_choice":"Card Removal","damage_taken":0,"max_hp_gain":0,"max_hp_loss":0,"event_name":"The Cleric","floor":10,"gold_loss":50},{"damage_healed":0,"gold_gain":175,"player_choice":"AGREE","damage_taken":0,"max_hp_gain":0,"max_hp_loss":0,"event_name":"Liars Game","floor":12,"gold_loss":0,"cards_obtained":["Doubt"]},{"damage_healed":0,"gold_gain":0,"player_choice":"Obtained Relic","damage_taken":0,"relics_obtained":["PreservedInsect"],"max_hp_gain":0,"max_hp_loss":0,"event_name":"Addict","floor":20,"gold_loss":85},{"damage_healed":0,"gold_gain":0,"player_choice":"Fought Bandits","damage_taken":0,"max_hp_gain":0,"max_hp_loss":0,"event_name":"Masked Bandits","floor":21,"gold_loss":0},{"damage_healed":0,"gold_gain":0,"player_choice":"Gave Idol","damage_taken":0,"relics_obtained":["Bloody Idol"],"max_hp_gain":0,"max_hp_loss":0,"event_name":"Forgotten Altar","floor":22,"relics_lost":["Golden Idol"],"gold_loss":0}],"is_beta":false,"boss_relics":[{"not_picked":["Ectoplasm","Eternal Feather"],"picked":"Empty Cage"}],"items_purged_floors":[11,13],"is_endless":false,"potions_floor_spawned":[7,8,14,21],"killed_by":"Slavers","ascension_level":5}