{"gold_per_floor":[111,111,131,180,78,78,134,134,159,159,169,69,79,99,99,201,201,221,235,250,14,26,26,226,226,226,325,336,36,66,117,117,117],"floor_reached":33,"playtime":2424,"items_purged":["Defend_G","Strike_G"],"score":301,"play_id":"7bdc5fbe-50b9-429e-8729-f11568700a83","local_time":"20180703175438","is_ascension_mode":true,"campfire_choices":[{"data":"Dagger Spray","floor":6,"key":"SMITH"},{"data":"Survivor","floor":8,"key":"SMITH"},{"data":"Underhanded Strike","floor":10,"key":"SMITH"},{"data":"Footwork","floor":15,"key":"SMITH"},{"data":"Secret Weapon","floor":23,"key":"SMITH"},{"floor":32,"key":"REST"}],"neow_cost":"","seed_source_timestamp":21737442265628,"circlet_count":0,"master_deck":["Defend_G","Defend_G","Defend_G+1","Defend_G","Strike_G+1","Strike_G","Strike_G","Strike_G+1","Survivor+1","Neutralize+1","Dagger Spray+1","Footwork+1","Underhanded Strike+1","Glass Knife","Prepared","Well Laid Plans","Secret Weapon+1","Calculated Gamble","Backstab+1"],"relics":["Ring of the Snake","Art of War","Tiny Chest","Whetstone","Odd Mushroom","Busted Crown","Mango","Snake Skull","Oddly Smooth Stone","Regal Pillow","Vajra","Omamori"],"potions_floor_usage":[11,16,18,19,33,33],"damage_taken":[{"damage":0,"enemies":"2 Louse","floor":1,"turns":4},{"damage":0,"enemies":"Small Slimes","floor":3,"turns":3},{"damage":24,"enemies":"Gremlin Nob","floor":7,"turns":5},{"damage":0,"enemies":"Jaw Worm","floor":11,"turns":2},{"damage":0,"enemies":"Exordium Wildlife","floor":13,"turns":3},{"damage":0,"floor":14,"turns":3},{"damage":22,"enemies":"The Guardian","floor":16,"turns":14},{"damage":8,"enemies":"Shell Parasite","floor":18,"turns":6},{"damage":0,"enemies":"2 Thieves","floor":19,"turns":3},{"damage":2,"enemies":"Snecko","floor":20,"turns":6},{"damage":11,"enemies":"Snake Plant","floor":22,"turns":6},{"damage":4,"enemies":"Centurion and Healer","floor":28,"turns":9},{"damage":40,"enemies":"Gremlin Leader","floor":30,"turns":11},{"damage":65,"enemies":"Collector","floor":33,"turns":13}],"seed_played":"3916061070542117755","potions_obtained":[{"floor":7,"key":"Fruit Juice"},{"floor":13,"key":"GamblersBrew"},{"floor":14,"key":"SpeedPotion"},{"floor":18,"key":"AttackPotion"},{"floor":19,"key":"Strength Potion"},{"floor":30,"key":"Swift Potion"}],"is_trial":false,"path_per_floor":["M","?","M","T","$","R","E","R","T","R","M","$","M","?","R","B",null,"M","M","M","$","M","R","?","T","T","?","M","$","E","T","R"],"character_chosen":"THE_SILENT","items_purchased":["Underhanded Strike","Secret Weapon","Calculated Gamble","Oddly Smooth Stone","Regal Pillow"],"campfire_rested":1,"item_purchase_floors":[5,21,21,29,29],"current_hp_per_floor":[70,56,56,56,56,56,32,32,32,32,37,37,37,37,37,15,75,67,67,65,65,54,54,54,68,68,68,64,64,24,24,65,0],"gold":117,"neow_bonus":"","is_prod":false,"is_daily":false,"chose_seed":false,"campfire_upgraded":5,"win_rate":0,"timestamp":1530633278,"path_taken":["M","?","M","?","?","R","E","R","T","R","M","$","?","?","R","BOSS","M","?","M","$","?","R","?","?","T","?","M","?","E","?","R","BOSS"],"build_version":"2018-06-28","purchased_purges":2,"victory":false,"max_hp_per_floor":[70,70,70,70,70,70,70,70,70,70,75,75,75,75,75,75,75,75,75,75,75,75,75,75,89,89,89,89,89,89,89,89,89],"card_choices":[{"not_picked":["Dodge and Roll","Dagger Throw"],"picked":"Dagger Spray","floor":1},{"not_picked":["Accuracy","Poisoned Stab"],"picked":"Footwork","floor":3},{"not_picked":["Catalyst","Bouncing Flask","Blur"],"picked":"SKIP","floor":7},{"not_picked":["Caltrops","Deflect","Storm of Steel"],"picked":"SKIP","floor":11},{"not_picked":["Slice","Cloak And Dagger","Dodge and Roll"],"picked":"SKIP","floor":13},{"not_picked":["Night Terror","After Image"],"picked":"Glass Knife","floor":16},{"not_picked":[],"picked":"Prepared","floor":18},{"not_picked":["Accuracy+1"],"picked":"SKIP","floor":19},{"not_picked":[],"picked":"Well Laid Plans","floor":20},{"not_picked":["Deflect"],"picked":"SKIP","floor":22},{"not_picked":["Cloak And Dagger"],"picked":"SKIP","floor":28},{"not_picked":[],"picked":"Backstab+1","floor":30}],"player_experience":250150,"relics_obtained":[{"floor":4,"key":"Art of War"},{"floor":7,"key":"Tiny Chest"},{"floor":9,"key":"Whetstone"},{"floor":14,"key":"Odd Mushroom"},{"floor":25,"key":"Mango"},{"floor":26,"key":"Snake Skull"},{"floor":30,"key":"Vajra"},{"floor":31,"key":"Omamori"}],"event_choices":[{"event_name":"Shining Light","player_choice":"Entered Light","floor":2,"damage_taken":0},{"event_name":"Mushrooms","player_choice":"Fought Mushrooms","floor":14,"damage_taken":0},{"event_name":"Wheel of Change","player_choice":"Gold","floor":24,"damage_taken":0},{"event_name":"Nest","player_choice":"Stole From Cult","floor":27,"damage_taken":0}],"boss_relics":[{"not_picked":["White Beast Statue","Calling Bell"],"picked":"Busted Crown"}],"items_purged_floors":[5,12],"is_endless":false,"potions_floor_spawned":[7,13,14,18,19,30],"killed_by":"Collector","ascension_level":1}