{"gold_per_floor":[119,119,18,35,53,53,86,98,98,98,29,49,83,83,83,188,188,208,65,65,85,85,85,100,130,184,184,184,184,204,230,230,230],"floor_reached":33,"playtime":2035,"items_purged":["Pain"],"score":362,"play_id":"fba3510b-4a5a-413d-a5a7-8f77685ecb34","local_time":"20190113133222","is_ascension_mode":true,"campfire_choices":[{"data":"True Grit","floor":6,"key":"SMITH"},{"data":"Disarm","floor":10,"key":"SMITH"},{"data":"Disarm","floor":15,"key":"SMITH"},{"data":"Immolate","floor":23,"key":"SMITH"},{"data":"True Grit","floor":28,"key":"SMITH"},{"data":"Immolate","floor":32,"key":"SMITH"}],"neow_cost":"NONE","seed_source_timestamp":3336939317492,"circlet_count":0,"master_deck":["Bash","Cleave","Pommel Strike","True Grit+1","Disarm+1","Disarm+1","Headbutt","Power Through","Clothesline","Wild Strike","Immolate+1","Whirlwind","Dark Embrace","Havoc","Limit Break","Clash","True Grit+1","Reaper","Double Tap","Rage","Iron Wave+1","Bite","Bite","Bite","Bite","Bite","Blood for Blood+1","Immolate+1","Armaments","Reaper"],"relics":["Burning Blood","WarpedTongs","Darkstone Periapt","StoneCalendar","Magic Flower","Red Skull","Pandora\u0027s Box","Happy Flower","Oddly Smooth Stone","Strawberry","Omamori"],"potions_floor_usage":[7,8,13,13,30,31],"damage_taken":[{"damage":11,"enemies":"2 Louse","floor":1,"turns":3},{"damage":0,"enemies":"Cultist","floor":4,"turns":3},{"damage":7,"enemies":"Jaw Worm","floor":5,"turns":3},{"damage":8,"enemies":"Gremlin Nob","floor":7,"turns":4},{"damage":6,"enemies":"Large Slime","floor":8,"turns":7},{"damage":12,"enemies":"Gremlin Gang","floor":12,"turns":5},{"damage":19,"enemies":"Lagavulin","floor":13,"turns":6},{"damage":2,"enemies":"The Guardian","floor":16,"turns":11},{"damage":35,"enemies":"2 Thieves","floor":18,"turns":4},{"damage":8,"enemies":"Spheric Guardian","floor":21,"turns":3},{"damage":13,"enemies":"Snecko","floor":24,"turns":4},{"damage":31,"enemies":"Slavers","floor":25,"turns":3},{"damage":9,"enemies":"3 Cultists","floor":30,"turns":4},{"damage":24,"enemies":"Gremlin Leader","floor":31,"turns":5},{"damage":87,"enemies":"Automaton","floor":33,"turns":6}],"seed_played":"-6348111406342698175","potions_obtained":[{"floor":1,"key":"EssenceOfSteel"},{"floor":5,"key":"Strength Potion"},{"floor":7,"key":"Block Potion"},{"floor":12,"key":"EssenceOfSteel"},{"floor":24,"key":"Swift Potion"},{"floor":30,"key":"SkillPotion"},{"floor":31,"key":"SpeedPotion"}],"is_trial":false,"path_per_floor":["M","?","$","M","M","R","E","M","T","R","$","M","E","T","R","B",null,"M","$","?","M","?","R","M","E","T","?","R","?","M","E","R","B"],"character_chosen":"IRONCLAD","items_purchased":["True Grit","Power Through","Happy Flower"],"campfire_rested":0,"item_purchase_floors":[3,11,19],"current_hp_per_floor":[75,75,75,80,79,79,77,77,77,77,77,71,58,58,58,65,80,69,69,61,62,56,56,56,40,47,36,36,36,50,48,48,0],"gold":230,"neow_bonus":"THREE_CARDS","is_prod":false,"is_daily":false,"chose_seed":false,"campfire_upgraded":6,"win_rate":0,"timestamp":1547382742,"path_taken":["M","?","$","M","M","R","E","M","T","R","$","?","E","?","R","BOSS","M","$","?","?","?","R","M","E","T","?","R","?","M","E","R","BOSS"],"build_version":"2019-01-10","purchased_purges":1,"victory":false,"max_hp_per_floor":[80,80,80,80,80,80,80,80,80,80,80,80,80,80,80,80,80,80,80,80,80,56,56,56,56,63,68,68,68,68,68,68,68],"card_choices":[{"not_picked":["Twin Strike","Perfected Strike"],"picked":"Cleave","floor":0},{"not_picked":["Hemokinesis","Wild Strike"],"picked":"Pommel Strike","floor":1},{"not_picked":["Pommel Strike","Feel No Pain"],"picked":"Disarm","floor":4},{"not_picked":["Clothesline","Pommel Strike"],"picked":"Disarm","floor":5},{"not_picked":["Iron Wave","Ghostly Armor"],"picked":"Headbutt","floor":7},{"not_picked":["Clash","Pommel Strike","Flex"],"picked":"SKIP","floor":8},{"not_picked":["Armaments","Searing Blow"],"picked":"Clothesline","floor":12},{"not_picked":["Exhume","Clothesline"],"picked":"Wild Strike","floor":13},{"not_picked":["Dark Embrace","Fiend Fire"],"picked":"Immolate","floor":16},{"not_picked":["Bloodletting","Hemokinesis+1","Clothesline+1"],"picked":"SKIP","floor":18},{"not_picked":["Clothesline","True Grit"],"picked":"Iron Wave+1","floor":21},{"not_picked":["Second Wind","Clothesline","Shrug It Off"],"picked":"SKIP","floor":24},{"not_picked":["Twin Strike+1","Shrug It Off+1"],"picked":"Blood for Blood+1","floor":25},{"not_picked":["Anger","Pummel"],"picked":"Armaments","floor":30},{"not_picked":["Bloodletting","Iron Wave"],"picked":"Reaper","floor":31}],"player_experience":311939,"relics_obtained":[{"floor":7,"key":"Darkstone Periapt"},{"floor":9,"key":"StoneCalendar"},{"floor":13,"key":"Magic Flower"},{"floor":14,"key":"Red Skull"},{"floor":25,"key":"Oddly Smooth Stone"},{"floor":26,"key":"Strawberry"},{"floor":31,"key":"Omamori"}],"event_choices":[{"damage_healed":0,"gold_gain":0,"player_choice":"Rummage","damage_taken":0,"relics_obtained":["WarpedTongs"],"max_hp_gain":0,"max_hp_loss":0,"event_name":"Accursed Blacksmith","floor":2,"gold_loss":0,"cards_obtained":["Pain"]},{"damage_healed":0,"gold_gain":0,"player_choice":"Damaged","damage_taken":8,"max_hp_gain":0,"max_hp_loss":0,"event_name":"Wheel of Change","floor":20,"gold_loss":0},{"damage_healed":0,"gold_gain":0,"player_choice":"Became a vampire","damage_taken":0,"max_hp_gain":0,"max_hp_loss":24,"event_name":"Vampires","floor":22,"gold_loss":0,"cards_obtained":["Bite","Bite","Bite","Bite","Bite"]},{"damage_healed":0,"gold_gain":0,"player_choice":"Shed Blood","damage_taken":16,"max_hp_gain":5,"max_hp_loss":0,"event_name":"Forgotten Altar","floor":27,"gold_loss":0},{"damage_healed":0,"gold_gain":0,"player_choice":"1 cards matched","damage_taken":0,"max_hp_gain":0,"max_hp_loss":0,"event_name":"Match and Keep!","floor":29,"gold_loss":0,"cards_obtained":["Immolate"]}],"is_beta":false,"boss_relics":[{"not_picked":["Calling Bell","Tiny House"],"picked":"Pandora\u0027s Box"}],"items_purged_floors":[3],"is_endless":false,"potions_floor_spawned":[1,5,7,12,24,30,31],"killed_by":"Automaton","ascension_level":3}