{"gold_per_floor":[112,124,124,137,137,162,162,181,181,201,376,387,422,10,10,110,110,125,151,151,151,167,199,199,230,260,260,3,3,16,33,33,135,135,150,164,164,179,30,56,56,81,155,255,255,266,488,87,87,87,87,87,5,30,30],"floor_reached":56,"playtime":8449,"items_purged":["Doubt","Decay","Writhe"],"score":1475,"play_id":"7ccdf799-6959-412b-a19a-08d1b6e68dee","local_time":"20190122161852","is_ascension_mode":true,"campfire_choices":[{"data":"Backstab","floor":7,"key":"SMITH"},{"data":"Calculated Gamble","floor":15,"key":"SMITH"},{"floor":24,"key":"REST"},{"floor":29,"key":"REST"},{"floor":32,"key":"REST"},{"floor":41,"key":"RECALL"},{"data":"Burst","floor":45,"key":"SMITH"},{"floor":49,"key":"REST"},{"data":"1","floor":52,"key":"LIFT"}],"neow_cost":"NONE","seed_source_timestamp":928342800449793,"circlet_count":0,"master_deck":["Survivor","Neutralize+1","Noxious Fumes","Slice","Bane","Backstab+1","Calculated Gamble+1","Backstab","Blur","Backstab","Tools of the Trade+1","Venomology","Burst+1","Outmaneuver","Blade Dance","Setup","Tactician","Concentrate","Finisher","Accuracy+1","Acrobatics+1","Escape Plan","Escape Plan","After Image+1","Prepared+1","Endless Agony","Tactician+1","Noxious Fumes+1","Cloak And Dagger+1","Backflip+1","Malaise+1","Deflect+1","Reflex+1","Dodge and Roll+1","Noxious Fumes+1","Masterful Stab+1","Cloak And Dagger+1","Underhanded Strike+1","Catalyst+1","Deflect+1","Noxious Fumes+1","Blur+1"],"relics":["Ring of the Serpent","NeowsBlessing","Mango","Kunai","Frozen Egg 2","Membership Card","Calipers","Pandora\u0027s Box","Red Mask","Potion Belt","Toxic Egg 2","The Courier","Tiny Chest","Vajra","Snake Skull","Paper Crane","Girya","Lantern","Question Card","Du-Vu Doll","Anchor","Incense Burner","Toy Ornithopter","OrangePellets"],"potions_floor_usage":[6,12,13,18,18,19,19,22,23,25,25,30,30,30,31,36,40,42,42,44,44,46,46,50,50,50,50,54,54,55,55],"damage_taken":[{"damage":0,"enemies":"Small Slimes","floor":1,"turns":1},{"damage":0,"enemies":"Jaw Worm","floor":2,"turns":1},{"damage":0,"enemies":"2 Louse","floor":4,"turns":1},{"damage":12,"enemies":"Gremlin Nob","floor":6,"turns":4},{"damage":24,"enemies":"Large Slime","floor":8,"turns":5},{"damage":0,"enemies":"3 Louse","floor":10,"turns":2},{"damage":0,"enemies":"Blue Slaver","floor":12,"turns":1},{"damage":6,"enemies":"3 Sentries","floor":13,"turns":8},{"damage":21,"enemies":"Hexaghost","floor":16,"turns":13},{"damage":17,"enemies":"3 Byrds","floor":18,"turns":4},{"damage":15,"enemies":"Masked Bandits","floor":19,"turns":4},{"damage":6,"enemies":"Shell Parasite","floor":22,"turns":5},{"damage":59,"enemies":"Gremlin Leader","floor":23,"turns":13},{"damage":34,"enemies":"Slavers","floor":25,"turns":8},{"damage":1,"enemies":"Cultist and Chosen","floor":30,"turns":6},{"damage":14,"enemies":"Snake Plant","floor":31,"turns":4},{"damage":9,"enemies":"Automaton","floor":33,"turns":8},{"damage":9,"enemies":"Orb Walker","floor":35,"turns":4},{"damage":8,"enemies":"3 Darklings","floor":36,"turns":7},{"damage":26,"enemies":"Spire Growth","floor":38,"turns":6},{"damage":15,"enemies":"Reptomancer","floor":40,"turns":8},{"damage":1,"enemies":"Giant Head","floor":42,"turns":9},{"damage":8,"enemies":"Mind Bloom Boss Battle","floor":44,"turns":8},{"damage":14,"enemies":"Maw","floor":46,"turns":8},{"damage":12,"enemies":"Time Eater","floor":50,"turns":8},{"damage":50,"enemies":"Shield and Spear","floor":54,"turns":8},{"damage":7,"enemies":"The Heart","floor":55,"turns":12}],"seed_played":"1219952856117013193","potions_obtained":[{"floor":4,"key":"Explosive Potion"},{"floor":10,"key":"EssenceOfSteel"},{"floor":12,"key":"GamblersBrew"},{"floor":13,"key":"Explosive Potion"},{"floor":16,"key":"SteroidPotion"},{"floor":18,"key":"FearPotion"},{"floor":19,"key":"Fruit Juice"},{"floor":25,"key":"GamblersBrew"},{"floor":31,"key":"Dexterity Potion"},{"floor":40,"key":"Weak Potion"},{"floor":42,"key":"Strength Potion"},{"floor":44,"key":"PowerPotion"},{"floor":46,"key":"Block Potion"},{"floor":54,"key":"Dexterity Potion"}],"is_trial":false,"path_per_floor":["M","M","?","M","T","E","R","M","T","M","?","M","E","$","R","B",null,"M","?","?","?","M","E","R","E","T","?","$","R","M","M","R","B",null,"M","M","?","M","$","E","R","E","T","?","R","M","?","$","R","B",null,"R","$","E","B",null],"character_chosen":"THE_SILENT","items_purchased":["Membership Card","Calipers","Endless Agony","Vajra","Snake Skull","Tactician+1","Noxious Fumes+1","Dodge and Roll+1","Paper Crane","Noxious Fumes+1","Catalyst+1","Anchor","Incense Burner","Toy Ornithopter","Deflect+1","Noxious Fumes+1","OrangePellets"],"campfire_rested":4,"item_purchase_floors":[14,14,28,28,28,28,28,39,39,39,48,48,48,48,48,48,53],"current_hp_per_floor":[70,70,70,70,70,72,72,48,48,48,48,48,42,42,42,21,84,67,57,86,86,80,21,47,13,13,13,13,39,52,38,64,55,89,80,72,72,46,46,46,46,45,45,37,37,23,23,23,49,57,89,89,89,44,47],"gold":30,"neow_bonus":"THREE_ENEMY_KILL","is_prod":false,"is_daily":false,"chose_seed":false,"campfire_upgraded":3,"win_rate":0,"timestamp":1548152332,"path_taken":["M","M","?","M","?","E","R","M","T","M","?","M","E","$","R","BOSS","M","?","?","?","M","E","R","E","T","?","?","R","M","?","R","BOSS","M","M","?","M","$","E","R","E","T","?","R","M","?","$","R","BOSS","R","$","E","BOSS"],"build_version":"2019-01-17v2","purchased_purges":3,"victory":true,"max_hp_per_floor":[70,70,70,70,70,84,84,84,84,84,84,84,84,84,84,84,84,84,89,89,89,89,89,89,89,89,89,89,89,89,89,89,89,89,89,89,89,89,89,89,89,89,89,89,89,89,89,89,89,89,89,89,89,89,89],"card_choices":[{"not_picked":["PiercingWail","Dodge and Roll"],"picked":"Noxious Fumes","floor":1},{"not_picked":["Terror","Dodge and Roll"],"picked":"Slice","floor":2},{"not_picked":["Blur","Underhanded Strike"],"picked":"Bane","floor":4},{"not_picked":["Dodge and Roll","Terror"],"picked":"Backstab","floor":6},{"not_picked":["Outmaneuver","Predator"],"picked":"Calculated Gamble","floor":8},{"not_picked":["Underhanded Strike","Dagger Spray"],"picked":"Backstab","floor":10},{"not_picked":["Quick Slash","Dagger Throw"],"picked":"Blur","floor":12},{"not_picked":["Grand Finale","Reflex"],"picked":"Backstab","floor":13},{"not_picked":["Doppelganger","Adrenaline"],"picked":"Tools of the Trade+1","floor":16},{"not_picked":["Blade Dance+1","Heel Hook"],"picked":"Acrobatics+1","floor":18},{"not_picked":["Poisoned Stab","Backflip"],"picked":"Escape Plan","floor":19},{"not_picked":["Dagger Throw","Underhanded Strike"],"picked":"Escape Plan","floor":22},{"not_picked":["Concentrate+1","Quick Slash+1"],"picked":"After Image+1","floor":23},{"not_picked":["Accuracy+1","Backflip+1"],"picked":"Prepared+1","floor":25},{"not_picked":["Phantasmal Killer+1","Footwork+1"],"picked":"Cloak And Dagger+1","floor":30},{"not_picked":["Accuracy+1","Terror+1"],"picked":"Backflip+1","floor":31},{"not_picked":["Doppelganger+1","A Thousand Cuts+1"],"picked":"Malaise+1","floor":33},{"not_picked":["Outmaneuver+1","Poisoned Stab+1","Quick Slash+1"],"picked":"SKIP","floor":35},{"not_picked":["Flying Knee+1","Bane"],"picked":"Deflect+1","floor":36},{"not_picked":["Outmaneuver+1","Cloak And Dagger+1"],"picked":"Reflex+1","floor":38},{"not_picked":["Concentrate+1","Deadly Poison+1","Outmaneuver+1"],"picked":"SKIP","floor":40},{"not_picked":["Die Die Die","Sucker Punch+1"],"picked":"Masterful Stab+1","floor":42},{"not_picked":["Distraction+1","Poisoned Stab+1","Bane+1"],"picked":"Cloak And Dagger+1","floor":44},{"not_picked":["Quick Slash+1","Dagger Spray","Bane"],"picked":"Underhanded Strike+1","floor":46},{"not_picked":["Phantasmal Killer+1","Backstab+1","Deadly Poison+1"],"picked":"Blur+1","floor":54}],"player_experience":627763,"relics_obtained":[{"floor":6,"key":"Mango"},{"floor":9,"key":"Kunai"},{"floor":13,"key":"Frozen Egg 2"},{"floor":19,"key":"Red Mask"},{"floor":23,"key":"Toxic Egg 2"},{"floor":25,"key":"The Courier"},{"floor":26,"key":"Tiny Chest"},{"floor":40,"key":"Girya"},{"floor":42,"key":"Lantern"},{"floor":43,"key":"Question Card"},{"floor":44,"key":"Du-Vu Doll"}],"event_choices":[{"damage_healed":0,"gold_gain":0,"player_choice":"Grow","damage_taken":0,"max_hp_gain":0,"max_hp_loss":0,"event_name":"Living Wall","floor":3,"gold_loss":0,"cards_upgraded":["Neutralize"]},{"damage_healed":0,"gold_gain":175,"player_choice":"AGREE","damage_taken":0,"max_hp_gain":0,"max_hp_loss":0,"event_name":"Liars Game","floor":11,"gold_loss":0,"cards_obtained":["Doubt"]},{"damage_healed":0,"gold_gain":0,"player_choice":"Fought Bandits","damage_taken":0,"max_hp_gain":0,"max_hp_loss":0,"event_name":"Masked Bandits","floor":19,"gold_loss":0},{"damage_healed":29,"gold_gain":0,"player_choice":"Heal","damage_taken":0,"max_hp_gain":0,"max_hp_loss":0,"event_name":"The Library","floor":20,"gold_loss":0},{"damage_healed":0,"gold_gain":0,"player_choice":"Opened","damage_taken":0,"relics_obtained":["Potion Belt"],"max_hp_gain":0,"max_hp_loss":0,"event_name":"The Mausoleum","floor":21,"gold_loss":0,"cards_obtained":["Writhe"]},{"damage_healed":0,"gold_gain":0,"player_choice":"Smashed Altar","damage_taken":0,"max_hp_gain":0,"max_hp_loss":0,"event_name":"Forgotten Altar","floor":27,"gold_loss":0,"cards_obtained":["Decay"]},{"cards_removed":["All Out Attack"],"damage_healed":0,"gold_gain":0,"player_choice":"Removed Attack","damage_taken":0,"max_hp_gain":0,"max_hp_loss":0,"event_name":"Falling","floor":37,"gold_loss":0},{"damage_healed":0,"gold_gain":0,"player_choice":"Fight","damage_taken":0,"max_hp_gain":0,"max_hp_loss":0,"event_name":"MindBloom","floor":44,"gold_loss":0},{"damage_healed":0,"gold_gain":222,"player_choice":"Wore Mask","damage_taken":0,"max_hp_gain":0,"max_hp_loss":0,"event_name":"Tomb of Lord Red Mask","floor":47,"gold_loss":0}],"is_beta":false,"boss_relics":[{"not_picked":["White Beast Statue","Philosopher\u0027s Stone"],"picked":"Pandora\u0027s Box"},{"not_picked":["WristBlade","Orrery"],"picked":"Ring of the Serpent"}],"items_purged_floors":[14,28,48],"is_endless":false,"potions_floor_spawned":[4,10,12,13,16,18,19,25,31,40,42,44,46,54],"ascension_level":3}