{"gold_per_floor":[113,113,13,13,29,29,65,42,42,42,66,66,66,89,89,89],"floor_reached":16,"playtime":935,"items_purged":["Strike_G"],"score":98,"play_id":"b515672a-1dd7-490a-aaf5-c33a417a7361","local_time":"20190128160714","is_ascension_mode":false,"campfire_choices":[{"floor":6,"key":"REST"},{"data":"Infinite Blades","floor":10,"key":"SMITH"},{"data":"Outmaneuver","floor":13,"key":"SMITH"},{"floor":15,"key":"REST"}],"neow_cost":"NONE","seed_source_timestamp":1158346079535800,"circlet_count":0,"master_deck":["Defend_G","Defend_G","Defend_G","Defend_G+1","Strike_G","Strike_G","Strike_G+1","Strike_G","Survivor+1","Neutralize","Terror","Dagger Throw+1","Infinite Blades+1","Outmaneuver+1","Deadly Poison","Deadly Poison","Infinite Blades+1"],"relics":["Ring of the Snake","War Paint","Golden Idol","Blood Vial","Frozen Egg 2"],"potions_floor_usage":[7,16],"damage_taken":[{"damage":7,"enemies":"Small Slimes","floor":1,"turns":5},{"damage":0,"enemies":"2 Louse","floor":5,"turns":3},{"damage":18,"enemies":"3 Sentries","floor":7,"turns":10},{"damage":0,"enemies":"Jaw Worm","floor":11,"turns":3},{"damage":37,"enemies":"Gremlin Gang","floor":14,"turns":6},{"damage":39,"enemies":"The Guardian","floor":16,"turns":8}],"seed_played":"-6138244194201632785","potions_obtained":[{"floor":1,"key":"Regen Potion"},{"floor":14,"key":"PowerPotion"}],"is_trial":false,"path_per_floor":["M","?","$","?","M","R","E","$","T","R","M","?","R","M","R","B"],"character_chosen":"THE_SILENT","items_purchased":["Dagger Throw","Deadly Poison"],"campfire_rested":2,"item_purchase_floors":[3,8],"current_hp_per_floor":[63,46,46,39,39,60,56,56,56,56,58,44,44,9,30,0],"gold":89,"neow_bonus":"RANDOM_COMMON_RELIC","is_prod":false,"is_daily":false,"chose_seed":false,"campfire_upgraded":2,"win_rate":0.0,"timestamp":1548709634,"path_taken":["M","?","$","?","M","R","E","$","T","R","M","?","R","M","R","BOSS"],"build_version":"2019-01-23","purchased_purges":1,"victory":false,"max_hp_per_floor":[70,70,70,70,70,70,70,70,70,70,70,70,70,70,70,70],"card_choices":[{"not_picked":["Masterful Stab","Acrobatics"],"picked":"Terror","floor":1},{"not_picked":["Caltrops","PiercingWail"],"picked":"Infinite Blades","floor":5},{"not_picked":["Finisher","Poisoned Stab"],"picked":"Outmaneuver","floor":7},{"not_picked":["Endless Agony","Quick Slash"],"picked":"Deadly Poison","floor":11},{"not_picked":["Acrobatics","Predator"],"picked":"Infinite Blades+1","floor":14}],"player_experience":34740,"relics_obtained":[{"floor":7,"key":"Blood Vial"},{"floor":9,"key":"Frozen Egg 2"}],"event_choices":[{"damage_healed":0,"gold_gain":0,"player_choice":"Take Damage","damage_taken":17,"relics_obtained":["Golden Idol"],"max_hp_gain":0,"max_hp_loss":0,"event_name":"Golden Idol","floor":2,"gold_loss":0},{"cards_removed":["Defend_G"],"damage_healed":0,"gold_gain":0,"player_choice":"Card Removal","damage_taken":7,"max_hp_gain":0,"max_hp_loss":0,"event_name":"Golden Wing","floor":4,"gold_loss":0},{"damage_healed":0,"gold_gain":0,"player_choice":"Entered Light","damage_taken":14,"max_hp_gain":0,"max_hp_loss":0,"event_name":"Shining Light","floor":12,"gold_loss":0,"cards_upgraded":["Dagger Throw","Strike_G"]}],"is_beta":false,"boss_relics":[],"items_purged_floors":[3],"is_endless":false,"potions_floor_spawned":[1,14],"killed_by":"The Guardian","ascension_level":0}