{"gold_per_floor":[119,132,132,151,165,165,181,238,238,238,253,288,288,30,30,128,128,140,140,65,80,93,93,119,119,119,119,119,136,183,198,198,294,294,310,95,95,95,114,114,141,141,186,218,218,228,241,191,191,191],"floor_reached":50,"playtime":3676,"items_purged":["Strike_B","Strike_B"],"score":580,"play_id":"a4b2938d-2208-4df0-a66d-e1afbdf39516","local_time":"20190203150814","is_ascension_mode":false,"campfire_choices":[{"data":"Loop","floor":6,"key":"SMITH"},{"floor":10,"key":"REST"},{"floor":15,"key":"REST"},{"floor":23,"key":"REST"},{"floor":25,"key":"REST"},{"data":"Consume","floor":27,"key":"SMITH"},{"floor":32,"key":"REST"},{"data":"Buffer","floor":40,"key":"SMITH"},{"data":"Doom and Gloom","floor":45,"key":"SMITH"},{"floor":49,"key":"REST"}],"neow_cost":"NONE","seed_source_timestamp":353770343023400,"circlet_count":0,"master_deck":["Strike_B","Defend_B","Defend_B","Defend_B","Defend_B","Zap","Dualcast","Melter","Consume+1","Loop+1","Lockon","Buffer+1","Ball Lightning","Go for the Eyes","Biased Cognition","Conserve Battery+1","Coolheaded","Self Repair","Fusion","Static Discharge+1","Doom and Gloom+1","Leap","BootSequence+1","Reboot","Double Energy","Conserve Battery+1","Loop+1","Finesse","Electrodynamics+1","Defragment+1","Genetic Algorithm+1","Defragment+1","Thunder Strike"],"relics":["Cracked Core","Boot","Tiny Chest","Gremlin Horn","Strawberry","Letter Opener","Snecko Eye","Prayer Wheel","Frozen Egg 2","Lantern","Nuclear Battery","PreservedInsect","Ancient Tea Set","Smiling Mask","Bottled Lightning"],"potions_floor_usage":[16,24,33,33,50,50],"damage_taken":[{"damage":0,"enemies":"Small Slimes","floor":1,"turns":4},{"damage":1,"enemies":"Cultist","floor":2,"turns":3},{"damage":7,"enemies":"2 Louse","floor":4,"turns":2},{"damage":2,"enemies":"Looter","floor":5,"turns":4},{"damage":26,"enemies":"Exordium Thugs","floor":7,"turns":4},{"damage":21,"enemies":"Lagavulin","floor":8,"turns":5},{"damage":4,"enemies":"Blue Slaver","floor":11,"turns":3},{"damage":30,"enemies":"Gremlin Nob","floor":12,"turns":4},{"damage":0,"enemies":"Slime Boss","floor":16,"turns":7},{"damage":5,"enemies":"Chosen","floor":18,"turns":3},{"damage":23,"enemies":"3 Byrds","floor":21,"turns":4},{"damage":32,"enemies":"3 Cultists","floor":22,"turns":6},{"damage":38,"enemies":"Slavers","floor":24,"turns":6},{"damage":10,"enemies":"Chosen and Byrds","floor":29,"turns":4},{"damage":0,"enemies":"Snake Plant","floor":31,"turns":3},{"damage":55,"enemies":"Champ","floor":33,"turns":9},{"damage":25,"enemies":"3 Darklings","floor":35,"turns":7},{"damage":6,"enemies":"Orb Walker","floor":39,"turns":5},{"damage":12,"enemies":"Nemesis","floor":41,"turns":7},{"damage":16,"enemies":"Giant Head","floor":44,"turns":8},{"damage":0,"enemies":"Sphere and 2 Shapes","floor":46,"turns":2},{"damage":4,"enemies":"Maw","floor":47,"turns":6},{"damage":77,"enemies":"Time Eater","floor":50,"turns":7}],"seed_played":"-1517755397012424651","potions_obtained":[{"floor":1,"key":"Energy Potion"},{"floor":2,"key":"EssenceOfSteel"},{"floor":8,"key":"Ancient Potion"},{"floor":11,"key":"Block Potion"},{"floor":16,"key":"Fruit Juice"},{"floor":22,"key":"Block Potion"},{"floor":24,"key":"Block Potion"},{"floor":33,"key":"FearPotion"},{"floor":41,"key":"Strength Potion"}],"is_trial":false,"path_per_floor":["M","M","?","M","M","R","M","E","T","R","M","E","?","$","R","B",null,"M","?","$","M","M","R","E","R","T","R","?","M","T","M","R","B",null,"M","$","?","?","M","R","E","?","T","E","R","M","M","$","R","B"],"character_chosen":"DEFECT","items_purchased":["Letter Opener","PreservedInsect","Loop+1"],"campfire_rested":6,"item_purchase_floors":[14,36,36],"current_hp_per_floor":[75,74,74,67,65,65,39,18,18,40,36,13,13,13,37,37,82,77,77,77,54,22,46,15,39,39,39,39,36,36,43,67,19,82,64,64,64,64,65,65,53,53,53,44,44,44,47,47,71,0],"gold":191,"neow_bonus":"RANDOM_COMMON_RELIC","is_prod":false,"is_daily":false,"chose_seed":false,"campfire_upgraded":4,"win_rate":0.0,"timestamp":1549177694,"path_taken":["M","M","?","?","?","R","M","E","T","R","M","E","?","$","R","BOSS","M","?","?","M","M","R","E","R","T","R","?","M","?","M","R","BOSS","M","$","?","?","M","R","E","?","T","E","R","M","M","$","R","BOSS"],"build_version":"2019-01-23","purchased_purges":2,"victory":false,"max_hp_per_floor":[75,75,75,75,75,75,75,75,75,75,75,82,82,82,82,82,82,82,82,82,82,82,82,82,82,82,82,82,82,82,82,82,82,82,82,82,82,82,82,82,82,82,82,82,82,82,82,82,82,82],"card_choices":[{"not_picked":["Rebound","Streamline"],"picked":"Melter","floor":1},{"not_picked":["Leap","Barrage"],"picked":"Consume","floor":2},{"not_picked":["Consume","Redo","Turbo"],"picked":"SKIP","floor":4},{"not_picked":["Conserve Battery","Barrage"],"picked":"Loop","floor":5},{"not_picked":["Compile Driver","Aggregate"],"picked":"Lockon","floor":7},{"not_picked":["Thunder Strike","Compile Driver"],"picked":"Buffer","floor":8},{"not_picked":["Conserve Battery","Gash"],"picked":"Ball Lightning","floor":11},{"not_picked":["Stack","Turbo"],"picked":"Go for the Eyes","floor":12},{"not_picked":["Fission","Thunder Strike"],"picked":"Biased Cognition","floor":16},{"not_picked":["Redo","Stack+1"],"picked":"Conserve Battery+1","floor":18},{"not_picked":["Gash","Conserve Battery"],"picked":"Coolheaded","floor":21},{"not_picked":["Rebound","Steam"],"picked":"Self Repair","floor":22},{"not_picked":["Streamline+1","Consume+1"],"picked":"Fusion","floor":24},{"not_picked":["Sweeping Beam","Coolheaded"],"picked":"Static Discharge+1","floor":29},{"not_picked":["Turbo","Hologram"],"picked":"Doom and Gloom","floor":29},{"not_picked":["Sweeping Beam","Darkness"],"picked":"Leap","floor":31},{"not_picked":["Redo+1","Darkness"],"picked":"BootSequence+1","floor":31},{"not_picked":["Fission","Amplify"],"picked":"Reboot","floor":33},{"not_picked":["Rebound","Streamline+1"],"picked":"Double Energy","floor":35},{"not_picked":["Coolheaded","Cold Snap+1"],"picked":"Conserve Battery+1","floor":35},{"not_picked":["HandOfGreed","Deep Breath"],"picked":"Finesse","floor":37},{"not_picked":["Conserve Battery+1","Redo","Coolheaded"],"picked":"SKIP","floor":39},{"not_picked":["Conserve Battery","Stack","Cold Snap+1"],"picked":"SKIP","floor":39},{"not_picked":["Cold Snap","Undo+1"],"picked":"Electrodynamics+1","floor":41},{"not_picked":["Skim","Turbo"],"picked":"Defragment+1","floor":44},{"not_picked":["Beam Cell","Fusion+1"],"picked":"Genetic Algorithm+1","floor":46},{"not_picked":["Streamline","Compile Driver","Beam Cell+1"],"picked":"SKIP","floor":46},{"not_picked":["Darkness+1","Aggregate"],"picked":"Defragment+1","floor":47},{"not_picked":["BootSequence+1","Beam Cell"],"picked":"Thunder Strike","floor":47}],"player_experience":277727,"relics_obtained":[{"floor":8,"key":"Tiny Chest"},{"floor":9,"key":"Gremlin Horn"},{"floor":12,"key":"Strawberry"},{"floor":24,"key":"Prayer Wheel"},{"floor":26,"key":"Frozen Egg 2"},{"floor":30,"key":"Lantern"},{"floor":41,"key":"Ancient Tea Set"},{"floor":43,"key":"Smiling Mask"},{"floor":44,"key":"Bottled Lightning"}],"event_choices":[{"cards_removed":["Strike_B"],"damage_healed":0,"gold_gain":0,"player_choice":"Purged","damage_taken":0,"max_hp_gain":0,"max_hp_loss":0,"event_name":"Purifier","floor":3,"gold_loss":0},{"damage_healed":0,"gold_gain":0,"player_choice":"Searched \u00271\u0027 times","damage_taken":0,"max_hp_gain":0,"max_hp_loss":0,"event_name":"Dead Adventurer","floor":13,"gold_loss":0},{"damage_healed":0,"gold_gain":0,"player_choice":"Ignored","damage_taken":0,"max_hp_gain":0,"max_hp_loss":0,"event_name":"NoteForYourself","floor":19,"gold_loss":0},{"damage_healed":0,"gold_gain":0,"player_choice":"Ignored","damage_taken":0,"max_hp_gain":0,"max_hp_loss":0,"event_name":"The Mausoleum","floor":28,"gold_loss":0},{"damage_healed":0,"gold_gain":0,"player_choice":"Memory 1","damage_taken":0,"max_hp_gain":0,"max_hp_loss":0,"event_name":"SensoryStone","floor":37,"gold_loss":0},{"damage_healed":0,"gold_gain":0,"player_choice":"Ignored","damage_taken":0,"max_hp_gain":0,"max_hp_loss":0,"event_name":"Mysterious Sphere","floor":38,"gold_loss":0},{"damage_healed":0,"gold_gain":0,"player_choice":"Bought 0 Potions","damage_taken":0,"max_hp_gain":0,"max_hp_loss":0,"event_name":"The Woman in Blue","floor":42,"gold_loss":0}],"is_beta":false,"boss_relics":[{"not_picked":["Fusion Hammer","Sozu"],"picked":"Snecko Eye"},{"not_picked":["White Beast Statue","Black Star"],"picked":"Nuclear Battery"}],"items_purged_floors":[20,48],"is_endless":false,"potions_floor_spawned":[1,2,8,11,16,22,24,33,41],"killed_by":"Time Eater","ascension_level":0}