{"gold_per_floor":[116,133,147,147,147,147,191,45,45,78,90,146,183,208,220,357,369,397,427,452,564,601,613],"floor_reached":23,"playtime":2274,"items_purged":["Strike_G"],"score":246,"play_id":"535120b4-60f7-4b0f-a1f3-81a06f480831","local_time":"20190205170202","is_ascension_mode":true,"campfire_choices":[{"data":"Noxious Fumes","floor":6,"key":"SMITH"},{"floor":11,"key":"REST"},{"floor":15,"key":"REST"}],"neow_cost":"NONE","seed_source_timestamp":534803073992699,"circlet_count":0,"master_deck":["Defend_G","Defend_G","Defend_G","Defend_G","Defend_G","Strike_G","Survivor","Neutralize","Noxious Fumes+1","Well Laid Plans","Bane","Wraith Form v2","Footwork","Poisoned Stab","Dodge and Roll","Footwork","Burst","Corpse Explosion","Flechettes","Skewer+1","Sucker Punch+1"],"relics":["Ring of the Snake","Golden Idol","Shuriken","MawBank","Pocketwatch","Empty Cage"],"potions_floor_usage":[7,14,14,14,20,23],"damage_taken":[{"damage":0,"enemies":"Cultist","floor":1,"turns":4},{"damage":4,"enemies":"Small Slimes","floor":2,"turns":6},{"damage":2,"enemies":"Jaw Worm","floor":3,"turns":4},{"damage":7,"enemies":"Lagavulin","floor":7,"turns":7},{"damage":24,"enemies":"Gremlin Gang","floor":10,"turns":6},{"damage":20,"enemies":"3 Sentries","floor":12,"turns":8},{"damage":16,"enemies":"Exordium Wildlife","floor":13,"turns":5},{"damage":0,"enemies":"Exordium Thugs","floor":14,"turns":4},{"damage":23,"enemies":"The Guardian","floor":16,"turns":10},{"damage":0,"enemies":"Chosen","floor":18,"turns":6},{"damage":17,"enemies":"3 Byrds","floor":19,"turns":6},{"damage":23,"enemies":"Centurion and Healer","floor":20,"turns":5},{"damage":12,"enemies":"Snake Plant","floor":22,"turns":6},{"damage":35,"enemies":"Gremlin Leader","floor":23,"turns":6}],"seed_played":"-8647832930164987910","potions_obtained":[{"floor":1,"key":"EssenceOfSteel"},{"floor":3,"key":"SkillPotion"},{"floor":12,"key":"Energy Potion"},{"floor":13,"key":"Poison Potion"},{"floor":19,"key":"PowerPotion"},{"floor":20,"key":"Block Potion"}],"is_trial":false,"path_per_floor":["M","M","M","?","?","R","E","$","T","M","R","E","M","M","R","B",null,"M","M","M","?","M","E"],"character_chosen":"THE_SILENT","items_purchased":["Footwork"],"campfire_rested":2,"item_purchase_floors":[8],"current_hp_per_floor":[77,73,71,52,52,52,45,45,45,21,44,24,8,8,31,8,77,77,60,37,37,25,0],"gold":613,"neow_bonus":"TEN_PERCENT_HP_BONUS","is_prod":false,"is_daily":false,"chose_seed":false,"campfire_upgraded":1,"win_rate":0,"timestamp":1549357322,"path_taken":["M","M","M","?","?","R","E","$","T","M","R","E","?","M","R","BOSS","M","M","M","?","M","E"],"build_version":"2019-01-23","purchased_purges":1,"victory":false,"max_hp_per_floor":[77,77,77,77,77,77,77,77,77,77,77,77,77,77,77,77,77,77,77,77,77,77,77],"card_choices":[{"not_picked":["Eviscerate","Dash"],"picked":"Noxious Fumes","floor":1},{"not_picked":["Deflect","Outmaneuver"],"picked":"Well Laid Plans","floor":2},{"not_picked":["Distraction","Tactician"],"picked":"Bane","floor":3},{"not_picked":["Slice","Corpse Explosion"],"picked":"Wraith Form v2","floor":7},{"not_picked":["Backflip","Escape Plan"],"picked":"Poisoned Stab","floor":10},{"not_picked":["Quick Slash","Outmaneuver"],"picked":"Dodge and Roll","floor":12},{"not_picked":["Accuracy","Deflect"],"picked":"Footwork","floor":13},{"not_picked":["Outmaneuver","Terror"],"picked":"Burst","floor":14},{"not_picked":["Die Die Die","Glass Knife"],"picked":"Corpse Explosion","floor":16},{"not_picked":["Flying Knee","Concentrate"],"picked":"Flechettes","floor":18},{"not_picked":["Underhanded Strike","Bane","Dagger Throw"],"picked":"SKIP","floor":19},{"not_picked":["Cloak And Dagger","Sucker Punch"],"picked":"Skewer+1","floor":20},{"not_picked":["Dagger Spray","Prepared"],"picked":"Sucker Punch+1","floor":22}],"player_experience":311495,"relics_obtained":[{"floor":7,"key":"Shuriken"},{"floor":9,"key":"MawBank"},{"floor":12,"key":"Pocketwatch"}],"event_choices":[{"damage_healed":0,"gold_gain":0,"player_choice":"Take Damage","damage_taken":19,"relics_obtained":["Golden Idol"],"max_hp_gain":0,"max_hp_loss":0,"event_name":"Golden Idol","floor":4,"gold_loss":0},{"cards_removed":["Strike_G"],"damage_healed":0,"gold_gain":0,"player_choice":"Purged","damage_taken":0,"max_hp_gain":0,"max_hp_loss":0,"event_name":"Purifier","floor":5,"gold_loss":0},{"damage_healed":0,"gold_gain":100,"player_choice":"Pray","damage_taken":0,"max_hp_gain":0,"max_hp_loss":0,"event_name":"Golden Shrine","floor":21,"gold_loss":0}],"is_beta":false,"boss_relics":[{"not_picked":["White Beast Statue","Lizard Tail"],"picked":"Empty Cage"}],"items_purged_floors":[8],"is_endless":false,"potions_floor_spawned":[1,3,12,13,19,20],"killed_by":"Gremlin Leader","ascension_level":4}