{"gold_per_floor":[119,131,53,128,148,148,175,175,199,199,51,51,71,91,91,194,194,209,124,124,136,136,136,164,164,164,183,183,216,306,316,316,316],"floor_reached":33,"playtime":1752,"items_purged":[],"score":301,"play_id":"04e24370-01cc-4b50-9c90-c41f3999a9fb","local_time":"20180704014023","is_ascension_mode":true,"campfire_choices":[{"data":"Envenom","floor":6,"key":"SMITH"},{"data":"Dagger Spray","floor":10,"key":"SMITH"},{"data":"Deadly Poison","floor":12,"key":"SMITH"},{"data":"Poisoned Stab","floor":15,"key":"SMITH"},{"data":"Bane","floor":23,"key":"SMITH"},{"data":"Corpse Explosion","floor":25,"key":"SMITH"},{"floor":32,"key":"REST"}],"neow_cost":"NONE","seed_source_timestamp":2954491121909,"circlet_count":0,"master_deck":["Defend_G","Defend_G","Defend_G","Defend_G","Survivor+1","Neutralize","Envenom+1","Dagger Spray+1","Deadly Poison+1","Bane+1","Deadly Poison+1","Poisoned Stab+1","Corpse Explosion+1","Bite","Bite","Bite","Bite","Bite","Dramatic Entrance","Crippling Poison+1"],"relics":["Ring of the Snake","Shuriken","Bag of Marbles","War Paint","Empty Cage","Ancient Tea Set","Enchiridion","Red Mask","The Courier","Art of War","Juzu Bracelet"],"potions_floor_usage":[7,14,16,27,33],"damage_taken":[{"damage":4,"enemies":"Jaw Worm","floor":1,"turns":6},{"damage":2,"enemies":"Small Slimes","floor":2,"turns":5},{"damage":0,"enemies":"2 Louse","floor":5,"turns":2},{"damage":19,"enemies":"Gremlin Nob","floor":7,"turns":4},{"damage":0,"enemies":"Exordium Wildlife","floor":13,"turns":1},{"damage":13,"enemies":"Exordium Thugs","floor":14,"turns":4},{"damage":29,"enemies":"The Guardian","floor":16,"turns":8},{"damage":13,"enemies":"Shell Parasite","floor":18,"turns":6},{"damage":3,"enemies":"Chosen","floor":21,"turns":5},{"damage":0,"floor":24,"turns":2},{"damage":12,"enemies":"Snecko","floor":27,"turns":4},{"damage":29,"enemies":"Slavers","floor":29,"turns":4},{"damage":18,"enemies":"Snake Plant","floor":31,"turns":4},{"damage":56,"enemies":"Collector","floor":33,"turns":6}],"seed_played":"4098339953791568601","potions_obtained":[{"floor":1,"key":"Regen Potion"},{"floor":7,"key":"Fruit Juice"},{"floor":14,"key":"PowerPotion"},{"floor":21,"key":"SkillPotion"},{"floor":31,"key":"GamblersBrew"}],"is_trial":false,"path_per_floor":["M","M","$","?","M","R","E","T","T","R","$","R","M","M","R","B",null,"M","?","?","M","?","R","?","R","T","M","T","E","?","M","R"],"character_chosen":"THE_SILENT","items_purchased":["Deadly Poison","Bane","War Paint"],"campfire_rested":1,"item_purchase_floors":[3,3,11],"current_hp_per_floor":[66,64,64,53,53,53,46,46,46,46,46,46,48,42,42,15,75,62,62,62,69,53,53,57,57,57,55,55,38,17,7,29,0],"gold":316,"neow_bonus":"ONE_RANDOM_RARE_CARD","is_prod":false,"is_daily":false,"chose_seed":false,"campfire_upgraded":6,"win_rate":0,"timestamp":1530661223,"path_taken":["M","M","$","?","M","R","E","?","T","R","$","R","M","M","R","BOSS","M","?","?","?","?","R","?","R","T","?","?","E","?","M","R","BOSS"],"build_version":"2018-06-28","purchased_purges":0,"victory":false,"max_hp_per_floor":[70,70,70,70,70,70,70,70,70,70,70,70,70,75,75,75,75,75,75,75,75,75,75,75,75,75,75,75,75,75,75,75,75],"card_choices":[{"not_picked":["Footwork","Caltrops","Flechettes"],"picked":"SKIP","floor":1},{"not_picked":["Quick Slash","All Out Attack"],"picked":"Dagger Spray","floor":2},{"not_picked":["Eviscerate","Dodge and Roll","Reflex"],"picked":"SKIP","floor":5},{"not_picked":["Quick Slash","Flying Knee"],"picked":"Deadly Poison","floor":7},{"not_picked":["Slice","Sucker Punch"],"picked":"Poisoned Stab","floor":13},{"not_picked":["Expertise","Dagger Throw","Eviscerate"],"picked":"SKIP","floor":14},{"not_picked":["Venomology","Die Die Die"],"picked":"Corpse Explosion","floor":16},{"not_picked":["Backflip","Terror+1","Underhanded Strike"],"picked":"SKIP","floor":18},{"not_picked":["Cloak And Dagger","Sucker Punch+1","Prepared"],"picked":"SKIP","floor":21},{"not_picked":["Well Laid Plans","Acrobatics","Bullet Time"],"picked":"SKIP","floor":27},{"not_picked":["Expertise","PiercingWail","Calculated Gamble"],"picked":"SKIP","floor":29},{"not_picked":["Quick Slash","Bane"],"picked":"Crippling Poison+1","floor":31}],"player_experience":255025,"relics_obtained":[{"floor":7,"key":"Shuriken"},{"floor":8,"key":"Bag of Marbles"},{"floor":9,"key":"Blood Vial"},{"floor":22,"key":"Enchiridion"},{"floor":24,"key":"Red Mask"},{"floor":26,"key":"The Courier"},{"floor":28,"key":"Art of War"},{"floor":29,"key":"Juzu Bracelet"}],"event_choices":[{"event_name":"World of Goop","player_choice":"Gather Gold","floor":4,"damage_taken":0},{"event_name":"Addict","player_choice":"Obtained Relic","floor":19,"damage_taken":0},{"event_name":"Vampires","player_choice":"Became a vampire (Vial)","floor":20,"damage_taken":0},{"event_name":"Cursed Tome","player_choice":"Obtained Book","floor":22,"damage_taken":0},{"event_name":"Masked Bandits","player_choice":"Fought over 136 gold","floor":24,"damage_taken":0},{"event_name":"Knowing Skull","player_choice":"CARD GOLD ","floor":30,"damage_taken":0}],"boss_relics":[{"not_picked":["Runic Dome","Lizard Tail"],"picked":"Empty Cage"}],"items_purged_floors":[],"is_endless":false,"potions_floor_spawned":[1,7,14,21,31],"killed_by":"Collector","ascension_level":1}