{"gold_per_floor":[111,164,218,229,248,248,307,307,307,307,307],"floor_reached":11,"playtime":359,"items_purged":[],"score":76,"play_id":"2da2d40c-3ff2-4ccc-93d6-240854ddcd2c","local_time":"20190129114137","is_ascension_mode":true,"campfire_choices":[{"data":"Corruption","floor":8,"key":"SMITH"}],"neow_cost":"NONE","seed_source_timestamp":2300407820866,"circlet_count":0,"master_deck":["Strike_R","Strike_R","Strike_R","Strike_R","Strike_R+1","Defend_R","Defend_R","Defend_R","Defend_R","Bash+1","Clash","Corruption+1","Twin Strike"],"relics":["Burning Blood","NeowsBlessing","Happy Flower","Regal Pillow"],"potions_floor_usage":[7,11],"damage_taken":[{"damage":0,"enemies":"2 Louse","floor":1,"turns":1},{"damage":0,"enemies":"Jaw Worm","floor":4,"turns":1},{"damage":0,"enemies":"Cultist","floor":5,"turns":1},{"damage":49,"enemies":"Lagavulin Event","floor":7,"turns":6},{"damage":25,"enemies":"3 Sentries","floor":11,"turns":4}],"seed_played":"5923979819890148524","potions_obtained":[{"floor":5,"key":"GamblersBrew"},{"floor":7,"key":"SkillPotion"}],"is_trial":false,"path_per_floor":["M","?","T","M","M","?","?","R","T","?","E"],"character_chosen":"IRONCLAD","items_purchased":[],"campfire_rested":0,"item_purchase_floors":[],"current_hp_per_floor":[80,80,80,80,80,85,42,42,42,25,0],"gold":307,"neow_bonus":"THREE_ENEMY_KILL","is_prod":false,"is_daily":false,"chose_seed":false,"campfire_upgraded":1,"win_rate":0,"timestamp":1548758497,"path_taken":["M","?","?","?","M","?","?","R","T","?","E"],"build_version":"2019-01-23","purchased_purges":0,"victory":false,"max_hp_per_floor":[80,80,80,80,80,85,85,85,85,85,85],"card_choices":[{"not_picked":["Fire Breathing","Infernal Blade"],"picked":"Clash","floor":1},{"not_picked":["Warcry","Spot Weakness"],"picked":"Corruption","floor":4},{"not_picked":["Blood for Blood","Sword Boomerang","Fire Breathing"],"picked":"SKIP","floor":5},{"not_picked":["Sword Boomerang","Armaments"],"picked":"Twin Strike","floor":7}],"player_experience":346626,"relics_obtained":[{"floor":3,"key":"Happy Flower"},{"floor":7,"key":"Regal Pillow"}],"event_choices":[{"damage_healed":0,"gold_gain":53,"player_choice":"Gained Gold","damage_taken":0,"max_hp_gain":0,"max_hp_loss":0,"event_name":"Golden Wing","floor":2,"gold_loss":0},{"damage_healed":0,"gold_gain":0,"player_choice":"Donut","damage_taken":0,"max_hp_gain":5,"max_hp_loss":0,"event_name":"Big Fish","floor":6,"gold_loss":0},{"damage_healed":0,"gold_gain":0,"player_choice":"Searched \u00272\u0027 times","damage_taken":0,"max_hp_gain":0,"max_hp_loss":0,"event_name":"Dead Adventurer","floor":7,"gold_loss":0},{"damage_healed":0,"gold_gain":0,"player_choice":"Entered Light","damage_taken":17,"max_hp_gain":0,"max_hp_loss":0,"event_name":"Shining Light","floor":10,"gold_loss":0,"cards_upgraded":["Bash","Strike_R"]}],"is_beta":false,"boss_relics":[],"items_purged_floors":[],"is_endless":false,"potions_floor_spawned":[5,7],"killed_by":"3 Sentries","ascension_level":5}