{"gold_per_floor":[117,117,129,129,141,169,183,209,233,233,259,274,274,120,120,220,220,231,331,341,341,38,66,66,85,85,112,112],"floor_reached":28,"playtime":1202,"items_purged":["Regret"],"score":436,"play_id":"3a33e634-3541-467b-9780-bdb68b12bc1d","local_time":"20190128194540","is_ascension_mode":true,"campfire_choices":[{"floor":10,"key":"REST"},{"floor":15,"key":"REST"},{"floor":24,"key":"REST"}],"neow_cost":"NONE","seed_source_timestamp":1466422062429046,"circlet_count":0,"master_deck":["Strike_B","Strike_B","Strike_B","Defend_B","Defend_B","Defend_B","Defend_B","Zap","Dualcast","Ball Lightning","Doom and Gloom","Redo","Rip and Tear","Reinforced Body","Creative AI","Go for the Eyes","Defragment","Amplify","Sweeping Beam","Seek","Rebound","Sweeping Beam","Seek","Streamline+1","Chill+1","BootSequence","Go for the Eyes"],"relics":["Cracked Core","NeowsBlessing","Oddly Smooth Stone","Bag of Marbles","Dream Catcher","Vajra","Emotion Chip","Boot","Nuclear Battery","Bronze Scales","Art of War","Kunai","Question Card","Gambling Chip"],"potions_floor_usage":[8,8,11,16,20,28],"damage_taken":[{"damage":0,"enemies":"Cultist","floor":1,"turns":1},{"damage":0,"enemies":"Jaw Worm","floor":3,"turns":1},{"damage":0,"enemies":"Small Slimes","floor":5,"turns":1},{"damage":25,"enemies":"Lagavulin","floor":6,"turns":4},{"damage":12,"enemies":"Exordium Wildlife","floor":7,"turns":2},{"damage":2,"enemies":"3 Sentries","floor":8,"turns":4},{"damage":32,"enemies":"Lagavulin","floor":11,"turns":5},{"damage":0,"enemies":"3 Louse","floor":12,"turns":1},{"damage":31,"enemies":"The Guardian","floor":16,"turns":9},{"damage":3,"enemies":"Spheric Guardian","floor":18,"turns":3},{"damage":15,"enemies":"2 Thieves","floor":20,"turns":3},{"damage":43,"enemies":"Gremlin Leader","floor":23,"turns":7},{"damage":2,"enemies":"Chosen and Byrds","floor":25,"turns":4},{"damage":11,"enemies":"Book of Stabbing","floor":27,"turns":4},{"damage":18,"enemies":"Shelled Parasite and Fungi","floor":28,"turns":2}],"seed_played":"6028242728626437939","potions_obtained":[{"floor":1,"key":"Swift Potion"},{"floor":3,"key":"AttackPotion"},{"floor":6,"key":"AttackPotion"},{"floor":11,"key":"Regen Potion"},{"floor":16,"key":"LiquidBronze"},{"floor":25,"key":"Explosive Potion"},{"floor":27,"key":"SpeedPotion"}],"is_trial":false,"path_per_floor":["M","?","M","?","M","E","M","E","T","R","E","M","?","$","R","B",null,"M","?","M","?","$","E","R","M","T","E","M"],"character_chosen":"DEFECT","items_purchased":["Amplify","Bronze Scales","Art of War"],"campfire_rested":3,"item_purchase_floors":[14,22,22],"current_hp_per_floor":[68,68,68,68,68,43,31,29,29,51,19,19,19,19,41,25,63,60,60,45,45,45,2,24,22,22,11,0],"gold":112,"neow_bonus":"THREE_ENEMY_KILL","is_prod":false,"is_daily":false,"chose_seed":false,"campfire_upgraded":0,"win_rate":0,"timestamp":1548683140,"path_taken":["M","?","?","?","M","E","M","E","T","R","E","M","?","?","R","BOSS","M","?","?","?","?","E","R","M","T","E","?"],"build_version":"2019-01-23","purchased_purges":1,"victory":false,"max_hp_per_floor":[75,75,75,75,75,75,75,75,75,75,75,75,75,75,75,75,75,75,75,75,75,75,75,75,75,75,75,75],"card_choices":[{"not_picked":["Lockon","Hello World"],"picked":"Ball Lightning","floor":1},{"not_picked":["Hologram","Rebound"],"picked":"Doom and Gloom","floor":3},{"not_picked":["Streamline","Aggregate"],"picked":"Redo","floor":5},{"not_picked":["Gash","Beam Cell"],"picked":"Rip and Tear","floor":6},{"not_picked":["Hologram","Glacier"],"picked":"Reinforced Body","floor":7},{"not_picked":["Fusion","Barrage"],"picked":"Creative AI","floor":8},{"not_picked":["Conserve Battery","Leap"],"picked":"Go for the Eyes","floor":10},{"not_picked":["Reinforced Body","Melter"],"picked":"Defragment","floor":11},{"not_picked":["Barrage","Undo","Gash"],"picked":"SKIP","floor":12},{"not_picked":["Hologram","Skim"],"picked":"Sweeping Beam","floor":15},{"not_picked":["Hyperbeam","Amplify"],"picked":"Seek","floor":16},{"not_picked":["Conserve Battery","Cold Snap"],"picked":"Rebound","floor":18},{"not_picked":["Hologram","Glacier"],"picked":"Sweeping Beam","floor":20},{"not_picked":["Beam Cell","Sweeping Beam"],"picked":"Streamline+1","floor":23},{"not_picked":["Consume","Defragment"],"picked":"Chill+1","floor":24},{"not_picked":["Melter","Gash"],"picked":"BootSequence","floor":25},{"not_picked":["Storm","Rebound","Lockon+1"],"picked":"Go for the Eyes","floor":27}],"player_experience":682453,"relics_obtained":[{"floor":6,"key":"Bag of Marbles"},{"floor":8,"key":"Dream Catcher"},{"floor":9,"key":"Vajra"},{"floor":11,"key":"Emotion Chip"},{"floor":23,"key":"Kunai"},{"floor":26,"key":"Question Card"},{"floor":27,"key":"Gambling Chip"}],"event_choices":[{"cards_removed":["Strike_B"],"damage_healed":0,"gold_gain":0,"player_choice":"Offered Basic","damage_taken":0,"max_hp_gain":0,"max_hp_loss":0,"event_name":"Bonfire Elementals","floor":2,"gold_loss":0},{"damage_healed":0,"gold_gain":0,"player_choice":"Box","damage_taken":0,"relics_obtained":["Oddly Smooth Stone"],"max_hp_gain":0,"max_hp_loss":0,"event_name":"Big Fish","floor":4,"gold_loss":0,"cards_obtained":["Regret"]},{"damage_healed":0,"gold_gain":0,"player_choice":"Searched \u00271\u0027 times","damage_taken":0,"relics_obtained":["Boot"],"max_hp_gain":0,"max_hp_loss":0,"event_name":"Dead Adventurer","floor":13,"gold_loss":0},{"damage_healed":0,"gold_gain":100,"player_choice":"Pray","damage_taken":0,"max_hp_gain":0,"max_hp_loss":0,"event_name":"Golden Shrine","floor":19,"gold_loss":0},{"damage_healed":0,"gold_gain":0,"player_choice":"Copied","damage_taken":0,"max_hp_gain":0,"max_hp_loss":0,"event_name":"Duplicator","floor":21,"gold_loss":0,"cards_obtained":["Seek"]}],"is_beta":false,"boss_relics":[{"not_picked":["Snecko Eye","Tiny House"],"picked":"Nuclear Battery"}],"items_purged_floors":[14],"is_endless":false,"potions_floor_spawned":[1,3,6,11,16,25,27],"killed_by":"Shelled Parasite and Fungi","ascension_level":9}