{"gold_per_floor":[119,133,383,558,576,576,603,617,694,5,21,50,50,63,63,162,162,182,182,182,197,197,197,230,230,254,269,287,212,212,112,112,112],"floor_reached":33,"playtime":2997,"items_purged":["Regret","Strike_B"],"score":275,"play_id":"2827c867-47e0-4c82-91fc-98b5b1ce01bb","local_time":"20180628143201","is_ascension_mode":false,"campfire_choices":[{"data":"Zap","floor":6,"key":"SMITH"},{"data":"Fusion","floor":13,"key":"SMITH"},{"data":"Loop","floor":15,"key":"SMITH"},{"data":"Echo Form","floor":23,"key":"SMITH"},{"floor":30,"key":"REST"},{"floor":32,"key":"REST"}],"neow_cost":"NONE","seed_source_timestamp":74806718081,"circlet_count":0,"master_deck":["Strike_B","Strike_B","Strike_B","Defend_B","Defend_B","Defend_B","Zap+1","Dualcast","Chill","Coolheaded","Rainbow","Fusion+1","FTL","Cold Snap","Glacier","Loop+1","Coolheaded","Melter","Echo Form+1","Barrage","Loop","Fusion","Darkness+1","FTL","Darkness+1","Chaos","Loop","Hologram+1"],"relics":["Cracked Core","Anchor","Prayer Wheel","Matryoshka","Ornamental Fan","Bag of Marbles","Strange Spoon","Juzu Bracelet","Inserter","Enchiridion","Vajra","Potion Belt","Letter Opener","Boot"],"potions_floor_usage":[12,16,18,33,33],"damage_taken":[{"damage":0,"enemies":"Cultist","floor":1,"turns":4},{"damage":0,"enemies":"Small Slimes","floor":2,"turns":4},{"damage":1,"enemies":"2 Louse","floor":5,"turns":2},{"damage":25,"enemies":"3 Sentries","floor":7,"turns":12},{"damage":2,"enemies":"Blue Slaver","floor":8,"turns":2},{"damage":3,"enemies":"3 Louse","floor":11,"turns":4},{"damage":14,"enemies":"Lagavulin","floor":12,"turns":7},{"damage":0,"enemies":"Exordium Wildlife","floor":14,"turns":3},{"damage":11,"enemies":"Slime Boss","floor":16,"turns":13},{"damage":17,"enemies":"Chosen","floor":18,"turns":7},{"damage":1,"enemies":"Shell Parasite","floor":21,"turns":5},{"damage":21,"enemies":"Gremlin Leader","floor":24,"turns":7},{"damage":15,"enemies":"Snecko","floor":27,"turns":4},{"damage":18,"enemies":"Slaver and Parasite","floor":28,"turns":6},{"damage":52,"enemies":"Collector","floor":33,"turns":6}],"seed_played":"5030426538792608383","potions_obtained":[{"floor":1,"key":"FairyPotion"},{"floor":7,"key":"Block Potion"},{"floor":14,"key":"EssenceOfSteel"},{"floor":16,"key":"AttackPotion"},{"floor":18,"key":"LiquidBronze"},{"floor":24,"key":"SteroidPotion"},{"floor":28,"key":"Energy Potion"}],"is_trial":false,"path_per_floor":["M","M","?","?","M","R","E","M","T","$","M","E","R","M","R","B",null,"M","?","?","M","?","R","E","?","T","M","M","?","R","$","R"],"character_chosen":"DEFECT","items_purchased":["Ornamental Fan","Bag of Marbles","Strange Spoon"],"campfire_rested":2,"item_purchase_floors":[10,10,10],"current_hp_per_floor":[75,75,75,75,74,74,49,47,47,47,44,30,30,30,30,19,75,58,42,42,41,41,41,20,20,20,5,4,4,26,26,48,0],"gold":112,"neow_bonus":"RANDOM_COMMON_RELIC","is_prod":false,"is_daily":false,"chose_seed":false,"campfire_upgraded":4,"win_rate":0,"timestamp":1530189121,"path_taken":["M","M","?","?","?","R","E","M","T","$","M","E","R","M","R","BOSS","M","?","?","M","?","R","E","?","T","M","M","?","R","$","R","BOSS"],"build_version":"2018-06-21v2","purchased_purges":2,"victory":false,"max_hp_per_floor":[75,75,75,75,75,75,75,75,75,75,75,75,75,75,75,75,75,75,75,75,75,75,75,75,75,75,75,75,75,75,75,75,75],"card_choices":[{"not_picked":["Aggregate","Streamline"],"picked":"Chill","floor":1},{"not_picked":["Genetic Algorithm","Stack","Sweeping Beam"],"picked":"SKIP","floor":2},{"not_picked":["Turbo","Leap"],"picked":"Coolheaded","floor":5},{"not_picked":["Conserve Battery","Turbo"],"picked":"Rainbow","floor":7},{"not_picked":["Gash","Barrage"],"picked":"Fusion","floor":8},{"not_picked":["Static Discharge","Lockon"],"picked":"FTL","floor":8},{"not_picked":["Gash","Rebound"],"picked":"Cold Snap","floor":11},{"not_picked":["Doom and Gloom","Genetic Algorithm"],"picked":"Glacier","floor":11},{"not_picked":["Rebound","Steam"],"picked":"Loop","floor":12},{"not_picked":["Scrape","Go for the Eyes"],"picked":"Coolheaded","floor":14},{"not_picked":["Streamline","Gash"],"picked":"Melter","floor":14},{"not_picked":["Biased Cognition","Electrodynamics"],"picked":"Echo Form","floor":16},{"not_picked":["Turbo","Redo+1"],"picked":"Barrage","floor":18},{"not_picked":["Go for the Eyes+1","Capacitor"],"picked":"Loop","floor":18},{"not_picked":["Cold Snap","Conserve Battery"],"picked":"Darkness+1","floor":21},{"not_picked":["Streamline","Steam Power+1"],"picked":"FTL","floor":21},{"not_picked":["Heatsinks","Go for the Eyes"],"picked":"Darkness+1","floor":24},{"not_picked":["Rip and Tear","Cold Snap"],"picked":"Loop","floor":27},{"not_picked":["Recycle","Stack"],"picked":"Hologram+1","floor":27},{"not_picked":["Rebound","Reboot","Stack"],"picked":"SKIP","floor":28},{"not_picked":["Recycle","Sunder+1","Hologram"],"picked":"SKIP","floor":28}],"player_experience":203450,"relics_obtained":[{"floor":7,"key":"Prayer Wheel"},{"floor":9,"key":"Matryoshka"},{"floor":12,"key":"Juzu Bracelet"},{"floor":19,"key":"Enchiridion"},{"floor":24,"key":"Potion Belt"},{"floor":26,"key":"Letter Opener"},{"floor":26,"key":"Boot"}],"event_choices":[{"event_name":"Golden Shrine","player_choice":"Desecrate","floor":3,"damage_taken":0},{"event_name":"Liars Game","player_choice":"agreed","floor":4,"damage_taken":0},{"event_name":"Cursed Tome","player_choice":"Obtained Book","floor":19,"damage_taken":0},{"event_name":"Transmorgrifier","player_choice":"Transform","floor":20,"damage_taken":0},{"event_name":"The Mausoleum","player_choice":"Yes","floor":22,"damage_taken":0},{"event_name":"Match and Keep!","player_choice":"1 cards matched","floor":25,"damage_taken":0},{"event_name":"Beggar","player_choice":"Gave Gold","floor":29,"damage_taken":0}],"boss_relics":[{"not_picked":["Lizard Tail","Runic Pyramid"],"picked":"Inserter"}],"items_purged_floors":[10,31],"is_endless":false,"potions_floor_spawned":[1,7,14,16,18,24,28],"killed_by":"Collector","ascension_level":0}