{"gold_per_floor":[119,119,130,146,166,166,199,199,247,247,247,266,279,289,289,394,394,406,425,500,513,35,35,63,63,63,83,83,47,47,74,74,170,170,182,201,221,221,18,18,18,18,18,43,56,56,56],"floor_reached":47,"playtime":4362,"items_purged":[],"score":569,"play_id":"9a7998fe-f3b3-40ce-bf88-0b1328d11507","local_time":"20190124164839","is_ascension_mode":true,"campfire_choices":[{"data":"True Grit","floor":6,"key":"SMITH"},{"data":"Metallicize","floor":8,"key":"SMITH"},{"data":"Battle Trance","floor":15,"key":"SMITH"},{"data":"Cleave","floor":23,"key":"SMITH"},{"floor":25,"key":"REST"},{"data":"Warcry","floor":28,"key":"SMITH"},{"data":"Metallicize","floor":30,"key":"SMITH"},{"floor":32,"key":"REST"},{"data":"Rampage","floor":40,"key":"SMITH"},{"data":"Shockwave","floor":41,"key":"SMITH"},{"data":"Shrug It Off","floor":42,"key":"SMITH"}],"neow_cost":"NONE","seed_source_timestamp":12344246158014,"circlet_count":0,"master_deck":["Bash+1","Intimidate+1","Shockwave+1","Reckless Charge","Demon Form","Metallicize+1","Battle Trance+1","Rampage+1","Havoc+1","Pommel Strike","Iron Wave","Warcry+1","True Grit+1","Rage","Sentinel+1","Thunderclap","Brutality","Shrug It Off+1","Cleave+1","Flash of Steel+1","Headbutt+1","Metallicize+1","Burning Pact","Immolate+1","Clumsy","Heavy Blade+1","Seeing Red+1","Offering","Spot Weakness+1"],"relics":["Pandora\u0027s Box","Blue Candle","Potion Belt","Mark of Pain","Molten Egg 2","Omamori","Anchor","Bottled Lightning","WingedGreaves","Calling Bell","Charon\u0027s Ashes","Paper Frog","Bag of Preparation","TheAbacus","Bottled Flame","War Paint","Toxic Egg 2"],"potions_floor_usage":[12,12,16,18,21,24,31,33,44],"damage_taken":[{"damage":6,"enemies":"Jaw Worm","floor":1,"turns":3},{"damage":10,"enemies":"2 Louse","floor":3,"turns":3},{"damage":0,"enemies":"Cultist","floor":4,"turns":3},{"damage":8,"enemies":"Exordium Thugs","floor":5,"turns":4},{"damage":7,"enemies":"Lagavulin","floor":7,"turns":5},{"damage":6,"enemies":"Lots of Slimes","floor":12,"turns":3},{"damage":1,"enemies":"Exordium Wildlife","floor":13,"turns":4},{"damage":0,"enemies":"Looter","floor":14,"turns":3},{"damage":9,"enemies":"Hexaghost","floor":16,"turns":6},{"damage":6,"enemies":"Shell Parasite","floor":18,"turns":6},{"damage":3,"enemies":"Chosen","floor":19,"turns":5},{"damage":9,"enemies":"Shelled Parasite and Fungi","floor":21,"turns":6},{"damage":28,"enemies":"Gremlin Leader","floor":24,"turns":5},{"damage":3,"enemies":"3 Cultists","floor":27,"turns":4},{"damage":10,"enemies":"Book of Stabbing","floor":31,"turns":5},{"damage":36,"enemies":"Automaton","floor":33,"turns":8},{"damage":2,"enemies":"Orb Walker","floor":35,"turns":3},{"damage":2,"enemies":"3 Darklings","floor":36,"turns":3},{"damage":8,"enemies":"Writhing Mass","floor":37,"turns":4},{"damage":50,"enemies":"Nemesis","floor":44,"turns":7},{"damage":12,"enemies":"Maw","floor":45,"turns":6},{"damage":7,"enemies":"Sphere and 2 Shapes","floor":47,"turns":3}],"seed_played":"3721717982461918355","potions_obtained":[{"floor":3,"key":"Weak Potion"},{"floor":7,"key":"BloodPotion"},{"floor":11,"key":"SteroidPotion"},{"floor":11,"key":"Energy Potion"},{"floor":11,"key":"Fire Potion"},{"floor":13,"key":"EssenceOfSteel"},{"floor":18,"key":"EssenceOfSteel"},{"floor":27,"key":"EssenceOfSteel"},{"floor":31,"key":"Ancient Potion"},{"floor":35,"key":"EssenceOfSteel"},{"floor":45,"key":"Weak Potion"}],"is_trial":false,"path_per_floor":["M","?","M","M","M","R","E","R","T","?","?","M","M","M","R","B",null,"M","M","?","M","$","R","E","R","T","M","R","$","R","E","R","B",null,"M","M","M","?","$","R","R","R","T","E","M","T","M"],"character_chosen":"IRONCLAD","items_purchased":["Molten Egg 2","Flash of Steel+1","Omamori","Metallicize","TheAbacus"],"campfire_rested":2,"item_purchase_floors":[22,22,22,29,39],"current_hp_per_floor":[74,74,64,64,56,56,49,49,49,33,33,35,34,34,34,25,80,74,71,63,54,54,54,26,50,50,47,47,47,47,37,61,25,80,78,76,68,68,68,68,68,68,68,18,6,6,0],"gold":56,"neow_bonus":"BOSS_RELIC","is_prod":false,"is_daily":false,"chose_seed":false,"campfire_upgraded":9,"win_rate":0,"timestamp":1548344919,"path_taken":["M","?","M","M","M","R","E","R","T","?","?","M","M","M","R","BOSS","M","?","?","M","$","R","E","R","T","M","R","$","R","E","R","BOSS","M","M","?","?","$","R","R","R","T","E","M","?","M"],"build_version":"2019-01-23","purchased_purges":0,"victory":false,"max_hp_per_floor":[80,80,80,80,80,80,80,80,80,80,80,80,80,80,80,80,80,80,80,80,80,80,80,80,80,80,80,80,80,80,80,80,80,80,80,80,80,80,80,80,80,80,80,80,80,80,80],"card_choices":[{"not_picked":["Body Slam","Intimidate"],"picked":"Pommel Strike","floor":1},{"not_picked":["Headbutt","Twin Strike"],"picked":"Iron Wave","floor":3},{"not_picked":["Wild Strike","Rupture"],"picked":"Warcry","floor":4},{"not_picked":["Iron Wave","Anger"],"picked":"True Grit","floor":5},{"not_picked":["Clothesline","Entrench","Headbutt"],"picked":"SKIP","floor":7},{"not_picked":["Headbutt","Bludgeon"],"picked":"Rage","floor":12},{"not_picked":["Anger","Iron Wave"],"picked":"Sentinel","floor":13},{"not_picked":["Havoc","Second Wind"],"picked":"Thunderclap","floor":14},{"not_picked":["Bludgeon","Demon Form"],"picked":"Brutality","floor":16},{"not_picked":["Whirlwind","Sever Soul"],"picked":"Shrug It Off","floor":18},{"not_picked":["Spot Weakness","Thunderclap+1","Rampage"],"picked":"SKIP","floor":19},{"not_picked":["Shrug It Off","Twin Strike"],"picked":"Cleave","floor":21},{"not_picked":["Thunderclap+1","Bloodletting","Limit Break"],"picked":"SKIP","floor":24},{"not_picked":["Heavy Blade+1","Shrug It Off"],"picked":"Headbutt+1","floor":27},{"not_picked":["Shockwave","Sever Soul+1"],"picked":"Burning Pact","floor":31},{"not_picked":["Brutality","Bludgeon+1"],"picked":"Immolate+1","floor":33},{"not_picked":["Warcry","Twin Strike+1"],"picked":"Heavy Blade+1","floor":35},{"not_picked":["Clothesline+1","Twin Strike+1"],"picked":"Seeing Red+1","floor":36},{"not_picked":["Blood for Blood+1","Rampage+1","Clothesline+1"],"picked":"SKIP","floor":37},{"not_picked":["Anger+1","Shrug It Off+1"],"picked":"Offering","floor":44},{"not_picked":["Clash+1","Cleave+1"],"picked":"Spot Weakness+1","floor":45}],"player_experience":313974,"relics_obtained":[{"floor":7,"key":"Blue Candle"},{"floor":9,"key":"Potion Belt"},{"floor":24,"key":"Anchor"},{"floor":26,"key":"Bottled Lightning"},{"floor":31,"key":"WingedGreaves"},{"floor":34,"key":"Charon\u0027s Ashes"},{"floor":34,"key":"Paper Frog"},{"floor":34,"key":"Bag of Preparation"},{"floor":43,"key":"Bottled Flame"},{"floor":44,"key":"War Paint"},{"floor":46,"key":"Toxic Egg 2"}],"event_choices":[{"damage_healed":0,"gold_gain":0,"player_choice":"Ignored","damage_taken":0,"max_hp_gain":0,"max_hp_loss":0,"event_name":"Golden Wing","floor":2,"gold_loss":0},{"damage_healed":0,"gold_gain":0,"player_choice":"Entered Light","damage_taken":16,"max_hp_gain":0,"max_hp_loss":0,"event_name":"Shining Light","floor":10,"gold_loss":0,"cards_upgraded":["Intimidate","Bash"]},{"damage_healed":0,"gold_gain":0,"player_choice":"Got Potions","damage_taken":0,"max_hp_gain":0,"max_hp_loss":0,"event_name":"Lab","floor":11,"gold_loss":0},{"damage_healed":0,"gold_gain":75,"player_choice":"Touch","damage_taken":8,"max_hp_gain":0,"max_hp_loss":0,"event_name":"FaceTrader","floor":20,"gold_loss":0},{"cards_removed":["Ghostly Armor"],"damage_healed":0,"gold_gain":0,"player_choice":"Removed Skill","damage_taken":0,"max_hp_gain":0,"max_hp_loss":0,"event_name":"Falling","floor":38,"gold_loss":0}],"is_beta":false,"boss_relics":[{"not_picked":["Runic Pyramid","Cursed Key"],"picked":"Mark of Pain"},{"not_picked":["Empty Cage","Tiny House"],"picked":"Calling Bell"}],"items_purged_floors":[],"is_endless":false,"potions_floor_spawned":[3,7,13,18,27,31,35,45],"killed_by":"Sphere and 2 Shapes","ascension_level":3}