{"gold_per_floor":[109,109,109,122,141,176,176,176,203,218,218,218,218],"floor_reached":13,"playtime":1190,"items_purged":[],"score":87,"play_id":"360a8bf7-f25b-40f8-871f-10a83769fcf2","local_time":"20190404211324","is_ascension_mode":true,"campfire_choices":[{"data":"Backflip","floor":7,"key":"SMITH"}],"neow_cost":"PERCENT_DAMAGE","seed_source_timestamp":117291065318017,"circlet_count":0,"master_deck":["Defend_G","Defend_G","Defend_G","Defend_G","Strike_G+1","Strike_G","Strike_G","Survivor","Neutralize","Acrobatics","Calculated Gamble","Backflip+1","Outmaneuver","Finisher+1"],"relics":["Ring of the Snake","Bag of Preparation","Lantern"],"potions_floor_usage":[],"damage_taken":[{"damage":0,"enemies":"Cultist","floor":1,"turns":4},{"damage":2,"enemies":"2 Louse","floor":4,"turns":5},{"damage":0,"enemies":"Small Slimes","floor":5,"turns":6},{"damage":38,"enemies":"3 Sentries","floor":6,"turns":18},{"damage":0,"enemies":"Blue Slaver","floor":10,"turns":6},{"damage":15,"enemies":"Lagavulin","floor":13,"turns":6}],"seed_played":"3858343438421094486","potions_obtained":[{"floor":10,"key":"FairyPotion"}],"is_trial":false,"path_per_floor":["M","?","$","M","M","E","R","?","T","M","?","?","E"],"character_chosen":"THE_SILENT","items_purchased":[],"campfire_rested":0,"item_purchase_floors":[],"current_hp_per_floor":[49,49,49,47,47,9,9,32,32,32,18,6,0],"gold":218,"neow_bonus":"REMOVE_TWO","is_prod":false,"is_daily":false,"chose_seed":false,"campfire_upgraded":1,"win_rate":0,"timestamp":1554401604,"path_taken":["M","?","?","M","M","E","R","?","T","M","?","?","E"],"build_version":"2019-01-23","purchased_purges":0,"victory":false,"max_hp_per_floor":[70,70,70,70,70,70,70,70,70,70,70,70,70],"card_choices":[{"not_picked":["Outmaneuver","Blade Dance"],"picked":"Acrobatics","floor":1},{"not_picked":["Acrobatics","Quick Slash"],"picked":"Calculated Gamble","floor":4},{"not_picked":["Poisoned Stab","Prepared"],"picked":"Backflip","floor":5},{"not_picked":["Night Terror","Underhanded Strike"],"picked":"Outmaneuver","floor":6},{"not_picked":["Reflex","Blade Dance"],"picked":"Finisher","floor":10}],"player_experience":45540,"relics_obtained":[{"floor":6,"key":"Bag of Preparation"},{"floor":9,"key":"Lantern"}],"event_choices":[{"cards_removed":["Strike_G"],"damage_healed":0,"gold_gain":0,"player_choice":"Offered Basic","damage_taken":0,"max_hp_gain":0,"max_hp_loss":0,"event_name":"Bonfire Elementals","floor":2,"gold_loss":0},{"damage_healed":23,"gold_gain":0,"player_choice":"Banana","damage_taken":0,"max_hp_gain":0,"max_hp_loss":0,"event_name":"Big Fish","floor":8,"gold_loss":0},{"damage_healed":0,"gold_gain":0,"player_choice":"Entered Light","damage_taken":14,"max_hp_gain":0,"max_hp_loss":0,"event_name":"Shining Light","floor":11,"gold_loss":0,"cards_upgraded":["Strike_G","Finisher"]},{"damage_healed":0,"gold_gain":0,"player_choice":"Fled","damage_taken":12,"max_hp_gain":0,"max_hp_loss":0,"event_name":"Scrap Ooze","floor":12,"gold_loss":0}],"is_beta":false,"boss_relics":[],"items_purged_floors":[],"is_endless":false,"potions_floor_spawned":[10],"killed_by":"Lagavulin","ascension_level":1}