{"gold_per_floor":[112,112,21,21,21,21,36,55,55,70,70,91,91,114,114,233,233,158,182,107,107,22,22,22],"floor_reached":24,"playtime":1725,"items_purged":["Pain"],"score":184,"play_id":"49eded1a-992e-492d-a78b-994b589e4641","local_time":"20190805184134","is_ascension_mode":false,"campfire_choices":[{"data":"Discovery","floor":6,"key":"SMITH"},{"data":"Metallicize","floor":15,"key":"SMITH"},{"data":"1","floor":23,"key":"LIFT"}],"neow_cost":"NONE","seed_source_timestamp":400651103424074,"circlet_count":0,"master_deck":["Strike_R","Strike_R","Defend_R","Defend_R","Bash","Disarm","Discovery+1","Headbutt","Metallicize+1","Warcry","Thunderclap","Juggernaut","Regret","Writhe","Rupture","Seeing Red+1","Feel No Pain","Burning Pact"],"relics":["Burning Blood","Ancient Tea Set","Golden Idol","Red Skull","Calling Bell","Bronze Scales","Shuriken","WingedGreaves","Girya"],"potions_floor_usage":[24,24],"damage_taken":[{"damage":7,"enemies":"2 Louse","floor":1,"turns":4},{"damage":9,"enemies":"Jaw Worm","floor":7,"turns":2},{"damage":6,"enemies":"Cultist","floor":8,"turns":3},{"damage":16,"enemies":"Large Slime","floor":10,"turns":5},{"damage":0,"enemies":"Looter","floor":12,"turns":3},{"damage":11,"enemies":"2 Fungi Beasts","floor":14,"turns":4},{"damage":5,"enemies":"Hexaghost","floor":16,"turns":7},{"damage":43,"enemies":"2 Thieves","floor":18,"turns":5},{"damage":14,"enemies":"Chosen","floor":19,"turns":5},{"damage":43,"enemies":"Gremlin Leader","floor":24,"turns":6}],"seed_played":"2064507285935237393","potions_obtained":[{"floor":8,"key":"Fire Potion"},{"floor":10,"key":"Energy Potion"},{"floor":12,"key":"FearPotion"}],"is_trial":false,"path_per_floor":["M","?","$","$","?","R","M","M","T","M","?","M","?","M","R","B",null,"M","M","$","?","?","R","E"],"character_chosen":"IRONCLAD","items_purchased":["Discovery"],"campfire_rested":0,"item_purchase_floors":[3],"current_hp_per_floor":[79,59,59,59,59,59,56,56,56,46,46,52,45,40,40,41,80,43,35,35,35,35,35,0],"gold":22,"neow_bonus":"RANDOM_COMMON_RELIC","is_prod":false,"is_daily":false,"chose_seed":false,"campfire_upgraded":2,"win_rate":0.0,"timestamp":1565023294,"path_taken":["M","?","?","$","?","R","M","M","T","?","?","M","?","M","R","BOSS","M","M","$","?","?","R","E"],"build_version":"2019-07-17","purchased_purges":1,"victory":false,"max_hp_per_floor":[80,80,80,80,80,80,80,80,80,80,80,80,80,80,80,80,80,80,80,80,80,80,80,80],"card_choices":[{"not_picked":["Shrug It Off","Twin Strike"],"picked":"Disarm","floor":1},{"not_picked":["Thunderclap","Sword Boomerang"],"picked":"Headbutt","floor":7},{"not_picked":["Double Tap","Perfected Strike"],"picked":"Metallicize","floor":8},{"not_picked":["Headbutt","Corruption"],"picked":"Warcry","floor":10},{"not_picked":["Second Wind","True Grit","Pummel"],"picked":"SKIP","floor":12},{"not_picked":["Clothesline","Flex","Perfected Strike"],"picked":"SKIP","floor":14},{"not_picked":["Dark Embrace","Impervious"],"picked":"Juggernaut","floor":16},{"not_picked":["Body Slam+1","Clothesline"],"picked":"Rupture","floor":18},{"not_picked":["Twin Strike","Sword Boomerang"],"picked":"Seeing Red+1","floor":19}],"player_experience":9504,"relics_obtained":[{"floor":9,"key":"Red Skull"},{"floor":17,"key":"Bronze Scales"},{"floor":17,"key":"Shuriken"},{"floor":17,"key":"WingedGreaves"}],"event_choices":[{"damage_healed":0,"gold_gain":0,"player_choice":"Take Damage","damage_taken":20,"relics_obtained":["Golden Idol"],"max_hp_gain":0,"max_hp_loss":0,"event_name":"Golden Idol","floor":2,"gold_loss":0},{"cards_removed":["Defend_R"],"damage_healed":0,"gold_gain":0,"player_choice":"Purged","damage_taken":0,"max_hp_gain":0,"max_hp_loss":0,"event_name":"Purifier","floor":5,"gold_loss":0},{"damage_healed":0,"gold_gain":0,"cards_transformed":["Strike_R"],"player_choice":"Change","damage_taken":0,"max_hp_gain":0,"max_hp_loss":0,"event_name":"Living Wall","floor":11,"gold_loss":0,"cards_obtained":["Thunderclap"]},{"cards_removed":["Strike_R"],"damage_healed":0,"gold_gain":0,"player_choice":"Card Removal","damage_taken":7,"max_hp_gain":0,"max_hp_loss":0,"event_name":"Golden Wing","floor":13,"gold_loss":0},{"damage_healed":0,"gold_gain":0,"cards_transformed":["Strike_R","Defend_R"],"player_choice":"Became Test Subject","damage_taken":0,"max_hp_gain":0,"max_hp_loss":0,"event_name":"Drug Dealer","floor":21,"gold_loss":0,"cards_obtained":["Feel No Pain","Burning Pact"]},{"damage_healed":0,"gold_gain":0,"player_choice":"Obtained Relic","damage_taken":0,"relics_obtained":["Girya"],"max_hp_gain":0,"max_hp_loss":0,"event_name":"Addict","floor":22,"gold_loss":85}],"is_beta":false,"boss_relics":[{"not_picked":["Sozu","Eternal Feather"],"picked":"Calling Bell"}],"items_purged_floors":[20],"is_endless":false,"potions_floor_spawned":[8,10,12,16,19],"killed_by":"Gremlin Leader","ascension_level":0}