{"gold_per_floor":[109,123,198,25,25,58,58,83,83,93,119,135,168,188,188,260,260,279,194,214,71,87,119,20,20,20,20,38,38,38,64,64,136,136,147,247,122,142,142,142,177,93,93,125,180,208,218,229,229,229,229,229,229,0,34,34],"floor_reached":57,"playtime":5413,"items_purged":["Strike_B","Strike_B","Strike_B","Zap"],"score":3062,"play_id":"20d2fc82-4bd7-43e2-ac0d-e8a0ad44ffee","local_time":"20190805185900","is_ascension_mode":true,"campfire_choices":[{"data":"Sunder","floor":7,"key":"SMITH"},{"data":"Electrodynamics","floor":15,"key":"SMITH"},{"data":"Biased Cognition","floor":27,"key":"SMITH"},{"data":"Defragment","floor":29,"key":"SMITH"},{"data":"Static Discharge","floor":32,"key":"SMITH"},{"floor":40,"key":"RECALL"},{"floor":49,"key":"REST"},{"floor":53,"key":"REST"}],"neow_cost":"NONE","seed_source_timestamp":336881418963980,"circlet_count":0,"master_deck":["AscendersBane","Defend_B","Defend_B","Defend_B","Defend_B","Dualcast","Ball Lightning","Sunder+1","Self Repair","Sweeping Beam","Gash","Static Discharge+1","Genetic Algorithm+1","Genetic Algorithm+1","Conserve Battery+1","Electrodynamics+1","Hologram+1","Biased Cognition+1","Chill+1","Defragment+1","Reinforced Body+1","Hologram+1","Panacea+1","Steam+1","Seek+1","Coolheaded+1","Dark Shackles+1","Impatience+1","Auto Shields+1","Darkness+1","Amplify+1","Coolheaded+1","Undo+1","Glacier+1","Skim+1","Coolheaded+1"],"relics":["Cracked Core","NeowsBlessing","Shuriken","Meat on the Bone","Toxic Egg 2","Bronze Scales","PreservedInsect","Inserter","Mercury Hourglass","Blue Candle","Pear","DataDisk","Fusion Hammer","StoneCalendar","Blood Vial","Vajra","Dead Branch","Juzu Bracelet","Mango"],"potions_floor_usage":[11,33,45,55,56,56],"damage_taken":[{"damage":0,"enemies":"Small Slimes","floor":1,"turns":1},{"damage":0,"enemies":"2 Louse","floor":2,"turns":1},{"damage":0,"enemies":"Lagavulin","floor":6,"turns":1},{"damage":20,"enemies":"3 Sentries","floor":8,"turns":5},{"damage":1,"enemies":"Cultist","floor":10,"turns":3},{"damage":13,"enemies":"Gremlin Nob","floor":11,"turns":3},{"damage":20,"enemies":"Blue Slaver","floor":12,"turns":3},{"damage":16,"enemies":"3 Sentries","floor":13,"turns":5},{"damage":5,"enemies":"Large Slime","floor":14,"turns":5},{"damage":40,"enemies":"Slime Boss","floor":16,"turns":7},{"damage":17,"enemies":"Spheric Guardian","floor":18,"turns":5},{"damage":24,"enemies":"Chosen","floor":20,"turns":5},{"damage":6,"enemies":"Sentry and Sphere","floor":22,"turns":5},{"damage":7,"enemies":"Slavers","floor":23,"turns":4},{"damage":0,"enemies":"Cultist and Chosen","floor":28,"turns":3},{"damage":0,"enemies":"Book of Stabbing","floor":31,"turns":5},{"damage":15,"enemies":"Collector","floor":33,"turns":8},{"damage":0,"enemies":"3 Darklings","floor":35,"turns":3},{"damage":0,"enemies":"Mind Bloom Boss Battle","floor":36,"turns":4},{"damage":3,"enemies":"Orb Walker","floor":38,"turns":3},{"damage":0,"enemies":"Nemesis","floor":41,"turns":7},{"damage":0,"enemies":"Reptomancer","floor":44,"turns":6},{"damage":0,"enemies":"2 Orb Walkers","floor":45,"turns":2},{"damage":0,"enemies":"Giant Head","floor":46,"turns":11},{"damage":0,"enemies":"Spire Growth","floor":47,"turns":4},{"damage":1,"enemies":"3 Darklings","floor":48,"turns":7},{"damage":2,"enemies":"Time Eater","floor":50,"turns":15},{"damage":2,"enemies":"Donu and Deca","floor":51,"turns":16},{"damage":21,"enemies":"Shield and Spear","floor":55,"turns":5},{"damage":55,"enemies":"The Heart","floor":56,"turns":12}],"seed_played":"9204481823295637734","potions_obtained":[{"floor":2,"key":"SkillPotion"},{"floor":8,"key":"PowerPotion"},{"floor":11,"key":"SmokeBomb"},{"floor":16,"key":"SkillPotion"},{"floor":28,"key":"Energy Potion"},{"floor":33,"key":"GamblersBrew"},{"floor":45,"key":"EssenceOfSteel"},{"floor":55,"key":"Explosive Potion"}],"is_trial":false,"path_per_floor":["M","M","?","$","?","E","R","E","T","M","E","M","E","M","R","B",null,"M","?","M","$","M","E","$","?","T","R","M","R","?","E","R","B",null,"M","?","$","M","?","R","E","$","T","E","?","E","M","M","R","B","B",null,"R","$","E","B",null],"character_chosen":"DEFECT","items_purchased":["Self Repair","Sweeping Beam","Reinforced Body+1","Panacea+1","Darkness+1","Skim+1"],"campfire_rested":2,"item_purchase_floors":[4,4,21,24,42,54],"current_hp_per_floor":[64,64,53,53,53,53,53,40,40,46,45,44,40,54,54,33,62,52,52,47,47,48,41,41,41,51,51,51,51,51,58,58,50,73,80,81,81,81,71,71,78,78,78,81,81,81,81,80,81,81,81,81,81,81,81,47],"gold":34,"neow_bonus":"THREE_ENEMY_KILL","is_prod":false,"is_daily":false,"chose_seed":false,"campfire_upgraded":5,"win_rate":0,"timestamp":1565027940,"path_taken":["M","M","?","$","?","E","R","E","T","M","E","?","E","M","R","BOSS","M","?","M","$","M","E","$","?","T","R","M","R","?","E","R","BOSS","M","?","?","M","?","R","E","?","T","E","?","E","M","M","R","BOSS","BOSS","R","$","E","BOSS"],"build_version":"2019-07-17","purchased_purges":4,"victory":true,"max_hp_per_floor":[71,71,71,71,71,71,71,71,71,71,71,71,71,71,71,71,71,71,71,71,71,71,71,71,71,81,81,81,81,81,81,81,81,81,81,81,81,81,81,81,81,81,81,81,81,81,81,81,81,81,81,81,81,81,95,95],"card_choices":[{"not_picked":["BootSequence","Stack"],"picked":"Ball Lightning","floor":1},{"not_picked":["Go for the Eyes","Blizzard"],"picked":"Sunder","floor":2},{"not_picked":["Auto Shields","Hyperbeam"],"picked":"Gash","floor":6},{"not_picked":["Beam Cell","Streamline"],"picked":"Static Discharge","floor":8},{"not_picked":["Reinforced Body+1","Hologram+1"],"picked":"Genetic Algorithm+1","floor":10},{"not_picked":["Beam Cell","Steam+1"],"picked":"Genetic Algorithm+1","floor":11},{"not_picked":["Beam Cell","Turbo+1"],"picked":"Conserve Battery+1","floor":12},{"not_picked":["Reprogram+1","White Noise+1"],"picked":"Electrodynamics","floor":13},{"not_picked":["Cold Snap","Ball Lightning"],"picked":"Hologram+1","floor":14},{"not_picked":["Rainbow+1","Buffer"],"picked":"Biased Cognition","floor":16},{"not_picked":["Streamline","Barrage"],"picked":"Chill+1","floor":18},{"not_picked":["Rebound","Leap+1"],"picked":"Defragment","floor":20},{"not_picked":["Double Energy+1","Thunder Strike","Loop"],"picked":"SKIP","floor":22},{"not_picked":["Loop+1","Static Discharge"],"picked":"Hologram+1","floor":23},{"not_picked":["Darkness+1","Go for the Eyes"],"picked":"Steam+1","floor":28},{"not_picked":["Static Discharge","Sunder+1","Auto Shields+1"],"picked":"SKIP","floor":31},{"not_picked":["Reboot+1","Core Surge"],"picked":"Seek+1","floor":33},{"not_picked":["Go for the Eyes","Streamline+1","Darkness+1"],"picked":"SKIP","floor":35},{"not_picked":["Reboot+1","Redo+1"],"picked":"Coolheaded+1","floor":38},{"not_picked":["Dramatic Entrance","Blind+1"],"picked":"Dark Shackles+1","floor":39},{"not_picked":["Purity+1","Dramatic Entrance"],"picked":"Impatience+1","floor":39},{"not_picked":["Blizzard","Gash"],"picked":"Auto Shields+1","floor":41},{"not_picked":["Lockon","Stack+1"],"picked":"Amplify+1","floor":44},{"not_picked":["Rebound+1","Skim+1"],"picked":"Coolheaded+1","floor":45},{"not_picked":["Leap+1","Reprogram+1"],"picked":"Undo+1","floor":46},{"not_picked":["Rebound","Ball Lightning","Leap+1"],"picked":"SKIP","floor":47},{"not_picked":["Beam Cell","Coolheaded+1"],"picked":"Glacier+1","floor":48},{"not_picked":["Darkness+1","Machine Learning"],"picked":"Coolheaded+1","floor":55}],"player_experience":1061203,"relics_obtained":[{"floor":6,"key":"Shuriken"},{"floor":8,"key":"Meat on the Bone"},{"floor":9,"key":"Toxic Egg 2"},{"floor":11,"key":"Bronze Scales"},{"floor":13,"key":"PreservedInsect"},{"floor":23,"key":"Blue Candle"},{"floor":26,"key":"Pear"},{"floor":31,"key":"DataDisk"},{"floor":36,"key":"StoneCalendar"},{"floor":41,"key":"Blood Vial"},{"floor":44,"key":"Vajra"},{"floor":45,"key":"Dead Branch"},{"floor":46,"key":"Juzu Bracelet"},{"floor":55,"key":"Mango"}],"event_choices":[{"damage_healed":0,"gold_gain":75,"player_choice":"Gather Gold","damage_taken":11,"max_hp_gain":0,"max_hp_loss":0,"event_name":"World of Goop","floor":3,"gold_loss":0},{"damage_healed":0,"gold_gain":0,"player_choice":"0 cards matched","damage_taken":0,"max_hp_gain":0,"max_hp_loss":0,"event_name":"Match and Keep!","floor":5,"gold_loss":0,"cards_obtained":[]},{"damage_healed":0,"gold_gain":0,"player_choice":"Obtained Relic","damage_taken":0,"relics_obtained":["Mercury Hourglass"],"max_hp_gain":0,"max_hp_loss":0,"event_name":"Addict","floor":19,"gold_loss":85},{"cards_removed":["Strike_B"],"damage_healed":0,"gold_gain":0,"player_choice":"Elegance","damage_taken":0,"max_hp_gain":0,"max_hp_loss":0,"event_name":"Back to Basics","floor":25,"gold_loss":0},{"damage_healed":0,"gold_gain":0,"player_choice":"Ignored","damage_taken":0,"max_hp_gain":0,"max_hp_loss":0,"event_name":"Vampires","floor":30,"gold_loss":0},{"damage_healed":0,"gold_gain":0,"player_choice":"Fight","damage_taken":0,"max_hp_gain":0,"max_hp_loss":0,"event_name":"MindBloom","floor":36,"gold_loss":0},{"damage_healed":0,"gold_gain":0,"player_choice":"Memory 3","damage_taken":10,"max_hp_gain":0,"max_hp_loss":0,"event_name":"SensoryStone","floor":39,"gold_loss":0},{"damage_healed":0,"gold_gain":0,"player_choice":"Fight","damage_taken":0,"max_hp_gain":0,"max_hp_loss":0,"event_name":"Mysterious Sphere","floor":45,"gold_loss":0}],"is_beta":false,"boss_relics":[{"not_picked":["Busted Crown","Cursed Key"],"picked":"Inserter"},{"not_picked":["Black Star","Velvet Choker"],"picked":"Fusion Hammer"}],"items_purged_floors":[4,21,37,54],"is_endless":false,"potions_floor_spawned":[2,8,10,11,16,28,33,44,45,48,55],"ascension_level":20}