{"gold_per_floor":[118,135,146,146,162,195,207,244,256,283,295,320,363,154,154,230,230,197,211,211,71,71],"floor_reached":22,"playtime":8789,"items_purged":["Strike_R","Perfected Strike"],"score":371,"play_id":"7ca5262a-be21-46f1-89b5-b4538da1fa06","local_time":"20190407144353","is_ascension_mode":true,"campfire_choices":[{"floor":7.0,"key":"REST"},{"data":"Metallicize","floor":15.0,"key":"SMITH"}],"neow_cost":"NONE","seed_source_timestamp":0,"circlet_count":0,"master_deck":["AscendersBane","Bash+1","Carnage","Whirlwind","Shrug It Off","Immolate","Armaments","Shrug It Off","Metallicize+1","Feed","Rage","Second Wind","Burning Pact","Uppercut","Barricade","Warcry","Anger","Headbutt+1","Metallicize"],"special_seed":0,"relics":["Burning Blood","MawBank","Whetstone","Letter Opener","Turnip","Pandora\u0027s Box"],"potions_floor_usage":[16],"damage_taken":[{"damage":12.0,"enemies":"Jaw Worm","floor":1.0,"turns":3.0},{"damage":1.0,"enemies":"2 Louse","floor":2.0,"turns":3.0},{"damage":0.0,"enemies":"Small Slimes","floor":3.0,"turns":2.0},{"damage":18.0,"enemies":"Exordium Thugs","floor":5.0,"turns":3.0},{"damage":47.0,"enemies":"3 Sentries","floor":6.0,"turns":9.0},{"damage":21.0,"enemies":"Gremlin Nob","floor":8.0,"turns":4.0},{"damage":1.0,"enemies":"3 Louse","floor":10.0,"turns":2.0},{"damage":3.0,"enemies":"Blue Slaver","floor":12.0,"turns":4.0},{"damage":27.0,"enemies":"Lagavulin","floor":13.0,"turns":5.0},{"damage":19,"enemies":"The Guardian","floor":16,"turns":12},{"damage":42,"enemies":"2 Thieves","floor":18,"turns":5},{"damage":17,"enemies":"Shell Parasite","floor":19,"turns":9},{"damage":18,"enemies":"Snake Plant","floor":22,"turns":3}],"seed_played":"-554918483590574378","potions_obtained":[{"floor":2.0,"key":"BloodPotion"},{"floor":5.0,"key":"SpeedPotion"},{"floor":10.0,"key":"SteroidPotion"},{"floor":12.0,"key":"Regen Potion"},{"floor":13.0,"key":"Block Potion"},{"floor":16,"key":"FairyPotion"},{"floor":19,"key":"PowerPotion"}],"is_trial":false,"path_per_floor":["M","M","M","?","M","E","R","E","T","M","?","M","E","$","R","B",null,"M","M","?","$","M"],"character_chosen":"IRONCLAD","items_purchased":["Shrug It Off","Metallicize","Metallicize"],"campfire_rested":1,"item_purchase_floors":[14,14,21],"current_hp_per_floor":[62,67,73,73,61,20,42,27,27,32,32,35,28,28,28,15,60,27,16,16,16,0],"gold":71,"neow_bonus":"UPGRADE_CARD","is_prod":false,"is_daily":false,"chose_seed":false,"campfire_upgraded":1,"win_rate":0,"timestamp":1554644633,"path_taken":["M","M","M","?","M","E","R","E","T","M","?","M","E","$","R","BOSS","M","M","?","?","M"],"build_version":"2019-01-23","purchased_purges":2,"victory":false,"max_hp_per_floor":[75,75,75,75,75,75,75,75,75,75,75,75,75,75,75,75,75,78,78,78,78,78],"card_choices":[{"not_picked":["Havoc","Clash"],"picked":"Carnage","floor":1.0},{"not_picked":["Anger","Armaments"],"picked":"Whirlwind","floor":2.0},{"not_picked":["Clash","Carnage","Reckless Charge"],"picked":"SKIP","floor":3.0},{"not_picked":["Fire Breathing","Sentinel"],"picked":"Shrug It Off","floor":5.0},{"not_picked":["Clash","Warcry"],"picked":"Immolate","floor":6.0},{"not_picked":["Clash","Iron Wave","Body Slam"],"picked":"SKIP","floor":8.0},{"not_picked":["Entrench","Shrug It Off"],"picked":"Armaments","floor":10.0},{"not_picked":["Blood for Blood","Searing Blow","Intimidate"],"picked":"SKIP","floor":12.0},{"not_picked":["Combust","Sever Soul","Dual Wield"],"picked":"SKIP","floor":13.0},{"not_picked":["Bludgeon","Berserk"],"picked":"Feed","floor":16},{"not_picked":["Headbutt","Rupture","Warcry"],"picked":"SKIP","floor":18},{"not_picked":["Perfected Strike","Heavy Blade"],"picked":"Headbutt+1","floor":19}],"player_experience":743470,"relics_obtained":[{"floor":6.0,"key":"MawBank"},{"floor":8.0,"key":"Whetstone"},{"floor":9.0,"key":"Letter Opener"},{"floor":13.0,"key":"Turnip"}],"event_choices":[{"damage_healed":0.0,"max_hp_gain":0.0,"max_hp_loss":0.0,"gold_gain":0.0,"event_name":"Liars Game","player_choice":"Ignored","floor":4.0,"gold_loss":0.0,"damage_taken":0.0},{"damage_healed":0.0,"max_hp_gain":0.0,"max_hp_loss":0.0,"gold_gain":0.0,"event_name":"Scrap Ooze","player_choice":"Fled","floor":11.0,"gold_loss":0.0,"damage_taken":0.0},{"damage_healed":0,"gold_gain":0,"player_choice":"Got Potions","damage_taken":0,"max_hp_gain":0,"max_hp_loss":0,"event_name":"Lab","floor":20,"gold_loss":0}],"is_beta":false,"boss_relics":[{"not_picked":["Tiny House","Calling Bell"],"picked":"Pandora\u0027s Box"}],"items_purged_floors":[14,21],"is_endless":false,"potions_floor_spawned":[2,5,10,12,13,16,19],"killed_by":"Snake Plant","ascension_level":16}