{"gold_per_floor":[362,537,215,234,234,234,266,286,286,305,305,330,330,363,363,363],"floor_reached":16,"playtime":586,"items_purged":["Doubt"],"score":142,"play_id":"d23f8047-0d65-4759-9708-57200f9ed5c7","local_time":"20190717113953","is_ascension_mode":true,"campfire_choices":[{"data":"Neutralize","floor":6,"key":"SMITH"},{"floor":15,"key":"REST"}],"neow_cost":"PERCENT_DAMAGE","seed_source_timestamp":55103533919400,"circlet_count":0,"master_deck":["Strike_G","Strike_G","Strike_G","Strike_G","Defend_G","Defend_G","Defend_G","Defend_G","Defend_G","Survivor","Neutralize+1","Footwork+1","Flying Knee","Deflect","Prepared","All Out Attack","Bouncing Flask","PiercingWail","Dodge and Roll+1","Parasite","Infinite Blades"],"relics":["Ring of the Snake","Ice Cream","Bottled Flame","Toxic Egg 2","Ninja Scroll"],"potions_floor_usage":[7,12,14],"damage_taken":[{"damage":1,"enemies":"Small Slimes","floor":1,"turns":4},{"damage":0,"enemies":"Cultist","floor":4,"turns":3},{"damage":27,"enemies":"Gremlin Nob","floor":7,"turns":5},{"damage":0,"enemies":"2 Louse","floor":8,"turns":2},{"damage":2,"enemies":"Blue Slaver","floor":10,"turns":4},{"damage":4,"enemies":"Lagavulin","floor":12,"turns":6},{"damage":10,"enemies":"Gremlin Nob","floor":14,"turns":6},{"damage":45,"enemies":"Slime Boss","floor":16,"turns":6}],"seed_played":"5443195203211565688","potions_obtained":[{"floor":1,"key":"SkillPotion"},{"floor":10,"key":"FearPotion"},{"floor":12,"key":"Ancient Potion"}],"is_trial":false,"path_per_floor":["M","?","$","M","?","R","E","M","T","M","?","E","?","E","R","B"],"character_chosen":"THE_SILENT","items_purchased":["Footwork","Flying Knee","Deflect","GhostInAJar"],"campfire_rested":1,"item_purchase_floors":[3,3,3,3],"current_hp_per_floor":[48,48,48,48,48,48,21,21,21,19,19,15,32,22,43,0],"gold":363,"neow_bonus":"TWO_FIFTY_GOLD","is_prod":false,"is_daily":false,"chose_seed":false,"campfire_upgraded":1,"win_rate":0,"timestamp":1563377993,"path_taken":["M","?","$","M","?","R","E","M","T","?","?","E","?","E","R","BOSS"],"build_version":"2019-07-05","purchased_purges":1,"victory":false,"max_hp_per_floor":[70,70,70,70,70,70,70,70,70,70,70,70,70,70,70,70],"card_choices":[{"not_picked":["Endless Agony","Eviscerate","Masterful Stab"],"picked":"SKIP","floor":1},{"not_picked":["Acrobatics","Underhanded Strike"],"picked":"Prepared","floor":4},{"not_picked":["Distraction","Caltrops"],"picked":"All Out Attack","floor":7},{"not_picked":["Underhanded Strike","Dagger Spray"],"picked":"Bouncing Flask","floor":8},{"not_picked":["Quick Slash","Acrobatics"],"picked":"PiercingWail","floor":10},{"not_picked":["Sucker Punch","Acrobatics"],"picked":"Dodge and Roll","floor":12},{"not_picked":["Quick Slash","Accuracy"],"picked":"Infinite Blades","floor":14}],"player_experience":380624,"relics_obtained":[{"floor":7,"key":"Ice Cream"},{"floor":9,"key":"Bottled Flame"},{"floor":12,"key":"Toxic Egg 2"},{"floor":14,"key":"Ninja Scroll"}],"event_choices":[{"damage_healed":0,"gold_gain":175,"player_choice":"AGREE","damage_taken":0,"max_hp_gain":0,"max_hp_loss":0,"event_name":"Liars Game","floor":2,"gold_loss":0,"cards_obtained":["Doubt"]},{"cards_removed":["Strike_G"],"damage_healed":0,"gold_gain":0,"player_choice":"Purged","damage_taken":0,"max_hp_gain":0,"max_hp_loss":0,"event_name":"Purifier","floor":5,"gold_loss":0},{"damage_healed":0,"gold_gain":0,"player_choice":"Grow","damage_taken":0,"max_hp_gain":0,"max_hp_loss":0,"event_name":"Living Wall","floor":11,"gold_loss":0,"cards_upgraded":["Footwork"]},{"damage_healed":17,"gold_gain":0,"player_choice":"Healed and dodged fight","damage_taken":0,"max_hp_gain":0,"max_hp_loss":0,"event_name":"Mushrooms","floor":13,"gold_loss":0,"cards_obtained":["Parasite"]}],"is_beta":false,"boss_relics":[],"items_purged_floors":[3],"is_endless":false,"potions_floor_spawned":[1,10,12],"killed_by":"Slime Boss","ascension_level":4}