{"gold_per_floor":[117,117,132,132,144,174,184,184,184,200,43,43,58,121,121,121],"floor_reached":16,"playtime":816,"items_purged":["Defend_G"],"score":138,"play_id":"5587ee00-b476-4e14-8a69-01cc61ba7427","local_time":"20181223192327","is_ascension_mode":true,"campfire_choices":[{"data":"Wraith Form v2","floor":8,"key":"SMITH"},{"floor":12,"key":"REST"},{"floor":15,"key":"REST"}],"neow_cost":"NONE","seed_source_timestamp":248883288031693,"circlet_count":0,"master_deck":["Defend_G","Defend_G","Defend_G","Strike_G","Strike_G","Strike_G","Strike_G","Strike_G","Survivor","Neutralize","Wraith Form v2+1","Sucker Punch","Cloak And Dagger","Tactician","Setup","Flying Knee","Storm of Steel","Acrobatics"],"relics":["Ring of the Snake","Pantograph","Gremlin Horn","Juzu Bracelet"],"potions_floor_usage":[14,14,16],"damage_taken":[{"damage":1,"enemies":"Small Slimes","floor":1,"turns":5},{"damage":5,"enemies":"2 Louse","floor":3,"turns":4},{"damage":1,"enemies":"Jaw Worm","floor":5,"turns":5},{"damage":48,"enemies":"Gremlin Nob","floor":6,"turns":7},{"damage":1,"enemies":"2 Fungi Beasts","floor":7,"turns":4},{"damage":6,"enemies":"3 Louse","floor":10,"turns":5},{"damage":3,"enemies":"Blue Slaver","floor":13,"turns":5},{"damage":16,"enemies":"Lagavulin Event","floor":14,"turns":6},{"damage":61,"enemies":"The Guardian","floor":16,"turns":16}],"seed_played":"5109669498769714983","potions_obtained":[{"floor":3,"key":"Swift Potion"},{"floor":6,"key":"Strength Potion"},{"floor":10,"key":"Strength Potion"},{"floor":13,"key":"EssenceOfSteel"}],"is_trial":false,"path_per_floor":["M","?","M","?","M","E","M","R","T","M","$","R","M","?","R","B"],"character_chosen":"THE_SILENT","items_purchased":["Storm of Steel"],"campfire_rested":2,"item_purchase_floors":[11],"current_hp_per_floor":[62,62,57,62,61,13,12,12,12,6,6,28,25,9,31,0],"gold":121,"neow_bonus":"ONE_RANDOM_RARE_CARD","is_prod":false,"is_daily":false,"chose_seed":false,"campfire_upgraded":1,"win_rate":0,"timestamp":1545593007,"path_taken":["M","?","M","?","M","E","M","R","T","M","$","R","M","?","R","BOSS"],"build_version":"2018-12-20","purchased_purges":1,"victory":false,"max_hp_per_floor":[70,70,70,75,75,75,75,75,75,75,75,75,75,75,75,75],"card_choices":[{"not_picked":["Deadly Poison","Choke","Acrobatics"],"picked":"SKIP","floor":1},{"not_picked":["A Thousand Cuts","Crippling Poison"],"picked":"Cloak And Dagger","floor":3},{"not_picked":["Concentrate","Dash"],"picked":"Tactician","floor":5},{"not_picked":["Backflip","Predator"],"picked":"Setup","floor":6},{"not_picked":["Sucker Punch","Deflect","Dodge and Roll"],"picked":"SKIP","floor":7},{"not_picked":["Outmaneuver","Cloak And Dagger"],"picked":"Flying Knee","floor":10},{"not_picked":["PiercingWail","Endless Agony","Underhanded Strike"],"picked":"SKIP","floor":13},{"not_picked":["Catalyst","Leg Sweep"],"picked":"Acrobatics","floor":14}],"player_experience":382932,"relics_obtained":[{"floor":6,"key":"Pantograph"},{"floor":9,"key":"Gremlin Horn"},{"floor":14,"key":"Juzu Bracelet"}],"event_choices":[{"damage_healed":0,"gold_gain":0,"cards_transformed":["Defend_G"],"player_choice":"Change","damage_taken":0,"max_hp_gain":0,"max_hp_loss":0,"event_name":"Living Wall","floor":2,"gold_loss":0,"cards_obtained":["Sucker Punch"]},{"damage_healed":0,"gold_gain":0,"player_choice":"Donut","damage_taken":0,"max_hp_gain":5,"max_hp_loss":0,"event_name":"Big Fish","floor":4,"gold_loss":0},{"damage_healed":0,"gold_gain":0,"player_choice":"Searched \u00271\u0027 times","damage_taken":0,"max_hp_gain":0,"max_hp_loss":0,"event_name":"Dead Adventurer","floor":14,"gold_loss":0}],"is_beta":false,"boss_relics":[],"items_purged_floors":[11],"is_endless":false,"potions_floor_spawned":[3,6,10,13],"killed_by":"The Guardian","ascension_level":7}