{"gold_per_floor":[19,19,19,34,51,51,68,68,68,79,79,98,98,48,48,148,148,162,162,181,195,32,57,74,84,130,130,130,130,145,145,145,145],"floor_reached":33,"playtime":1813,"items_purged":["Strike_R"],"score":363,"play_id":"109e7f07-4dfe-4361-848d-b298c1bb1f98","local_time":"20190222005401","is_ascension_mode":true,"campfire_choices":[{"data":"Havoc","floor":6,"key":"SMITH"},{"data":"Flex","floor":8,"key":"SMITH"},{"data":"Bash","floor":11,"key":"SMITH"},{"data":"Whirlwind","floor":15,"key":"SMITH"},{"data":"Double Tap","floor":27,"key":"SMITH"},{"data":"Defend_R","floor":29,"key":"SMITH"},{"data":"Defend_R","floor":32,"key":"SMITH"}],"neow_cost":"NO_GOLD","seed_source_timestamp":396790497585672,"circlet_count":0,"master_deck":["Strike_R","Strike_R","Defend_R+1","Defend_R+1","Defend_R","Defend_R","Bash+1","Battle Trance","Flex+1","Havoc+1","Pummel","Headbutt","Whirlwind+1","Demon Form","Pommel Strike+1","Double Tap+1","Iron Wave+1","Flash of Steel","Feel No Pain+1","Burning Pact+1","J.A.X."],"relics":["Burning Blood","Dead Branch","Strawberry","Shuriken","Coffee Dripper","Bottled Flame","Lantern","Enchiridion"],"potions_floor_usage":[16,20,23,23,33,33],"damage_taken":[{"damage":1,"enemies":"Cultist","floor":1,"turns":4},{"damage":9,"enemies":"Jaw Worm","floor":4,"turns":5},{"damage":9,"enemies":"2 Louse","floor":5,"turns":4},{"damage":5,"enemies":"Gremlin Gang","floor":7,"turns":5},{"damage":0,"enemies":"Blue Slaver","floor":10,"turns":1},{"damage":11,"enemies":"Looter","floor":12,"turns":2},{"damage":27,"enemies":"Slime Boss","floor":16,"turns":8},{"damage":41,"enemies":"2 Thieves","floor":18,"turns":4},{"damage":2,"enemies":"Chosen","floor":20,"turns":3},{"damage":10,"enemies":"Snecko","floor":21,"turns":4},{"damage":11,"enemies":"Slavers","floor":23,"turns":3},{"damage":7,"enemies":"Chosen and Byrds","floor":24,"turns":3},{"damage":0,"enemies":"Centurion and Healer","floor":25,"turns":1},{"damage":12,"enemies":"Snake Plant","floor":30,"turns":3},{"damage":23,"enemies":"Collector","floor":33,"turns":5}],"seed_played":"726517466142246674","potions_obtained":[{"floor":7,"key":"Block Potion"},{"floor":10,"key":"EssenceOfSteel"},{"floor":12,"key":"BloodPotion"},{"floor":18,"key":"Energy Potion"},{"floor":19,"key":"SpeedPotion"},{"floor":23,"key":"GamblersBrew"},{"floor":24,"key":"Dexterity Potion"}],"is_trial":false,"path_per_floor":["M","$","?","M","M","R","M","R","T","M","R","M","T","?","R","B",null,"M","?","M","M","$","E","M","M","T","R","?","R","M","?","R","B"],"character_chosen":"IRONCLAD","items_purchased":["Flash of Steel"],"campfire_rested":0,"item_purchase_floors":[22],"current_hp_per_floor":[77,77,77,74,71,71,72,72,79,85,85,80,80,80,80,59,80,45,45,49,45,45,40,39,45,45,45,29,29,23,23,23,0],"gold":145,"neow_bonus":"ONE_RARE_RELIC","is_prod":false,"is_daily":false,"chose_seed":false,"campfire_upgraded":7,"win_rate":0,"timestamp":1550796841,"path_taken":["M","?","?","?","M","R","M","R","T","M","R","M","?","?","R","BOSS","M","?","M","M","$","E","?","M","T","R","?","R","M","?","R","BOSS"],"build_version":"2019-01-23","purchased_purges":1,"victory":false,"max_hp_per_floor":[80,80,80,80,80,80,80,80,87,87,87,87,87,87,87,87,87,87,87,87,87,87,87,87,87,87,87,87,87,87,87,87,87],"card_choices":[{"not_picked":["Cleave","Pommel Strike"],"picked":"Battle Trance","floor":1},{"not_picked":["Heavy Blade","Fire Breathing"],"picked":"Flex","floor":4},{"not_picked":["True Grit","Clothesline"],"picked":"Havoc","floor":5},{"not_picked":["Shrug It Off","Bloodletting"],"picked":"Pummel","floor":7},{"not_picked":["Perfected Strike","Clash"],"picked":"Headbutt","floor":10},{"not_picked":["Warcry","Inflame"],"picked":"Whirlwind","floor":12},{"not_picked":["Brutality","Barricade"],"picked":"Demon Form","floor":16},{"not_picked":["Headbutt","Sentinel"],"picked":"Pommel Strike+1","floor":18},{"not_picked":["Wild Strike+1","Clash"],"picked":"Double Tap","floor":20},{"not_picked":["Heavy Blade","Thunderclap"],"picked":"Iron Wave+1","floor":21},{"not_picked":["Havoc","Entrench"],"picked":"Feel No Pain+1","floor":23},{"not_picked":["Twin Strike","Cleave"],"picked":"Burning Pact+1","floor":24},{"not_picked":["True Grit","Clothesline","Headbutt"],"picked":"SKIP","floor":25},{"not_picked":["Flex","Clothesline","Burning Pact"],"picked":"SKIP","floor":30}],"player_experience":467456,"relics_obtained":[{"floor":9,"key":"Strawberry"},{"floor":13,"key":"Shuriken"},{"floor":23,"key":"Bottled Flame"},{"floor":26,"key":"Lantern"},{"floor":28,"key":"Enchiridion"}],"event_choices":[{"cards_removed":["Strike_R"],"damage_healed":0,"gold_gain":0,"player_choice":"Offered Basic","damage_taken":0,"max_hp_gain":0,"max_hp_loss":0,"event_name":"Bonfire Elementals","floor":3,"gold_loss":0},{"cards_removed":["Strike_R"],"damage_healed":0,"gold_gain":0,"player_choice":"Card Removal","damage_taken":0,"max_hp_gain":0,"max_hp_loss":0,"event_name":"The Cleric","floor":14,"gold_loss":50},{"damage_healed":0,"gold_gain":0,"player_choice":"Got Potions","damage_taken":0,"max_hp_gain":0,"max_hp_loss":0,"event_name":"Lab","floor":19,"gold_loss":0},{"damage_healed":0,"gold_gain":0,"player_choice":"Obtained Book","damage_taken":16,"max_hp_gain":0,"max_hp_loss":0,"event_name":"Cursed Tome","floor":28,"gold_loss":0},{"damage_healed":0,"gold_gain":0,"player_choice":"Obtain J.A.X.","damage_taken":0,"max_hp_gain":0,"max_hp_loss":0,"event_name":"Drug Dealer","floor":31,"gold_loss":0,"cards_obtained":["J.A.X."]}],"is_beta":false,"boss_relics":[{"not_picked":["Black Blood","Runic Cube"],"picked":"Coffee Dripper"}],"items_purged_floors":[22],"is_endless":false,"potions_floor_spawned":[7,10,12,18,23,24],"killed_by":"Collector","ascension_level":8}