{"gold_per_floor":[111,111,111,134,59,59,90,90,90,90,128,151,189,214,214,305,305,319,319,339,339,358,397,124,148,148,148,167,201,201,201],"floor_reached":31,"playtime":3157,"items_purged":["Strike_B","Zap"],"score":586,"play_id":"bf818287-7369-4496-8abe-b80257c2ec59","local_time":"20190704142040","is_ascension_mode":true,"campfire_choices":[{"data":"Hyperbeam","floor":6,"key":"SMITH"},{"data":"Defragment","floor":8,"key":"SMITH"},{"data":"Static Discharge","floor":15,"key":"SMITH"},{"floor":27,"key":"REST"}],"neow_cost":"NONE","seed_source_timestamp":235207232120348,"circlet_count":0,"master_deck":["AscendersBane","Strike_B+1","Strike_B+1","Strike_B+1","Defend_B+1","Defend_B+1","Defend_B+1","Defend_B+1","Dualcast","Hyperbeam+1","Hologram","Conserve Battery","Defragment+1","Hologram","Coolheaded+1","Static Discharge+1","Amplify","Undo+1","Undo+1","Compile Driver"],"relics":["FrozenCore","Golden Idol","Pear","Gremlin Horn","PreservedInsect","Pantograph","War Paint","Dream Catcher","Regal Pillow","Lantern","Bottled Lightning"],"potions_floor_usage":[16,22,23],"damage_taken":[{"damage":12,"enemies":"Small Slimes","floor":1,"turns":3},{"damage":2,"enemies":"Jaw Worm","floor":4,"turns":3},{"damage":18,"enemies":"Lagavulin","floor":7,"turns":7},{"damage":13,"enemies":"3 Sentries","floor":11,"turns":5},{"damage":0,"enemies":"2 Louse","floor":12,"turns":1},{"damage":15,"enemies":"Lagavulin","floor":13,"turns":5},{"damage":1,"enemies":"Looter","floor":14,"turns":3},{"damage":25,"enemies":"Hexaghost","floor":16,"turns":9},{"damage":11,"enemies":"Shell Parasite","floor":18,"turns":13},{"damage":20,"enemies":"3 Byrds","floor":20,"turns":4},{"damage":10,"enemies":"3 Cultists","floor":22,"turns":3},{"damage":4,"enemies":"Slavers","floor":23,"turns":4},{"damage":2,"enemies":"Shelled Parasite and Fungi","floor":25,"turns":20},{"damage":0,"enemies":"Snecko","floor":28,"turns":17},{"damage":12,"enemies":"Gremlin Leader","floor":29,"turns":6},{"damage":58,"enemies":"Cultist and Chosen","floor":31,"turns":7}],"seed_played":"-4763230305962193252","potions_obtained":[{"floor":4,"key":"LiquidBronze"},{"floor":13,"key":"Dexterity Potion"},{"floor":16,"key":"PowerPotion"},{"floor":22,"key":"Explosive Potion"},{"floor":29,"key":"Ancient Potion"}],"is_trial":false,"path_per_floor":["M","?","?","M","$","R","E","R","T","?","E","M","E","M","R","B",null,"M","?","M","?","M","E","$","M","T","R","M","E","T","M"],"character_chosen":"DEFECT","items_purchased":["Dream Catcher"],"campfire_rested":1,"item_purchase_floors":[24],"current_hp_per_floor":[52,52,57,55,55,55,47,47,47,47,34,34,19,18,18,18,64,53,53,33,33,23,19,19,17,17,55,55,43,43,0],"gold":201,"neow_bonus":"ONE_RANDOM_RARE_CARD","is_prod":false,"is_daily":false,"chose_seed":false,"campfire_upgraded":3,"win_rate":0,"timestamp":1562246440,"path_taken":["M","?","?","M","$","R","E","R","T","?","E","M","E","M","R","BOSS","M","?","M","?","M","E","?","?","T","R","M","E","?","M"],"build_version":"2019-07-01","purchased_purges":2,"victory":false,"max_hp_per_floor":[71,64,69,69,69,69,79,79,79,79,79,79,79,79,79,79,79,79,79,79,79,79,79,79,79,79,79,79,79,79,79],"card_choices":[{"not_picked":["Go for the Eyes","Coolheaded"],"picked":"Hologram","floor":1},{"not_picked":["Static Discharge","Skim"],"picked":"Conserve Battery","floor":4},{"not_picked":["Reprogram","Barrage"],"picked":"Defragment","floor":7},{"not_picked":["Rip and Tear","Heatsinks","Go for the Eyes"],"picked":"SKIP","floor":11},{"not_picked":["Redo","Sweeping Beam"],"picked":"Hologram","floor":12},{"not_picked":["Redo","Hologram"],"picked":"Coolheaded","floor":13},{"not_picked":["Consume","Beam Cell"],"picked":"Static Discharge","floor":14},{"not_picked":["Meteor Strike","Buffer"],"picked":"Amplify","floor":16},{"not_picked":["Scrape","Auto Shields","Force Field"],"picked":"SKIP","floor":18},{"not_picked":["Reprogram","Streamline+1","Conserve Battery"],"picked":"SKIP","floor":20},{"not_picked":["Sweeping Beam+1","Recycle"],"picked":"Undo+1","floor":22},{"not_picked":["Reboot","Heatsinks","Rebound"],"picked":"SKIP","floor":23},{"not_picked":["Beam Cell","Hologram","Stack"],"picked":"SKIP","floor":25},{"not_picked":["Multi-Cast","Rebound"],"picked":"Compile Driver","floor":27},{"not_picked":["Hologram","Streamline","Beam Cell"],"picked":"SKIP","floor":28},{"not_picked":["Hologram","Streamline","Beam Cell"],"picked":"SKIP","floor":28},{"not_picked":["Barrage","Conserve Battery","Streamline"],"picked":"SKIP","floor":29}],"player_experience":998963,"relics_obtained":[{"floor":7,"key":"Pear"},{"floor":9,"key":"Gremlin Horn"},{"floor":11,"key":"PreservedInsect"},{"floor":13,"key":"Pantograph"},{"floor":23,"key":"War Paint"},{"floor":26,"key":"Regal Pillow"},{"floor":29,"key":"Lantern"},{"floor":30,"key":"Bottled Lightning"}],"event_choices":[{"damage_healed":0,"gold_gain":0,"player_choice":"Lose Max HP","damage_taken":0,"relics_obtained":["Golden Idol"],"max_hp_gain":0,"max_hp_loss":7,"event_name":"Golden Idol","floor":2,"gold_loss":0},{"damage_healed":0,"gold_gain":0,"player_choice":"Donut","damage_taken":0,"max_hp_gain":5,"max_hp_loss":0,"event_name":"Big Fish","floor":3,"gold_loss":0},{"damage_healed":0,"gold_gain":0,"player_choice":"Ignored","damage_taken":0,"max_hp_gain":0,"max_hp_loss":0,"event_name":"Liars Game","floor":10,"gold_loss":0},{"damage_healed":0,"gold_gain":0,"player_choice":"Simplicity","damage_taken":0,"max_hp_gain":0,"max_hp_loss":0,"event_name":"Back to Basics","floor":19,"gold_loss":0,"cards_upgraded":["Strike_B","Strike_B","Strike_B","Defend_B","Defend_B","Defend_B","Defend_B"]},{"damage_healed":0,"gold_gain":0,"player_choice":"Read","damage_taken":0,"max_hp_gain":0,"max_hp_loss":0,"event_name":"The Library","floor":21,"gold_loss":0,"cards_obtained":["Undo"]}],"is_beta":false,"boss_relics":[{"not_picked":["Calling Bell","Busted Crown"],"picked":"FrozenCore"}],"items_purged_floors":[5,24],"is_endless":false,"potions_floor_spawned":[4,13,14,16,20,22,29],"killed_by":"Cultist and Chosen","ascension_level":20}