{"path_per_floor":["M","?","?","?","?","R","E","?","T","M","E","R","M","M","R","B",null,"M","?","$","M","M","E","R","T","T","M","M","M","$","E","R"],"character_chosen":"IRONCLAD","items_purchased":["Singing Bowl","Dropkick","Feel No Pain","Dramatic Entrance","Omamori"],"gold_per_floor":[114,114,114,114,114,114,154,329,329,352,388,388,409,422,422,543,543,567,567,344,359,382,415,415,439,465,486,502,522,34,67,67],"floor_reached":33,"campfire_rested":0,"playtime":2900,"current_hp_per_floor":[80,85,78,78,71,71,45,45,45,51,34,34,40,45,45,17,64,70,70,70,79,81,44,44,53,53,68,64,55,55,81,81],"items_purged":["Doubt","Defend_R"],"gold":67,"score":394,"play_id":"572c8628-630a-4508-a1cf-6946994f0943","is_prod":false,"is_daily":false,"is_ascension_mode":true,"campfire_upgraded":5,"path_taken":["M","?","?","?","?","R","E","?","T","M","E","R","?","M","R","BOSS","M","?","$","M","M","E","R","?","T","M","?","M","$","E","R","BOSS"],"build_version":"2018-02-15-PROD1","purchased_purges":2,"victory":false,"master_deck":["Strike_R","Strike_R","Strike_R","Strike_R","Defend_R+1","Defend_R","Defend_R","Bash+1","Iron Wave+1","Clash+1","Havoc+1","Iron Wave+1","Reaper+1","Clothesline+1","Double Tap+1","Shockwave","Havoc+1","Inflame","Flex","Dropkick+1","Feel No Pain+1","Dramatic Entrance+1"],"max_hp_per_floor":[80,85,85,79,79,79,79,79,79,79,79,79,79,79,79,79,79,79,79,79,79,81,83,83,92,92,92,92,94,94,96,96],"relics":["Burning Blood","Prayer Wheel","Golden Idol","Ancient Tea Set","Molten Egg 2","Charon\u0027s Ashes","Gambling Chip","Runic Dome","Singing Bowl","Champion Belt","Strawberry","Regal Pillow","Omamori","Lantern"],"card_choices":[{"not_picked":["Battle Trance","Wild Strike"],"picked":"Iron Wave"},{"not_picked":["Cleave","Shrug It Off"],"picked":"Clash"},{"not_picked":["True Grit","Battle Trance"],"picked":"Havoc"},{"not_picked":["Bloodletting","Cleave"],"picked":"Iron Wave"},{"not_picked":["Iron Wave","Havoc"],"picked":"Reaper"},{"not_picked":["Rage","Disarm"],"picked":"Clothesline"},{"not_picked":["Reaper","Impervious"],"picked":"Double Tap"},{"not_picked":["Armaments","Ghostly Armor"],"picked":"Shockwave"},{"not_picked":["Body Slam","Headbutt"],"picked":"Havoc"},{"not_picked":["Flex","Thunderclap"],"picked":"Inflame"},{"not_picked":["Sword Boomerang","Clothesline"],"picked":"Flex"}],"player_experience":200857,"potions_floor_usage":[11,22,23,33],"damage_taken":[{"damage":0,"enemies":"Small Slimes","floor":1,"turns":3},{"damage":32,"enemies":"Gremlin Nob","floor":7,"turns":4},{"damage":0,"enemies":"Jaw Worm","floor":10,"turns":3},{"damage":23,"enemies":"Lagavulin","floor":11,"turns":5},{"damage":0,"enemies":"Cultist","floor":13,"turns":1},{"damage":6,"enemies":"Blue Slaver","floor":14,"turns":3},{"damage":41,"enemies":"The Guardian","floor":16,"turns":9},{"damage":0,"enemies":"Chosen","floor":18,"turns":3},{"damage":6,"enemies":"3 Byrds","floor":21,"turns":4},{"damage":11,"enemies":"Slaver and Parasite","floor":22,"turns":3},{"damage":50,"enemies":"Book of Stabbing","floor":23,"turns":8},{"damage":0,"enemies":"3 Cultists","floor":27,"turns":3},{"damage":10,"enemies":"Chosen and Byrds","floor":28,"turns":6},{"damage":17,"enemies":"Sentry and Sphere","floor":29,"turns":4},{"damage":21,"enemies":"Slavers","floor":31,"turns":2},{"damage":88,"enemies":"Champ","floor":33,"turns":9}],"event_choices":[{"event_name":"Big Fish","player_choice":"Donut","floor":2,"damage_taken":0},{"event_name":"Golden Wing","player_choice":"Card Removal","floor":3,"damage_taken":0},{"event_name":"Golden Idol","player_choice":"Lose Max HP","floor":4,"damage_taken":0},{"event_name":"Scrap Ooze","player_choice":"success","floor":5,"damage_taken":7},{"event_name":"Liars Game","player_choice":"agreed","floor":8,"damage_taken":0},{"event_name":"The Woman in Blue","player_choice":"Bought 0 Potions","floor":19,"damage_taken":0}],"boss_relics":[{"not_picked":["Runic Cube","Calling Bell"],"picked":"Runic Dome"}],"potions_floor_spawned":[10,11,18,22,31],"seed_played":"5244430180056896628","killed_by":"Champ","ascension_level":5,"is_trial":false}