{"path_per_floor":["M","M","?","?","?","R","?","M","T","M","R","M","R","$","R","B",null,"M","?","M","$","M","E","R","M","T","?","M","R","M","M","R"],"character_chosen":"IRONCLAD","items_purchased":["Singing Bowl"],"gold_per_floor":[115,128,128,128,128,128,128,145,172,192,192,202,202,58,58,161,161,175,90,106,31,44,79,79,91,115,115,132,132,149,161,161],"floor_reached":33,"campfire_rested":0,"playtime":2289,"current_hp_per_floor":[80,80,80,80,80,80,80,80,80,78,78,80,80,80,80,76,79,80,80,66,66,60,49,49,49,56,87,78,78,60,64,64],"items_purged":["Strike_R"],"gold":161,"score":349,"play_id":"4db4287c-b2f2-4fce-a0ee-37de49ec53e0","is_prod":false,"is_daily":false,"is_ascension_mode":true,"campfire_upgraded":7,"path_taken":["M","M","?","?","?","R","?","?","T","M","R","M","R","$","R","BOSS","M","?","?","$","?","E","R","M","T","?","M","R","M","M","R","BOSS"],"build_version":"2018-02-15-PROD1","purchased_purges":1,"victory":false,"master_deck":["Strike_R","Strike_R","Defend_R+1","Defend_R","Defend_R","Defend_R","Bash+1","Flex+1","Rampage+1","Havoc+1","Sever Soul","Pommel Strike+1","Offering","Clash","Rampage+1","Sentinel+1"],"max_hp_per_floor":[80,80,80,80,80,80,80,80,80,80,80,80,80,80,80,80,80,80,80,82,82,82,84,84,86,93,93,95,95,95,97,97],"relics":["Burning Blood","Bronze Scales","Ancient Tea Set","Singing Bowl","Philosopher\u0027s Stone","Calipers","Smiling Mask","Strawberry"],"card_choices":[{"not_picked":["Perfected Strike","Uppercut"],"picked":"Flex"},{"not_picked":["Rupture","Hemokinesis"],"picked":"Rampage"},{"not_picked":["Spot Weakness","Headbutt"],"picked":"Havoc"},{"not_picked":["Havoc","Headbutt"],"picked":"Pommel Strike"},{"not_picked":["Bludgeon","Limit Break"],"picked":"Offering"},{"not_picked":["Sever Soul","Intimidate"],"picked":"Clash"},{"not_picked":["Inflame","Burning Pact"],"picked":"Rampage"},{"not_picked":["Hemokinesis","Sword Boomerang"],"picked":"Sentinel"}],"player_experience":203757,"potions_floor_usage":[12,20,23,23,23,33,33],"damage_taken":[{"damage":5,"enemies":"2 Louse","floor":1,"turns":3},{"damage":0,"enemies":"Cultist","floor":2,"turns":2},{"damage":6,"enemies":"Small Slimes","floor":8,"turns":2},{"damage":8,"enemies":"Red Slaver","floor":10,"turns":4},{"damage":0,"enemies":"3 Louse","floor":12,"turns":1},{"damage":10,"enemies":"Slime Boss","floor":16,"turns":6},{"damage":3,"enemies":"Spheric Guardian","floor":18,"turns":3},{"damage":22,"enemies":"2 Thieves","floor":20,"turns":3},{"damage":12,"enemies":"Sentry and Sphere","floor":22,"turns":3},{"damage":28,"enemies":"Book of Stabbing","floor":23,"turns":4},{"damage":8,"enemies":"Chosen and Byrds","floor":25,"turns":5},{"damage":17,"enemies":"3 Cultists","floor":28,"turns":4},{"damage":24,"enemies":"Snake Plant","floor":30,"turns":3},{"damage":4,"enemies":"Chosen and Byrds","floor":31,"turns":5},{"damage":81,"enemies":"Automaton","floor":33,"turns":6}],"event_choices":[{"event_name":"Transmorgrifier","player_choice":"Transform","floor":3,"damage_taken":0},{"event_name":"The Woman in Blue","player_choice":"Bought 0 Potions","floor":4,"damage_taken":0},{"event_name":"Wheel of Change","player_choice":"Relic","floor":5,"damage_taken":0},{"event_name":"Bonfire Elementals","player_choice":"BASIC","floor":7,"damage_taken":0},{"event_name":"Addict","player_choice":"Obtained Relic","floor":19,"damage_taken":0},{"event_name":"The Library","player_choice":"Heal","floor":27,"damage_taken":0}],"boss_relics":[{"not_picked":["Cursed Key","Orrery"],"picked":"Philosopher\u0027s Stone"}],"potions_floor_spawned":[1,2,8,18,20,22,30,31],"seed_played":"6455225326583235211","killed_by":"Automaton","ascension_level":5,"is_trial":false}