{"gold_per_floor":[110,110,130,150,163,191,191,204,204],"floor_reached":9,"playtime":286,"items_purged":[],"score":65,"play_id":"b400b451-fdde-403a-ae1f-967328fedde6","local_time":"20190225185010","is_ascension_mode":false,"campfire_choices":[{"data":"Bash","floor":7,"key":"SMITH"}],"neow_cost":"NONE","seed_source_timestamp":321943062835360,"circlet_count":0,"master_deck":["Strike_R","Strike_R","Strike_R","Strike_R","Defend_R","Defend_R","Defend_R","Defend_R","Bash+1","Shrug It Off","Anger","Cleave","Whirlwind","Flex"],"relics":["Runic Cube","Singing Bowl"],"potions_floor_usage":[6],"damage_taken":[{"damage":6,"enemies":"2 Louse","floor":1,"turns":3},{"damage":1,"enemies":"Cultist","floor":3,"turns":3},{"damage":5,"enemies":"Small Slimes","floor":4,"turns":3},{"damage":4,"enemies":"Exordium Thugs","floor":5,"turns":4},{"damage":26,"enemies":"Gremlin Nob","floor":6,"turns":4},{"damage":0,"enemies":"Large Slime","floor":8,"turns":4}],"seed_played":"4581615364178117591","potions_obtained":[{"floor":3,"key":"SneckoOil"},{"floor":4,"key":"Strength Potion"}],"is_trial":false,"path_per_floor":["M","?","M","M","M","E","R","M","T"],"character_chosen":"IRONCLAD","items_purchased":[],"campfire_rested":0,"item_purchase_floors":[],"current_hp_per_floor":[74,74,73,68,64,40,40,42,42],"gold":204,"neow_bonus":"BOSS_RELIC","is_prod":false,"is_daily":false,"chose_seed":false,"campfire_upgraded":1,"win_rate":0,"timestamp":1551120610,"path_taken":["M","?","M","M","?","E","R","M","T"],"build_version":"2019-01-23","purchased_purges":0,"victory":false,"max_hp_per_floor":[80,80,80,80,80,82,82,84,84],"card_choices":[{"not_picked":["Perfected Strike","Warcry"],"picked":"Shrug It Off","floor":1},{"not_picked":["Disarm","Havoc"],"picked":"Cleave","floor":3},{"not_picked":["Corruption","Armaments"],"picked":"Whirlwind","floor":4},{"not_picked":["Warcry","Armaments"],"picked":"Flex","floor":5},{"not_picked":["Bloodletting","Fire Breathing","Uppercut"],"picked":"Singing Bowl","floor":6},{"not_picked":["Hemokinesis","Heavy Blade","Second Wind"],"picked":"Singing Bowl","floor":8}],"player_experience":497466,"relics_obtained":[{"floor":6,"key":"Singing Bowl"}],"event_choices":[{"damage_healed":0,"gold_gain":0,"cards_transformed":["Strike_R"],"player_choice":"Transformed","damage_taken":0,"max_hp_gain":0,"max_hp_loss":0,"event_name":"Transmorgrifier","floor":2,"gold_loss":0,"cards_obtained":["Anger"]}],"is_beta":false,"boss_relics":[],"items_purged_floors":[],"is_endless":false,"potions_floor_spawned":[3,4],"ascension_level":0}