{"gold_per_floor":[112,112,112,125,72,72,99,110,133,50,63,98,98,114,114,215,215,229,319,175,195,205,205,230,248,274,274,307,307,322,357,357,452,452,462,479,184,1183,1200,1200,1228,1228,1228,1228,1289,1299,1375,144,144,144],"floor_reached":51,"playtime":5930,"items_purged":["Strike_G","Defend_G"],"score":1094,"play_id":"17a18501-f12a-4016-812e-dd30795c156b","local_time":"20190310102026","is_ascension_mode":true,"campfire_choices":[{"data":"Finisher","floor":6.0,"key":"SMITH"},{"data":"Noxious Fumes","floor":15.0,"key":"SMITH"},{"floor":23.0,"key":"REST"},{"floor":29.0,"key":"REST"},{"floor":32.0,"key":"REST"},{"data":"Wraith Form v2","floor":40.0,"key":"SMITH"},{"data":"Well Laid Plans","floor":42.0,"key":"SMITH"},{"data":"Infinite Blades","floor":49.0,"key":"SMITH"}],"neow_cost":"NONE","seed_source_timestamp":0,"circlet_count":0,"master_deck":["Defend_G","Defend_G","Defend_G","Defend_G","Strike_G","Strike_G","Strike_G","Survivor","Neutralize","Finisher+1","Deflect","Well Laid Plans+1","Slice","Noxious Fumes+1","Dagger Throw","Infinite Blades+1","Deadly Poison","Footwork","Glass Knife","Acrobatics","Malaise","PiercingWail+1","Noxious Fumes","PiercingWail+1","Wraith Form v2+1","Die Die Die","Crippling Poison+1","Backflip","Finesse","The Bomb","Backflip","Dodge and Roll+1","Escape Plan+1","Footwork","Flash of Steel","Flying Knee","Slice","Deflect","Secret Weapon"],"special_seed":0,"relics":["Ring of the Snake","NeowsBlessing","Centennial Puzzle","Bag of Marbles","Pocketwatch","Busted Crown","Pantograph","Omamori","Dodecahedron","Ancient Tea Set","Boot","Lizard Tail","War Paint","Kunai","SsserpentHead","Bag of Preparation","Lee\u0027s Waffle","Gambling Chip"],"potions_floor_usage":[50,50,50],"damage_taken":[{"damage":0.0,"enemies":"Small Slimes","floor":1.0,"turns":1.0},{"damage":0.0,"enemies":"Jaw Worm","floor":4.0,"turns":1.0},{"damage":0.0,"enemies":"Gremlin Nob","floor":7.0,"turns":1.0},{"damage":0.0,"enemies":"Cultist","floor":8.0,"turns":4.0},{"damage":0.0,"enemies":"Looter","floor":11.0,"turns":3.0},{"damage":10.0,"enemies":"Lagavulin","floor":12.0,"turns":5.0},{"damage":2.0,"enemies":"Red Slaver","floor":14.0,"turns":4.0},{"damage":19.0,"enemies":"The Guardian","floor":16.0,"turns":9.0},{"damage":14.0,"enemies":"Shell Parasite","floor":18.0,"turns":5.0},{"damage":0.0,"enemies":"Chosen","floor":21.0,"turns":6.0},{"damage":12.0,"enemies":"Snake Plant","floor":22.0,"turns":5.0},{"damage":5.0,"enemies":"Gremlin Leader","floor":24.0,"turns":6.0},{"damage":10.0,"enemies":"3 Cultists","floor":25.0,"turns":5.0},{"damage":21.0,"enemies":"Book of Stabbing","floor":28.0,"turns":8.0},{"damage":2.0,"enemies":"Cultist and Chosen","floor":30.0,"turns":5.0},{"damage":11.0,"enemies":"Gremlin Leader","floor":31.0,"turns":8.0},{"damage":37.0,"enemies":"Automaton","floor":33.0,"turns":11.0},{"damage":7.0,"enemies":"Orb Walker","floor":35.0,"turns":5.0},{"damage":13.0,"enemies":"3 Darklings","floor":36.0,"turns":7.0},{"damage":20.0,"enemies":"Spire Growth","floor":39.0,"turns":6.0},{"damage":18.0,"enemies":"Nemesis","floor":41.0,"turns":8.0},{"damage":19.0,"enemies":"Sphere and 2 Shapes","floor":45.0,"turns":5.0},{"damage":14.0,"enemies":"Jaw Worm Horde","floor":46.0,"turns":5.0},{"damage":7,"enemies":"Awakened One","floor":50,"turns":34}],"seed_played":"5400783355126815605","potions_obtained":[{"floor":1.0,"key":"Fire Potion"},{"floor":4.0,"key":"PowerPotion"},{"floor":8.0,"key":"Poison Potion"},{"floor":18.0,"key":"Ancient Potion"},{"floor":24.0,"key":"SteroidPotion"},{"floor":28.0,"key":"GhostInAJar"},{"floor":31.0,"key":"SkillPotion"},{"floor":33.0,"key":"Explosive Potion"},{"floor":36.0,"key":"Fire Potion"},{"floor":45.0,"key":"Weak Potion"}],"is_trial":false,"path_per_floor":["M","?","?","M","$","R","E","M","T","$","M","E","?","M","R","B",null,"M","?","$","M","M","R","E","M","T","?","E","R","M","E","R","B",null,"M","M","$","?","M","R","E","R","T","?","M","M","T","$","R","B",null],"character_chosen":"THE_SILENT","items_purchased":["Slice","Infinite Blades","Deadly Poison","Noxious Fumes","Finesse","The Bomb","Backflip","Lee\u0027s Waffle","Footwork","Flash of Steel","Gambling Chip","Weak Potion","Fire Potion","Flying Knee","Slice","Deflect","Secret Weapon","SteroidPotion"],"campfire_rested":3,"item_purchase_floors":[5,10,10,20,37,37,37,48,48,48,48,48,48,48,48,48,48,48],"current_hp_per_floor":[63,63,63,63,63,63,63,63,63,63,63,53,53,51,51,32,61,47,33,33,33,21,42,37,27,27,27,6,27,25,14,35,23,58,51,38,38,38,18,18,35,35,35,35,16,2,2,77,77,70],"gold":144,"neow_bonus":"THREE_ENEMY_KILL","is_prod":false,"is_daily":false,"chose_seed":false,"campfire_upgraded":5,"win_rate":0,"timestamp":1552213226,"path_taken":["M","?","?","M","$","R","E","M","T","?","?","E","?","M","R","BOSS","M","?","$","M","M","R","E","?","T","?","E","R","?","E","R","BOSS","M","M","$","?","M","R","E","R","T","?","?","M","?","$","R","BOSS"],"build_version":"2019-01-23","purchased_purges":2,"victory":true,"max_hp_per_floor":[70,70,70,70,70,70,70,70,70,70,70,70,70,70,70,70,70,70,70,70,70,70,70,70,70,70,70,70,70,70,70,70,70,70,70,70,70,70,70,70,70,70,70,70,70,70,70,77,77,77],"card_choices":[{"not_picked":["Sucker Punch","Flechettes"],"picked":"Finisher","floor":1.0},{"not_picked":["Crippling Poison","Underhanded Strike"],"picked":"Well Laid Plans","floor":4.0},{"not_picked":["All Out Attack","Deadly Poison"],"picked":"Noxious Fumes","floor":7.0},{"not_picked":["Tactician","Blade Dance"],"picked":"Dagger Throw","floor":8.0},{"not_picked":["Flechettes","Flying Knee"],"picked":"Footwork","floor":11.0},{"not_picked":["Accuracy","Acrobatics"],"picked":"Glass Knife","floor":12.0},{"not_picked":["Outmaneuver","Concentrate"],"picked":"Acrobatics","floor":14.0},{"not_picked":["Unload","Bullet Time"],"picked":"Malaise","floor":16.0},{"not_picked":[],"picked":"PiercingWail+1","floor":18.0},{"not_picked":[],"picked":"PiercingWail","floor":21.0},{"not_picked":["Flying Knee"],"picked":"SKIP","floor":22.0},{"not_picked":["Accuracy"],"picked":"SKIP","floor":24.0},{"not_picked":["Concentrate"],"picked":"SKIP","floor":25.0},{"not_picked":[],"picked":"Wraith Form v2","floor":28.0},{"not_picked":["Accuracy"],"picked":"SKIP","floor":30.0},{"not_picked":["Concentrate"],"picked":"SKIP","floor":31.0},{"not_picked":[],"picked":"Die Die Die","floor":33.0},{"not_picked":[],"picked":"Crippling Poison+1","floor":35.0},{"not_picked":[],"picked":"Backflip","floor":36.0},{"not_picked":[],"picked":"Dodge and Roll+1","floor":39.0},{"not_picked":[],"picked":"Escape Plan","floor":41.0},{"not_picked":["Poisoned Stab"],"picked":"SKIP","floor":45.0},{"not_picked":["Dagger Spray"],"picked":"SKIP","floor":46.0}],"player_experience":590661,"relics_obtained":[{"floor":7.0,"key":"Centennial Puzzle"},{"floor":9.0,"key":"Bag of Marbles"},{"floor":12.0,"key":"Pocketwatch"},{"floor":24.0,"key":"Pantograph"},{"floor":26.0,"key":"Omamori"},{"floor":28.0,"key":"Ancient Tea Set"},{"floor":31.0,"key":"Boot"},{"floor":41.0,"key":"War Paint"},{"floor":43.0,"key":"Kunai"},{"floor":47.0,"key":"Bag of Preparation"}],"event_choices":[{"damage_healed":0.0,"max_hp_gain":0.0,"max_hp_loss":0.0,"gold_gain":0.0,"cards_transformed":["Strike_G"],"event_name":"Living Wall","player_choice":"Change","floor":2.0,"gold_loss":0.0,"damage_taken":0.0,"cards_obtained":["Deflect"]},{"damage_healed":0.0,"max_hp_gain":0.0,"max_hp_loss":0.0,"gold_gain":0.0,"event_name":"Liars Game","player_choice":"Ignored","floor":3.0,"gold_loss":0.0,"damage_taken":0.0},{"damage_healed":0.0,"max_hp_gain":0.0,"max_hp_loss":0.0,"gold_gain":0.0,"event_name":"The Woman in Blue","player_choice":"Bought 0 Potions","floor":13.0,"gold_loss":0.0,"damage_taken":0.0},{"damage_healed":0.0,"max_hp_gain":0.0,"max_hp_loss":0.0,"gold_gain":90.0,"event_name":"Knowing Skull","player_choice":"GOLD ","floor":19.0,"potions_obtained":[],"gold_loss":0.0,"damage_taken":14.0,"cards_obtained":[]},{"damage_healed":0.0,"max_hp_gain":0.0,"max_hp_loss":0.0,"gold_gain":0.0,"event_name":"WeMeetAgain","player_choice":"Gave Potion","floor":27.0,"gold_loss":0.0,"damage_taken":0.0,"relics_obtained":["Dodecahedron"]},{"damage_healed":0.0,"max_hp_gain":0.0,"max_hp_loss":0.0,"gold_gain":999.0,"event_name":"MindBloom","player_choice":"Gold","floor":38.0,"gold_loss":0.0,"damage_taken":0.0,"cards_obtained":["Normality","Normality"]},{"damage_healed":0.0,"max_hp_gain":0.0,"max_hp_loss":0.0,"gold_gain":0.0,"event_name":"FaceTrader","player_choice":"Trade","floor":44.0,"gold_loss":0.0,"damage_taken":0.0,"relics_obtained":["SsserpentHead"]}],"is_beta":false,"boss_relics":[{"not_picked":["Coffee Dripper","Runic Dome"],"picked":"Busted Crown"},{"not_picked":["HoveringKite","Philosopher\u0027s Stone"],"picked":"Lizard Tail"}],"items_purged_floors":[20,48],"is_endless":false,"potions_floor_spawned":[1,4,8,11,18,24,28,31,33,36,45],"ascension_level":9}