{"gold_per_floor":[118,136,152,167,178,204,46,66,117,117,143,108,108,135,135,209,209,229,209,76,88,104,130,130,55,108,134,152,152,162,162,162,162],"floor_reached":33,"playtime":3098,"items_purged":["Strike_B"],"score":664,"play_id":"1dfcd51e-80cf-4bfa-a14c-b5c927964763","local_time":"20190428113730","is_ascension_mode":true,"campfire_choices":[{"floor":10,"key":"REST"},{"data":"Rip and Tear","floor":13,"key":"SMITH"},{"data":"Chill","floor":15,"key":"SMITH"},{"data":"Sweeping Beam","floor":24,"key":"SMITH"},{"data":"Capacitor","floor":32,"key":"SMITH"}],"neow_cost":"NONE","seed_source_timestamp":484649661962037,"circlet_count":0,"master_deck":["AscendersBane","Defend_B+1","Defend_B+1","Defend_B+1","Defend_B+1","Dualcast","Chill+1","Rip and Tear+1","Conserve Battery","Glacier","Melter","Self Repair","Compile Driver","Electrodynamics","Steam Power+1","Double Energy+1","Ball Lightning+1","Sweeping Beam+1","Reinforced Body","Ball Lightning","Self Repair+1","Capacitor+1","Hologram"],"relics":["Philosopher\u0027s Stone","Lantern","DataDisk","Vajra","Bottled Lightning","Astrolabe","Smiling Mask","Oddly Smooth Stone","Ancient Tea Set"],"potions_floor_usage":[6,16,18,21,23,28,33,33],"damage_taken":[{"damage":2,"enemies":"Cultist","floor":1,"turns":4},{"damage":6,"enemies":"Jaw Worm","floor":2,"turns":4},{"damage":1,"enemies":"2 Louse","floor":3,"turns":3},{"damage":12,"enemies":"Lots of Slimes","floor":4,"turns":5},{"damage":4,"enemies":"2 Fungi Beasts","floor":5,"turns":4},{"damage":18,"enemies":"3 Sentries","floor":6,"turns":11},{"damage":7,"enemies":"Looter","floor":8,"turns":4},{"damage":29,"enemies":"Lagavulin","floor":11,"turns":5},{"damage":4,"enemies":"3 Sentries","floor":14,"turns":6},{"damage":29,"enemies":"The Guardian","floor":16,"turns":12},{"damage":1,"enemies":"3 Byrds","floor":18,"turns":3},{"damage":3,"enemies":"Chosen","floor":21,"turns":4},{"damage":12,"enemies":"Snake Plant","floor":22,"turns":4},{"damage":0,"enemies":"Gremlin Leader","floor":23,"turns":6},{"damage":59,"enemies":"Book of Stabbing","floor":27,"turns":5},{"damage":11,"enemies":"Shelled Parasite and Fungi","floor":28,"turns":5},{"damage":0,"enemies":"Centurion and Healer","floor":30,"turns":6},{"damage":60,"enemies":"Collector","floor":33,"turns":6}],"seed_played":"-8266461774147793193","potions_obtained":[{"floor":3,"key":"FearPotion"},{"floor":4,"key":"SteroidPotion"},{"floor":5,"key":"Dexterity Potion"},{"floor":8,"key":"Dexterity Potion"},{"floor":16,"key":"FocusPotion"},{"floor":19,"key":"Weak Potion"},{"floor":21,"key":"Strength Potion"},{"floor":27,"key":"GamblersBrew"},{"floor":30,"key":"FearPotion"}],"is_trial":false,"path_per_floor":["M","M","M","M","M","E","$","M","T","R","E","?","R","E","R","B",null,"M","?","$","M","M","E","R","?","T","E","M","?","M","?","R","B"],"character_chosen":"DEFECT","items_purchased":["Melter","Self Repair","Sweeping Beam"],"campfire_rested":1,"item_purchase_floors":[7,7,20],"current_hp_per_floor":[62,56,55,43,39,21,21,21,21,42,20,37,37,40,40,18,58,64,64,64,68,63,70,70,70,70,18,24,24,41,41,41,0],"gold":162,"neow_bonus":"BOSS_RELIC","is_prod":false,"is_daily":false,"chose_seed":false,"campfire_upgraded":4,"win_rate":0,"timestamp":1556447850,"path_taken":["M","M","M","?","?","E","$","?","T","R","E","?","R","E","R","BOSS","M","?","$","M","?","E","R","?","T","E","M","?","M","?","R","BOSS"],"build_version":"2019-01-23","purchased_purges":1,"victory":false,"max_hp_per_floor":[71,71,71,71,71,71,71,71,71,71,71,71,71,71,71,71,71,71,71,71,71,71,71,71,71,71,71,71,71,71,71,71,71],"card_choices":[{"not_picked":["Redo","Chaos"],"picked":"Chill","floor":1},{"not_picked":["Go for the Eyes","Storm"],"picked":"Rip and Tear","floor":2},{"not_picked":["Gash","Leap","Turbo"],"picked":"SKIP","floor":3},{"not_picked":["Go for the Eyes","Steam"],"picked":"Conserve Battery","floor":4},{"not_picked":["Steam Power","Streamline"],"picked":"Glacier","floor":5},{"not_picked":["Heatsinks","Rebound","Multi-Cast"],"picked":"SKIP","floor":6},{"not_picked":["Melter","Beam Cell","Rip and Tear"],"picked":"SKIP","floor":8},{"not_picked":["Tempest","Blizzard","Redo"],"picked":"SKIP","floor":11},{"not_picked":["Hello World","Heatsinks"],"picked":"Compile Driver","floor":14},{"not_picked":["Rainbow","Biased Cognition"],"picked":"Electrodynamics","floor":16},{"not_picked":["Steam Power","Leap","Beam Cell"],"picked":"SKIP","floor":18},{"not_picked":["Compile Driver","Reprogram"],"picked":"Reinforced Body","floor":21},{"not_picked":["Conserve Battery","Steam","Cold Snap"],"picked":"SKIP","floor":22},{"not_picked":["Compile Driver","Streamline+1"],"picked":"Ball Lightning","floor":23},{"not_picked":["Cold Snap","Melter"],"picked":"Self Repair+1","floor":27},{"not_picked":["Rebound","Skim"],"picked":"Capacitor","floor":28},{"not_picked":["Amplify","Sweeping Beam"],"picked":"Hologram","floor":30}],"player_experience":892044,"relics_obtained":[{"floor":6,"key":"Lantern"},{"floor":9,"key":"DataDisk"},{"floor":11,"key":"Vajra"},{"floor":14,"key":"Bottled Lightning"},{"floor":23,"key":"Smiling Mask"},{"floor":26,"key":"Oddly Smooth Stone"},{"floor":27,"key":"Ancient Tea Set"}],"event_choices":[{"damage_healed":17,"gold_gain":0,"player_choice":"Healed","damage_taken":0,"max_hp_gain":0,"max_hp_loss":0,"event_name":"The Cleric","floor":12,"gold_loss":35},{"damage_healed":0,"gold_gain":0,"player_choice":"Bought 1 Potion","damage_taken":0,"max_hp_gain":0,"max_hp_loss":0,"event_name":"The Woman in Blue","floor":19,"gold_loss":0},{"cards_removed":["Strike_B"],"damage_healed":0,"gold_gain":0,"player_choice":"Gave Gold","damage_taken":0,"max_hp_gain":0,"max_hp_loss":0,"event_name":"Beggar","floor":25,"gold_loss":75},{"damage_healed":0,"gold_gain":0,"player_choice":"Ignored","damage_taken":0,"max_hp_gain":0,"max_hp_loss":0,"event_name":"Cursed Tome","floor":29,"gold_loss":0},{"damage_healed":0,"gold_gain":0,"player_choice":"Simplicity","damage_taken":0,"max_hp_gain":0,"max_hp_loss":0,"event_name":"Back to Basics","floor":31,"gold_loss":0,"cards_upgraded":["Defend_B","Defend_B","Defend_B","Defend_B"]}],"is_beta":false,"boss_relics":[{"not_picked":["Black Star","Sozu"],"picked":"Astrolabe"}],"items_purged_floors":[20],"is_endless":false,"potions_floor_spawned":[3,4,5,8,16,21,22,27,30],"killed_by":"Collector","ascension_level":20}