{"gold_per_floor":[117,117,117,128,141,141,141,141,141,168,168,202,221,241,241,341,341,359,359,377,392,7,7,32,45,45,45,45],"floor_reached":28,"playtime":1431,"items_purged":["Strike_R"],"score":248,"play_id":"1e657c0c-c191-4274-a5c8-6565fab91a82","local_time":"20181228165538","is_ascension_mode":false,"campfire_choices":[{"data":"Combust","floor":6,"key":"SMITH"},{"floor":8,"key":"RECALL"},{"floor":15,"key":"REST"},{"data":"Searing Blow","floor":23,"key":"SMITH"},{"data":"Searing Blow+1","floor":27,"key":"SMITH"}],"neow_cost":"NONE","seed_source_timestamp":671418606959390,"circlet_count":0,"master_deck":["Strike_R+1","Strike_R","Strike_R","Strike_R","Defend_R","Defend_R","Defend_R","Bash+1","Searing Blow+2","Combust+1","Shrug It Off","Feed","Bludgeon","Pummel","Thunderclap","Armaments+1","Havoc+1","Armaments+1","Headbutt","Shrug It Off+1","Clash"],"relics":["Burning Blood","Oddly Smooth Stone","Sundial","Torii","Velvet Choker","Toxic Egg 2","DollysMirror","Bottled Tornado","Nunchaku"],"potions_floor_usage":[12,16,24,25,28],"damage_taken":[{"damage":6,"enemies":"2 Louse","floor":1,"turns":3},{"damage":4,"enemies":"Cultist","floor":4,"turns":3},{"damage":4,"enemies":"Small Slimes","floor":5,"turns":3},{"damage":31,"enemies":"Gremlin Nob","floor":10,"turns":4},{"damage":25,"enemies":"3 Sentries","floor":12,"turns":5},{"damage":4,"enemies":"Exordium Wildlife","floor":13,"turns":3},{"damage":4,"enemies":"Red Slaver","floor":14,"turns":4},{"damage":38,"enemies":"Hexaghost","floor":16,"turns":11},{"damage":17,"enemies":"Shell Parasite","floor":18,"turns":6},{"damage":2,"enemies":"Spheric Guardian","floor":20,"turns":3},{"damage":32,"enemies":"Cultist and Chosen","floor":21,"turns":5},{"damage":49,"enemies":"Book of Stabbing","floor":24,"turns":6},{"damage":3,"enemies":"3 Cultists","floor":25,"turns":4},{"damage":19,"enemies":"Snake Plant","floor":28,"turns":3}],"seed_played":"7638052718450595361","potions_obtained":[{"floor":4,"key":"Swift Potion"},{"floor":10,"key":"GamblersBrew"},{"floor":14,"key":"SkillPotion"},{"floor":16,"key":"SteroidPotion"},{"floor":21,"key":"Explosive Potion"}],"is_trial":false,"path_per_floor":["M","?","?","M","M","R","?","R","T","E","T","E","M","M","R","B",null,"M","?","M","M","$","R","E","M","T","R","M"],"character_chosen":"IRONCLAD","items_purchased":["Havoc+1","DollysMirror","Headbutt"],"campfire_rested":1,"item_purchase_floors":[22,22,22],"current_hp_per_floor":[80,80,80,80,80,80,64,64,64,39,39,20,22,24,48,16,80,69,69,73,50,50,50,11,14,14,14,0],"gold":45,"neow_bonus":"THREE_CARDS","is_prod":false,"is_daily":false,"chose_seed":false,"campfire_upgraded":3,"win_rate":0,"timestamp":1546016138,"path_taken":["M","?","?","?","M","R","?","R","T","E","?","E","?","M","R","BOSS","M","?","M","M","$","R","E","M","T","R","M"],"build_version":"2018-12-20","purchased_purges":1,"victory":false,"max_hp_per_floor":[80,80,80,80,80,80,80,80,80,80,80,80,80,80,80,80,80,80,80,80,83,83,83,87,87,87,87,87],"card_choices":[{"not_picked":["Body Slam","Shrug It Off"],"picked":"Searing Blow","floor":0},{"not_picked":["Havoc","Thunderclap"],"picked":"Combust","floor":1},{"not_picked":["Dual Wield","Inflame"],"picked":"Shrug It Off","floor":4},{"not_picked":["Shockwave","Second Wind","Sword Boomerang"],"picked":"SKIP","floor":5},{"not_picked":["Havoc","Bloodletting","Thunderclap"],"picked":"SKIP","floor":10},{"not_picked":["Infernal Blade","Sword Boomerang","Anger"],"picked":"SKIP","floor":12},{"not_picked":["Havoc","Sword Boomerang","Whirlwind"],"picked":"SKIP","floor":13},{"not_picked":["True Grit","Warcry"],"picked":"Feed","floor":14},{"not_picked":["Dark Embrace","Feed"],"picked":"Bludgeon","floor":16},{"not_picked":["Corruption+1","Entrench"],"picked":"Pummel","floor":18},{"not_picked":["Clash","Fire Breathing"],"picked":"Thunderclap","floor":20},{"not_picked":["True Grit+1","Pommel Strike"],"picked":"Armaments+1","floor":21},{"not_picked":["Infernal Blade+1","True Grit+1"],"picked":"Shrug It Off+1","floor":24},{"not_picked":["Feel No Pain","Shockwave+1"],"picked":"Clash","floor":25}],"player_experience":409306,"relics_obtained":[{"floor":10,"key":"Oddly Smooth Stone"},{"floor":11,"key":"Sundial"},{"floor":12,"key":"Torii"},{"floor":24,"key":"Bottled Tornado"},{"floor":26,"key":"Nunchaku"}],"event_choices":[{"damage_healed":0,"gold_gain":0,"player_choice":"Ignored","damage_taken":0,"max_hp_gain":0,"max_hp_loss":0,"event_name":"Liars Game","floor":2,"gold_loss":0},{"cards_removed":["Defend_R"],"damage_healed":0,"gold_gain":0,"player_choice":"Offered Basic","damage_taken":0,"max_hp_gain":0,"max_hp_loss":0,"event_name":"Bonfire Elementals","floor":3,"gold_loss":0},{"damage_healed":0,"gold_gain":0,"player_choice":"Entered Light","damage_taken":16,"max_hp_gain":0,"max_hp_loss":0,"event_name":"Shining Light","floor":7,"gold_loss":0,"cards_upgraded":["Strike_R","Bash"]},{"damage_healed":0,"gold_gain":0,"player_choice":"Opened","damage_taken":0,"relics_obtained":["Toxic Egg 2"],"max_hp_gain":0,"max_hp_loss":0,"event_name":"The Mausoleum","floor":19,"gold_loss":0}],"is_beta":false,"boss_relics":[{"not_picked":["Busted Crown","Sozu"],"picked":"Velvet Choker"}],"items_purged_floors":[22],"is_endless":false,"potions_floor_spawned":[4,10,14,16,21],"killed_by":"Snake Plant","ascension_level":0}