{"gold_per_floor":[114,129,144,144,17,17,55,74,99,137,137,137,175,75,75,200,200,219,69,88,33,52,52,52,52,52,71,71,90,109,147,147,272,272,291,291,341,360,360,379,379,417,417,455,474,493,23,42,42,42],"floor_reached":51,"playtime":3152,"items_purged":["Strike_B","Strike_B"],"score":821,"play_id":"36589d71-980e-4a1a-9f7b-49639b10a3cf","local_time":"20190518161446","daily_mods":["Specialized","Green Cards","Night Terrors"],"is_ascension_mode":false,"campfire_choices":[{"data":"Zap","floor":6.0,"key":"SMITH"},{"data":"Go for the Eyes","floor":11.0,"key":"SMITH"},{"data":"Chill","floor":15.0,"key":"SMITH"},{"data":"PiercingWail","floor":23.0,"key":"SMITH"},{"data":"Backflip","floor":32.0,"key":"SMITH"},{"data":"Burst","floor":41,"key":"SMITH"},{"data":"Footwork","floor":49,"key":"SMITH"}],"neow_cost":"","seed_source_timestamp":0,"circlet_count":0,"master_deck":["Defend_B","Defend_B","Defend_B","Zap+1","Dualcast","Die Die Die","Die Die Die","Die Die Die","Die Die Die","Die Die Die","Backflip+1","PiercingWail+1","Ball Lightning","Go for the Eyes+1","Chill+1","Unload","Conserve Battery+1","Glacier","Beam Cell+1","Tempest+1","Burst+1","Backflip+1","All For One+1","Acrobatics+1","Hologram","Darkness+1","Good Instincts","Deflect+1","Fission","Backflip+1","Fusion","Loop","Accuracy","Footwork+1"],"special_seed":18034,"relics":["Cracked Core","Golden Idol","Bag of Marbles","Ancient Tea Set","Pear","Bag of Preparation","Inserter","Anchor","Tiny Chest","Happy Flower","Spirit Poop","Letter Opener","Blood Vial","Astrolabe","Lantern","Calipers","The Courier","Smiling Mask","Torii"],"potions_floor_usage":[50,50,50],"damage_taken":[{"damage":6.0,"enemies":"Jaw Worm","floor":1.0,"turns":2.0},{"damage":0.0,"enemies":"2 Louse","floor":2.0,"turns":1.0},{"damage":0.0,"enemies":"Small Slimes","floor":3.0,"turns":2.0},{"damage":7.0,"enemies":"Gremlin Nob","floor":7.0,"turns":3.0},{"damage":0.0,"enemies":"2 Fungi Beasts","floor":8.0,"turns":1.0},{"damage":15.0,"enemies":"Lagavulin","floor":10.0,"turns":4.0},{"damage":11.0,"enemies":"Gremlin Nob","floor":13.0,"turns":3.0},{"damage":26.0,"enemies":"The Guardian","floor":16.0,"turns":10.0},{"damage":0.0,"enemies":"Shell Parasite","floor":18.0,"turns":1.0},{"damage":1.0,"enemies":"2 Thieves","floor":20.0,"turns":2.0},{"damage":4.0,"enemies":"Snake Plant","floor":22.0,"turns":3.0},{"damage":11.0,"enemies":"Sentry and Sphere","floor":27.0,"turns":4.0},{"damage":0.0,"enemies":"Shelled Parasite and Fungi","floor":29.0,"turns":2.0},{"damage":0.0,"enemies":"Centurion and Healer","floor":30.0,"turns":3.0},{"damage":12.0,"enemies":"Book of Stabbing","floor":31.0,"turns":6.0},{"damage":29.0,"enemies":"Automaton","floor":33.0,"turns":11.0},{"damage":0.0,"enemies":"3 Shapes","floor":35.0,"turns":1.0},{"damage":12.0,"enemies":"Orb Walker","floor":38.0,"turns":3.0},{"damage":0,"enemies":"Jaw Worm Horde","floor":40,"turns":2},{"damage":0,"enemies":"Nemesis","floor":42,"turns":5},{"damage":0,"enemies":"Reptomancer","floor":44,"turns":2},{"damage":0,"enemies":"Writhing Mass","floor":45,"turns":8},{"damage":0,"enemies":"3 Darklings","floor":46,"turns":2},{"damage":0,"enemies":"Jaw Worm Horde","floor":48,"turns":1},{"damage":34,"enemies":"Time Eater","floor":50,"turns":12}],"seed_played":"2607773541543886392","potions_obtained":[{"floor":1.0,"key":"SkillPotion"},{"floor":7.0,"key":"Ancient Potion"},{"floor":13.0,"key":"AttackPotion"},{"floor":16.0,"key":"Fire Potion"},{"floor":27.0,"key":"Regen Potion"},{"floor":40,"key":"PowerPotion"}],"is_trial":false,"path_per_floor":["M","M","M","?","$","R","E","M","T","E","R","?","E","$","R","B",null,"M","$","M","?","M","R","?","?","T","M","$","M","M","E","R","B",null,"M","?","T","M","?","M","R","E","T","E","M","M","$","M","R","B",null],"character_chosen":"DEFECT","items_purchased":["PiercingWail","Anchor","Loop","Torii","Accuracy","Footwork","SteroidPotion"],"campfire_rested":0,"item_purchase_floors":[5,19,47,47,47,47,47],"current_hp_per_floor":[69,69,69,51,51,51,44,44,44,39,39,44,33,33,33,7,90,90,90,89,89,85,85,85,85,85,74,74,74,74,77,77,50,90,90,85,85,73,63,65,65,67,67,69,71,73,73,75,75,43],"gold":42,"neow_bonus":"","is_prod":false,"is_daily":true,"chose_seed":false,"campfire_upgraded":7,"win_rate":0,"timestamp":1558192486,"path_taken":["M","M","M","?","$","R","E","M","T","E","R","?","E","?","R","BOSS","M","$","M","?","M","R","?","?","T","?","?","?","M","E","R","BOSS","M","?","?","M","?","M","R","E","T","E","?","M","$","M","R","BOSS"],"build_version":"2019-01-23","purchased_purges":2,"victory":true,"max_hp_per_floor":[75,75,75,75,75,75,75,75,75,85,85,90,90,90,90,90,90,90,90,90,90,90,90,90,90,90,90,90,90,90,90,90,90,90,90,85,85,85,85,85,85,85,85,85,85,85,85,85,85,85],"card_choices":[{"not_picked":["All Out Attack","Outmaneuver","Poisoned Stab"],"picked":"SKIP","floor":1.0},{"not_picked":["Bane","Deflect"],"picked":"Backflip","floor":2.0},{"not_picked":["Dagger Spray","Melter","Heatsinks"],"picked":"SKIP","floor":3.0},{"not_picked":["Slice","Flying Knee"],"picked":"Ball Lightning","floor":7.0},{"not_picked":["Barrage","Darkness","Eviscerate"],"picked":"SKIP","floor":8.0},{"not_picked":["Backflip","Capacitor"],"picked":"Go for the Eyes","floor":10.0},{"not_picked":["Leap","Prepared"],"picked":"Chill","floor":13.0},{"not_picked":["Electrodynamics","Envenom"],"picked":"Unload","floor":16.0},{"not_picked":["Flying Knee","All Out Attack","Slice"],"picked":"SKIP","floor":18.0},{"not_picked":["Rip and Tear","Dagger Spray"],"picked":"Conserve Battery+1","floor":20.0},{"not_picked":["Hologram","Calculated Gamble"],"picked":"Glacier","floor":22.0},{"not_picked":["Bane","Dagger Throw"],"picked":"Beam Cell+1","floor":27.0},{"not_picked":["Acrobatics","Dodge and Roll"],"picked":"Tempest+1","floor":29.0},{"not_picked":["Reflex","Masterful Stab","Bane"],"picked":"SKIP","floor":30.0},{"not_picked":["Underhanded Strike","Capacitor","Double Energy+1"],"picked":"SKIP","floor":31.0},{"not_picked":["Thunder Strike","All For One"],"picked":"Burst","floor":33.0},{"not_picked":["Dagger Throw","Stack"],"picked":"Hologram","floor":35.0},{"not_picked":["Dagger Spray","Slice"],"picked":"Darkness+1","floor":38},{"not_picked":["Metamorphosis","Madness"],"picked":"Good Instincts","floor":39},{"not_picked":["Slice","Sweeping Beam+1"],"picked":"Deflect+1","floor":40},{"not_picked":["Die Die Die","Reboot"],"picked":"Fission","floor":42},{"not_picked":["Underhanded Strike","Reprogram+1"],"picked":"Backflip+1","floor":44},{"not_picked":["Conserve Battery","Go for the Eyes","Cloak And Dagger+1"],"picked":"SKIP","floor":45},{"not_picked":["Fission","Dodge and Roll"],"picked":"Fusion","floor":46},{"not_picked":["Dagger Spray+1","Leap","Bane"],"picked":"SKIP","floor":48}],"player_experience":964501,"relics_obtained":[{"floor":7.0,"key":"Bag of Marbles"},{"floor":9.0,"key":"Ancient Tea Set"},{"floor":10.0,"key":"Pear"},{"floor":13.0,"key":"Bag of Preparation"},{"floor":26.0,"key":"Letter Opener"},{"floor":31.0,"key":"Blood Vial"},{"floor":37.0,"key":"Lantern"},{"floor":42,"key":"Calipers"},{"floor":43,"key":"The Courier"},{"floor":44,"key":"Smiling Mask"}],"event_choices":[{"damage_healed":0.0,"max_hp_gain":0.0,"max_hp_loss":0.0,"gold_gain":0.0,"event_name":"Golden Idol","player_choice":"Take Damage","floor":4.0,"gold_loss":0.0,"damage_taken":18.0,"relics_obtained":["Golden Idol"]},{"damage_healed":0.0,"max_hp_gain":5.0,"max_hp_loss":0.0,"gold_gain":0.0,"event_name":"Big Fish","player_choice":"Donut","floor":12.0,"gold_loss":0.0,"damage_taken":0.0},{"damage_healed":0.0,"max_hp_gain":0.0,"max_hp_loss":0.0,"gold_gain":0.0,"event_name":"Addict","player_choice":"Obtained Relic","floor":21.0,"gold_loss":85.0,"damage_taken":0.0,"relics_obtained":["Tiny Chest"]},{"damage_healed":0.0,"max_hp_gain":0.0,"max_hp_loss":0.0,"gold_gain":0.0,"event_name":"The Mausoleum","player_choice":"Opened","floor":24.0,"gold_loss":0.0,"damage_taken":0.0,"relics_obtained":["Happy Flower"],"cards_obtained":["Writhe"]},{"cards_removed":["Writhe"],"damage_healed":0.0,"max_hp_gain":0.0,"max_hp_loss":0.0,"gold_gain":0.0,"event_name":"Bonfire Elementals","player_choice":"Offered Curse","floor":25.0,"gold_loss":0.0,"damage_taken":0.0,"relics_obtained":["Spirit Poop"]},{"damage_healed":0.0,"max_hp_gain":0.0,"max_hp_loss":5.0,"gold_gain":0.0,"event_name":"Winding Halls","player_choice":"Max HP","floor":36.0,"gold_loss":0.0,"damage_taken":0.0},{"damage_healed":0,"gold_gain":0,"player_choice":"Memory 3","damage_taken":10,"max_hp_gain":0,"max_hp_loss":0,"event_name":"SensoryStone","floor":39,"gold_loss":0}],"is_beta":false,"boss_relics":[{"not_picked":["Snecko Eye","Calling Bell"],"picked":"Inserter"},{"not_picked":["White Beast Statue","Eternal Feather"],"picked":"Astrolabe"}],"items_purged_floors":[5,14],"is_endless":false,"potions_floor_spawned":[1,7,13,16,27,29,30,40,42,44,45],"ascension_level":0}