{"gold_per_floor":[116,116,136,149,27,27,127,127,127,145,145,171,33,50,50,121,121,139,139,153,6,6,6,40,58,58,85,184,195,45,60,60,60],"floor_reached":33,"playtime":1862,"items_purged":["Strike_G","Strike_G","Defend_G","Strike_G"],"score":437,"play_id":"4f68f578-0213-46a5-b61e-5798da812994","local_time":"20190728223459","is_ascension_mode":true,"campfire_choices":[{"data":"Neutralize","floor":6,"key":"SMITH"},{"data":"Cloak And Dagger","floor":8,"key":"SMITH"},{"data":"Predator","floor":11,"key":"SMITH"},{"data":"Acrobatics","floor":15,"key":"SMITH"},{"data":"Prepared","floor":23,"key":"SMITH"},{"data":"Noxious Fumes","floor":32,"key":"SMITH"}],"neow_cost":"NONE","seed_source_timestamp":632231567679000,"circlet_count":0,"master_deck":["AscendersBane","Strike_G","Defend_G","Defend_G","Defend_G","Defend_G","Survivor","Neutralize+1","Cloak And Dagger+1","Predator+1","Quick Slash","Backflip","Dagger Spray","Acrobatics+1","Well Laid Plans","Underhanded Strike","Adrenaline","Prepared+1","PiercingWail","Deflect","Caltrops+1","Noxious Fumes+1","Leg Sweep","Blur"],"relics":["Lizard Tail","Pear","Turnip","Coffee Dripper","Pen Nib","Shuriken","Oddly Smooth Stone"],"potions_floor_usage":[16,16,20,24,25],"damage_taken":[{"damage":6,"enemies":"2 Louse","floor":1,"turns":4},{"damage":1,"enemies":"Small Slimes","floor":3,"turns":4},{"damage":2,"enemies":"Cultist","floor":4,"turns":4},{"damage":0,"enemies":"Large Slime","floor":10,"turns":5},{"damage":17,"enemies":"3 Sentries","floor":12,"turns":11},{"damage":8,"enemies":"Blue Slaver","floor":14,"turns":4},{"damage":30,"enemies":"Slime Boss","floor":16,"turns":13},{"damage":0,"enemies":"3 Byrds","floor":18,"turns":5},{"damage":12,"enemies":"2 Thieves","floor":20,"turns":4},{"damage":43,"enemies":"Slavers","floor":24,"turns":8},{"damage":24,"enemies":"Snake Plant","floor":25,"turns":4},{"damage":9,"enemies":"Sentry and Sphere","floor":29,"turns":6},{"damage":0,"enemies":"Snecko","floor":31,"turns":4},{"damage":18,"enemies":"Champ","floor":33,"turns":10}],"seed_played":"-3797609065242787673","potions_obtained":[{"floor":12,"key":"Energy Potion"},{"floor":14,"key":"Block Potion"},{"floor":16,"key":"Energy Potion"},{"floor":18,"key":"Explosive Potion"},{"floor":24,"key":"Strength Potion"}],"is_trial":false,"path_per_floor":["M","?","M","M","$","R","?","R","T","M","R","E","$","M","R","B",null,"M","?","M","$","?","R","E","M","T","T","?","M","$","M","R","B"],"character_chosen":"THE_SILENT","items_purchased":["Backflip","Well Laid Plans","Deflect"],"campfire_rested":0,"item_purchase_floors":[5,13,21],"current_hp_per_floor":[57,50,49,47,47,47,47,47,57,57,57,40,40,32,32,2,61,61,61,49,49,49,49,6,24,24,24,24,15,15,15,15,0],"gold":60,"neow_bonus":"BOSS_RELIC","is_prod":false,"is_daily":false,"chose_seed":false,"campfire_upgraded":6,"win_rate":0,"timestamp":1564367699,"path_taken":["M","?","M","M","$","R","?","R","T","M","R","E","$","M","R","BOSS","M","?","M","$","?","R","E","M","T","?","?","?","$","M","R","BOSS"],"build_version":"2019-07-17","purchased_purges":4,"victory":false,"max_hp_per_floor":[70,70,70,70,70,70,70,70,80,80,80,80,80,80,80,80,80,80,80,80,80,80,80,80,80,80,80,80,80,80,80,80,80],"card_choices":[{"not_picked":["Quick Slash","Acrobatics"],"picked":"Cloak And Dagger","floor":1},{"not_picked":["Cloak And Dagger","Underhanded Strike"],"picked":"Predator","floor":3},{"not_picked":["Heel Hook","Finisher"],"picked":"Quick Slash","floor":4},{"not_picked":["Accuracy","Sucker Punch"],"picked":"Dagger Spray","floor":10},{"not_picked":["Heel Hook","Deadly Poison"],"picked":"Acrobatics","floor":12},{"not_picked":["Deadly Poison","Riddle With Holes"],"picked":"Underhanded Strike","floor":14},{"not_picked":["Wraith Form v2","Doppelganger"],"picked":"Adrenaline","floor":16},{"not_picked":["Bane","Dodge and Roll"],"picked":"Prepared","floor":18},{"not_picked":["Poisoned Stab","Cloak And Dagger"],"picked":"PiercingWail","floor":20},{"not_picked":["Cloak And Dagger","Endless Agony"],"picked":"Caltrops+1","floor":24},{"not_picked":["Skewer","Backstab+1"],"picked":"Noxious Fumes","floor":25},{"not_picked":["Venomology","Blade Dance+1"],"picked":"Leg Sweep","floor":29},{"not_picked":["Bouncing Flask+1","Deadly Poison"],"picked":"Blur","floor":31}],"player_experience":572681,"relics_obtained":[{"floor":9,"key":"Pear"},{"floor":12,"key":"Turnip"},{"floor":24,"key":"Pen Nib"},{"floor":26,"key":"Shuriken"},{"floor":27,"key":"Oddly Smooth Stone"}],"event_choices":[{"cards_removed":["Strike_G"],"damage_healed":0,"gold_gain":0,"player_choice":"Card Removal","damage_taken":7,"max_hp_gain":0,"max_hp_loss":0,"event_name":"Golden Wing","floor":2,"gold_loss":0},{"damage_healed":0,"gold_gain":100,"player_choice":"Pray","damage_taken":0,"max_hp_gain":0,"max_hp_loss":0,"event_name":"Golden Shrine","floor":7,"gold_loss":0},{"damage_healed":0,"gold_gain":0,"player_choice":"Ignored","damage_taken":0,"max_hp_gain":0,"max_hp_loss":0,"event_name":"Cursed Tome","floor":19,"gold_loss":0},{"damage_healed":0,"gold_gain":99,"player_choice":"Stole From Cult","damage_taken":0,"max_hp_gain":0,"max_hp_loss":0,"event_name":"Nest","floor":28,"gold_loss":0}],"is_beta":false,"boss_relics":[{"not_picked":["Calling Bell","Astrolabe"],"picked":"Coffee Dripper"}],"items_purged_floors":[5,13,21,30],"is_endless":false,"potions_floor_spawned":[12,14,16,18,24],"killed_by":"Champ","ascension_level":13}