{"gold_per_floor":[112,112,62,62,74,103,103,103,176,203,214,261,261,276,276,373,373,386,17,30,30,50,75,75,104,104,133,133,153,166,191,191,292,292,310,310,50,64,76,106,106,106,156,167,167,167,183,215,215,215],"floor_reached":51,"playtime":5431,"items_purged":["Strike_G"],"score":929,"play_id":"fae2fcea-235f-42b7-815b-08f3e5ce6e36","local_time":"20190814182300","is_ascension_mode":true,"campfire_choices":[{"data":"Neutralize","floor":7.0,"key":"SMITH"},{"data":"Concentrate","floor":13.0,"key":"SMITH"},{"floor":15.0,"key":"REST"},{"floor":24,"key":"REST"},{"data":"Envenom","floor":28,"key":"SMITH"},{"floor":32,"key":"REST"},{"floor":46,"key":"REST"},{"data":"Skewer","floor":49,"key":"SMITH"}],"neow_cost":"NONE","seed_source_timestamp":0,"circlet_count":0,"master_deck":["Strike_G+1","Strike_G+1","Defend_G+1","Defend_G+1","Defend_G+1","Defend_G+1","Survivor","Neutralize+1","Die Die Die","All Out Attack","PiercingWail","Skewer+1","Backflip+1","Concentrate+1","Outmaneuver","Envenom+1","Backflip","Dash+1","Heel Hook+1","Tactician","Dodge and Roll+1","Heel Hook+1","Reflex+1","Sucker Punch+1","Leg Sweep","Parasite","Pain"],"special_seed":0,"relics":["Ring of the Serpent","Boot","Ninja Scroll","Kunai","Pear","War Paint","Pantograph","Molten Egg 2","Regal Pillow","Oddly Smooth Stone","Red Mask","The Courier","Busted Crown","Vajra","Bag of Marbles","Paper Crane","WarpedTongs","Pen Nib","Letter Opener"],"potions_floor_usage":[31,33,40],"damage_taken":[{"damage":0.0,"enemies":"Cultist","floor":1.0,"turns":3.0},{"damage":1.0,"enemies":"Jaw Worm","floor":5.0,"turns":2.0},{"damage":33.0,"enemies":"Gremlin Nob","floor":6.0,"turns":5.0},{"damage":10.0,"enemies":"3 Sentries","floor":10.0,"turns":5.0},{"damage":0.0,"enemies":"2 Louse","floor":11.0,"turns":1.0},{"damage":0.0,"enemies":"Blue Slaver","floor":14.0,"turns":2.0},{"damage":39.0,"enemies":"The Guardian","floor":16.0,"turns":18.0},{"damage":6.0,"enemies":"3 Byrds","floor":18.0,"turns":4.0},{"damage":9.0,"enemies":"Shell Parasite","floor":20.0,"turns":7.0},{"damage":0.0,"enemies":"Chosen and Byrds","floor":22.0,"turns":4.0},{"damage":19,"enemies":"Slavers","floor":23,"turns":7},{"damage":1,"enemies":"Book of Stabbing","floor":25,"turns":7},{"damage":7,"enemies":"Masked Bandits","floor":27,"turns":5},{"damage":0,"enemies":"Centurion and Healer","floor":29,"turns":7},{"damage":0,"enemies":"3 Cultists","floor":30,"turns":4},{"damage":29,"enemies":"Gremlin Leader","floor":31,"turns":7},{"damage":34,"enemies":"Collector","floor":33,"turns":11},{"damage":4,"enemies":"3 Shapes","floor":35,"turns":5},{"damage":15,"enemies":"3 Darklings","floor":38,"turns":4},{"damage":9,"enemies":"Writhing Mass","floor":39,"turns":8},{"damage":29,"enemies":"Reptomancer","floor":40,"turns":7},{"damage":3,"enemies":"Maw","floor":44,"turns":7},{"damage":3,"enemies":"3 Darklings","floor":47,"turns":4},{"damage":12,"enemies":"Giant Head","floor":48,"turns":9},{"damage":43,"enemies":"Donu and Deca","floor":50,"turns":14}],"seed_played":"5538465518847585745","potions_obtained":[{"floor":1.0,"key":"Explosive Potion"},{"floor":6.0,"key":"FairyPotion"},{"floor":18.0,"key":"Regen Potion"},{"floor":31,"key":"SkillPotion"},{"floor":35,"key":"GamblersBrew"},{"floor":48,"key":"SkillPotion"}],"is_trial":false,"path_per_floor":["M","$","?","?","M","E","R","?","T","E","M","T","R","M","R","B",null,"M","$","M","?","M","E","R","E","T","?","R","M","M","E","R","B",null,"M","?","$","M","M","E","?","?","T","M","?","R","M","E","R","B",null],"character_chosen":"THE_SILENT","items_purchased":["Pantograph","Backflip","Vajra","Leg Sweep","Bag of Marbles"],"campfire_rested":4,"item_purchase_floors":[19,19,37,37,37],"current_hp_per_floor":[70,70,70,63,62,29,29,29,29,29,29,29,29,29,53,14,64,58,58,49,49,49,30,54,53,53,46,46,46,46,17,56,46,72,68,68,68,53,44,29,29,29,29,26,26,65,62,50,50,32],"gold":215,"neow_bonus":"ONE_RANDOM_RARE_CARD","is_prod":false,"is_daily":false,"chose_seed":false,"campfire_upgraded":4,"win_rate":0,"timestamp":1565796180,"path_taken":["M","?","?","?","M","E","R","?","T","E","?","?","R","M","R","BOSS","M","$","?","?","M","E","R","E","T","?","R","M","M","E","R","BOSS","M","?","?","M","M","E","?","?","T","?","?","R","M","E","R","BOSS"],"build_version":"2019-07-17","purchased_purges":1,"victory":true,"max_hp_per_floor":[70,70,70,70,70,70,70,70,70,80,80,80,80,80,80,80,80,80,80,80,80,80,80,80,80,80,80,80,80,80,80,80,80,80,80,80,80,80,80,80,80,80,80,80,80,80,80,80,80,80],"card_choices":[{"not_picked":["Escape Plan","Quick Slash"],"picked":"All Out Attack","floor":1.0},{"not_picked":["Infinite Blades","Bane"],"picked":"PiercingWail","floor":5.0},{"not_picked":["Underhanded Strike","Catalyst"],"picked":"Skewer","floor":6.0},{"not_picked":["Acrobatics","Quick Slash"],"picked":"Backflip","floor":10.0},{"not_picked":["Quick Slash","Poisoned Stab"],"picked":"Concentrate","floor":11.0},{"not_picked":["Finisher","Concentrate"],"picked":"Outmaneuver","floor":14.0},{"not_picked":["Bullet Time","Storm of Steel"],"picked":"Envenom","floor":16.0},{"not_picked":["Skewer","Slice","Masterful Stab"],"picked":"SKIP","floor":18.0},{"not_picked":["Dagger Throw+1","Blade Dance+1"],"picked":"Dash+1","floor":20.0},{"not_picked":["Eviscerate","Poisoned Stab","Flying Knee"],"picked":"SKIP","floor":22},{"not_picked":["Underhanded Strike","Venomology"],"picked":"Heel Hook","floor":23},{"not_picked":["Quick Slash+1","Caltrops"],"picked":"Tactician","floor":25},{"not_picked":["Sucker Punch+1","Blur"],"picked":"Dodge and Roll+1","floor":29},{"not_picked":["Outmaneuver","Slice+1"],"picked":"Heel Hook+1","floor":30},{"not_picked":["Deadly Poison+1","Dagger Spray+1"],"picked":"Reflex+1","floor":31},{"not_picked":[],"picked":"Sucker Punch+1","floor":35},{"not_picked":["Deflect"],"picked":"SKIP","floor":38},{"not_picked":["Calculated Gamble+1"],"picked":"SKIP","floor":39},{"not_picked":["Quick Slash+1"],"picked":"SKIP","floor":40},{"not_picked":["Setup"],"picked":"SKIP","floor":44},{"not_picked":["Dagger Spray+1"],"picked":"SKIP","floor":47},{"not_picked":["Riddle With Holes+1"],"picked":"SKIP","floor":48}],"player_experience":172329,"relics_obtained":[{"floor":6.0,"key":"Ninja Scroll"},{"floor":9.0,"key":"Kunai"},{"floor":10.0,"key":"Pear"},{"floor":12.0,"key":"War Paint"},{"floor":23,"key":"Molten Egg 2"},{"floor":25,"key":"Regal Pillow"},{"floor":26,"key":"Oddly Smooth Stone"},{"floor":27,"key":"Red Mask"},{"floor":31,"key":"The Courier"},{"floor":40,"key":"Paper Crane"},{"floor":43,"key":"Pen Nib"},{"floor":48,"key":"Letter Opener"}],"event_choices":[{"cards_removed":["Strike_G"],"damage_healed":0.0,"max_hp_gain":0.0,"max_hp_loss":0.0,"gold_gain":0.0,"event_name":"The Cleric","player_choice":"Card Removal","floor":3.0,"gold_loss":50.0,"damage_taken":0.0},{"damage_healed":0.0,"max_hp_gain":0.0,"max_hp_loss":0.0,"gold_gain":0.0,"event_name":"Scrap Ooze","player_choice":"Success","floor":4.0,"gold_loss":0.0,"damage_taken":7.0,"relics_obtained":["Boot"]},{"damage_healed":0.0,"max_hp_gain":0.0,"max_hp_loss":0.0,"gold_gain":0.0,"event_name":"Dead Adventurer","player_choice":"Searched \u00271\u0027 times","floor":8.0,"gold_loss":0.0,"damage_taken":0.0},{"damage_healed":0.0,"max_hp_gain":0.0,"max_hp_loss":0.0,"gold_gain":0.0,"event_name":"Back to Basics","player_choice":"Simplicity","floor":21.0,"gold_loss":0.0,"damage_taken":0.0,"cards_upgraded":["Strike_G","Strike_G","Strike_G","Defend_G","Defend_G","Defend_G","Defend_G"]},{"damage_healed":0,"gold_gain":0,"player_choice":"Fought Bandits","damage_taken":0,"max_hp_gain":0,"max_hp_loss":0,"event_name":"Masked Bandits","floor":27,"gold_loss":0},{"cards_removed":["Defend_G"],"damage_healed":0,"gold_gain":0,"player_choice":"Purged","damage_taken":0,"max_hp_gain":0,"max_hp_loss":0,"event_name":"Purifier","floor":36,"gold_loss":0},{"damage_healed":0,"gold_gain":0,"player_choice":"Ignored","damage_taken":0,"max_hp_gain":0,"max_hp_loss":0,"event_name":"Tomb of Lord Red Mask","floor":41,"gold_loss":0},{"damage_healed":0,"gold_gain":0,"player_choice":"Rummage","damage_taken":0,"relics_obtained":["WarpedTongs"],"max_hp_gain":0,"max_hp_loss":0,"event_name":"Accursed Blacksmith","floor":42,"gold_loss":0,"cards_obtained":["Pain"]},{"cards_removed":["Strike_G"],"damage_healed":0,"gold_gain":0,"player_choice":"Removed Attack","damage_taken":0,"max_hp_gain":0,"max_hp_loss":0,"event_name":"Falling","floor":45,"gold_loss":0}],"is_beta":false,"boss_relics":[{"not_picked":["Orrery","Philosopher\u0027s Stone"],"picked":"Ring of the Serpent"},{"not_picked":["White Beast Statue","Pandora\u0027s Box"],"picked":"Busted Crown"}],"items_purged_floors":[19],"is_endless":false,"potions_floor_spawned":[1,6,18,20,25,29,31,35,48],"ascension_level":5}