{"path_per_floor":["M","M","?","?","M","M","M","R","T","T","?","M","?","?","R","B",null,"M","M","?","$","M","R","?","R","T","R","M","M","$","?","R"],"character_chosen":"THE_SILENT","items_purchased":[],"gold_per_floor":[118,138,138,213,232,250,268,268,268,268,331,345,295,295,295,391,391,391,391,316,241,241,241,241,241,241,241,241,241,141,141,141,141],"floor_reached":33,"campfire_rested":2,"playtime":2903,"item_purchase_floors":[],"current_hp_per_floor":[61,59,59,48,47,57,57,57,57,57,28,21,21,21,44,4,59,47,45,45,45,33,33,17,40,40,40,38,35,35,35,35,0],"items_purged":["Defend_G","Defend_G"],"gold":141,"score":320,"play_id":"eb66dea4-fe7a-4b3b-9b6a-b283bd1dc97e","local_time":"20180602003810","is_prod":false,"is_daily":false,"chose_seed":false,"is_ascension_mode":true,"campfire_upgraded":4,"win_rate":0,"timestamp":1527896290,"campfire_choices":[{"data":"Neutralize","floor":8,"key":"SMITH"},{"floor":15,"key":"REST"},{"data":"Glass Knife","floor":23,"key":"SMITH"},{"floor":25,"key":"REST"},{"data":"Survivor","floor":27,"key":"SMITH"},{"data":"Malaise","floor":32,"key":"SMITH"}],"path_taken":["M","M","?","?","?","M","M","R","T","?","?","?","?","?","R","BOSS","M","M","?","$","M","R","?","R","T","R","?","?","?","?","R","BOSS"],"build_version":"2018-05-31","seed_source_timestamp":1558556479801012,"purchased_purges":2,"victory":false,"master_deck":["Defend_G","Defend_G","Defend_G","Strike_G","Strike_G","Survivor+1","Neutralize+1","Escape Plan","Cloak And Dagger","Heel Hook","Sucker Punch","Quick Slash","Flying Knee","Glass Knife+1","Heel Hook","Malaise+1","Dash+1"],"max_hp_per_floor":[70,70,70,70,70,70,70,70,70,70,77,77,77,77,77,77,77,77,77,77,77,77,77,77,77,77,77,77,77,77,77,77,77],"relics":["Ring of the Snake","Oddly Smooth Stone","Omamori","Tingsha","Strawberry","Ectoplasm","Necronomicon","Anchor","Question Card"],"card_choices":[{"not_picked":["Sucker Punch","Accuracy"],"picked":"Escape Plan","floor":1},{"not_picked":["Concentrate","Catalyst"],"picked":"Cloak And Dagger","floor":2},{"not_picked":["Acrobatics","Slice"],"picked":"Heel Hook","floor":5},{"not_picked":["Sucker Punch","Acrobatics","Skewer"],"picked":"SKIP","floor":6},{"not_picked":["Riddle With Holes","Dodge and Roll"],"picked":"Sucker Punch","floor":7},{"not_picked":["Masterful Stab","Wraith Form v2"],"picked":"Quick Slash","floor":11},{"not_picked":["Reflex","All Out Attack"],"picked":"Flying Knee","floor":12},{"not_picked":["Storm of Steel","Corpse Explosion"],"picked":"Glass Knife","floor":16},{"not_picked":["Endless Agony","Dagger Throw","Well Laid Plans"],"picked":"SKIP","floor":18},{"not_picked":["Backflip","Flying Knee"],"picked":"Heel Hook","floor":19},{"not_picked":["Dagger Throw+1","Catalyst","Sucker Punch+1"],"picked":"SKIP","floor":22},{"not_picked":["Concentrate+1","Poisoned Stab"],"picked":"Malaise","floor":28},{"not_picked":["Acrobatics+1","Riddle With Holes+1"],"picked":"Dash+1","floor":29}],"player_experience":259640,"potions_floor_usage":[6,6,12,33,33],"damage_taken":[{"damage":2,"enemies":"Small Slimes","floor":1,"turns":4},{"damage":2,"enemies":"Cultist","floor":2,"turns":4},{"damage":1,"enemies":"Jaw Worm","floor":5,"turns":6},{"damage":2,"enemies":"Looter","floor":6,"turns":4},{"damage":0,"enemies":"Blue Slaver","floor":7,"turns":6},{"damage":36,"enemies":"Gremlin Nob","floor":11,"turns":5},{"damage":7,"enemies":"Lots of Slimes","floor":12,"turns":4},{"damage":40,"enemies":"The Guardian","floor":16,"turns":17},{"damage":12,"enemies":"Spheric Guardian","floor":18,"turns":4},{"damage":2,"enemies":"3 Byrds","floor":19,"turns":6},{"damage":12,"enemies":"3 Cultists","floor":22,"turns":6},{"damage":2,"enemies":"Slaver and Parasite","floor":28,"turns":7},{"damage":3,"enemies":"Snake Plant","floor":29,"turns":7},{"damage":36,"enemies":"Champ","floor":33,"turns":10}],"relics_obtained":[{"floor":9,"key":"Omamori"},{"floor":10,"key":"Tingsha"},{"floor":11,"key":"Strawberry"},{"floor":24,"key":"Necronomicon"},{"floor":26,"key":"Anchor"}],"event_choices":[{"event_name":"The Woman in Blue","player_choice":"Bought 0 Potions","floor":3,"damage_taken":0},{"event_name":"World of Goop","player_choice":"Gather Gold","floor":4,"damage_taken":0},{"event_name":"Dead Adventurer","player_choice":"Searched \u00272\u0027 times","floor":11,"damage_taken":0},{"event_name":"The Cleric","player_choice":"Card Removal","floor":13,"damage_taken":0},{"event_name":"Living Wall","player_choice":"Forget","floor":14,"damage_taken":0},{"event_name":"Beggar","player_choice":"Gave Gold","floor":20,"damage_taken":0},{"event_name":"Cursed Tome","player_choice":"Obtained Book","floor":24,"damage_taken":0},{"event_name":"The Mausoleum","player_choice":"Yes","floor":31,"damage_taken":0}],"boss_relics":[{"not_picked":["Orrery","Philosopher\u0027s Stone"],"picked":"Ectoplasm"}],"items_purged_floors":[21,30],"potions_floor_spawned":[2,5,11,16,19,29],"seed_played":"-5720724424340996661","killed_by":"Champ","ascension_level":7,"potions_obtained":[{"floor":2,"key":"FearPotion"},{"floor":5,"key":"Regen Potion"},{"floor":11,"key":"LiquidBronze"},{"floor":16,"key":"Dexterity Potion"},{"floor":19,"key":"PowerPotion"},{"floor":29,"key":"Weak Potion"}],"is_trial":false}