{"path_per_floor":["M","M","?","M","?","E","R","$","T","M","E","M","E","M","R","B",null,"M","M","?","?","M","E","M","E","T","R","M","?","?","M","R","B",null,"M","M","?","$","?","E","R","M","T","M","M","?","?","M","R"],"character_chosen":"IRONCLAD","items_purchased":["Bottled Tornado","Matryoshka","Whetstone","Shrug It Off"],"gold_per_floor":[112,129,129,145,145,186,186,186,186,205,244,269,300,320,320,448,448,468,493,493,493,516,550,573,607,630,630,654,654,654,668,668,798,798,814,835,835,79,140,178,178,201,201,222,242,242,242,267,267],"floor_reached":50,"campfire_rested":2,"playtime":10314,"current_hp_per_floor":[79,80,60,66,66,31,31,31,31,36,11,9,11,17,56,34,80,80,77,77,61,63,51,56,39,39,78,76,76,76,60,60,54,80,77,80,70,70,63,58,70,57,57,49,48,48,48,57,69],"items_purged":["Madness"],"gold":267,"play_id":"0cf28620-73f9-421e-89d8-3dd56b74d238","is_prod":false,"is_daily":false,"is_ascension_mode":false,"campfire_upgraded":4,"path_taken":["M","M","?","M","?","E","R","$","T","M","E","M","E","M","R","BOSS","M","M","?","?","M","E","M","E","T","R","M","?","?","M","R","BOSS","M","M","?","$","?","E","R","M","T","M","M","?","?","M","R","BOSS"],"build_version":"2018-02-01-PROD1","purchased_purges":1,"victory":false,"master_deck":["Strike_R+1","Strike_R+1","Strike_R+1","Strike_R+1","Defend_R+1","Defend_R+1","Defend_R+1","Defend_R+1","Bash+1","Dual Wield+1","Rampage+1","Warcry+1","Fiend Fire","Armaments+1","Impervious","Corruption","Twin Strike+1","Shockwave+1","Blood for Blood+1","Fire Breathing","Body Slam","Bludgeon","Necronomicurse","Inflame+1","Barricade","Metallicize+1","Madness","Shrug It Off","Dark Embrace","Inflame+1","Warcry+1","Twin Strike","Bash","Whirlwind+1"],"max_hp_per_floor":[80,80,80,80,80,80,80,80,80,80,80,80,80,80,80,80,80,80,80,80,80,80,80,80,80,80,80,80,80,80,80,80,80,80,80,80,80,80,80,80,80,80,80,80,80,80,80,80,80],"relics":["Burning Blood","Golden Idol","Juzu Bracelet","Red Skull","Happy Flower","Regal Pillow","Snecko Eye","Necronomicon","Ornamental Fan","Orichalcum","War Paint","Eternal Feather","Bottled Tornado","Matryoshka","Whetstone","Meat on the Bone","Lantern","Shuriken"],"card_choices":[{"not_picked":["Intimidate","Body Slam"],"picked":"Dual Wield"},{"not_picked":["Intimidate","Sword Boomerang"],"picked":"Rampage"},{"not_picked":["Sword Boomerang","Double Tap"],"picked":"Warcry"},{"not_picked":["Anger","Pommel Strike"],"picked":"Fiend Fire"},{"not_picked":["Clothesline","Twin Strike"],"picked":"Armaments"},{"not_picked":["Juggernaut","Bludgeon"],"picked":"Impervious"},{"not_picked":["Flex","Rupture"],"picked":"Corruption"},{"not_picked":["Combust","Dual Wield"],"picked":"Twin Strike"},{"not_picked":["Iron Wave","Pommel Strike"],"picked":"Shockwave"},{"not_picked":["Warcry","Armaments"],"picked":"Blood for Blood"},{"not_picked":["Dual Wield","True Grit"],"picked":"Fire Breathing"},{"not_picked":["Anger","Cleave"],"picked":"Body Slam"},{"not_picked":["Blood for Blood","Infernal Blade"],"picked":"Bludgeon"},{"not_picked":["Intimidate","Shrug It Off"],"picked":"Inflame"},{"not_picked":["Bludgeon","Juggernaut"],"picked":"Barricade"},{"not_picked":["Rampage","Armaments"],"picked":"Metallicize"},{"not_picked":["Bloodletting","Warcry"],"picked":"Dark Embrace"},{"not_picked":["Infernal Blade","Iron Wave"],"picked":"Inflame"},{"not_picked":["Body Slam","Cleave"],"picked":"Warcry"},{"not_picked":["Pummel","Sword Boomerang"],"picked":"Whirlwind"}],"player_experience":0,"potions_floor_usage":[10,13,13,14,25,33,42,45,48,50],"damage_taken":[{"damage":7,"enemies":"2 Louse","floor":1,"turns":3},{"damage":1,"enemies":"Cultist","floor":2,"turns":3},{"damage":0,"enemies":"Small Slimes","floor":4,"turns":3},{"damage":41,"enemies":"3 Sentries","floor":6,"turns":9},{"damage":1,"enemies":"2 Fungi Beasts","floor":10,"turns":3},{"damage":31,"enemies":"Lagavulin","floor":11,"turns":4},{"damage":8,"enemies":"Lots of Slimes","floor":12,"turns":4},{"damage":4,"enemies":"Gremlin Nob","floor":13,"turns":3},{"damage":0,"enemies":"Gremlin Gang","floor":14,"turns":3},{"damage":28,"enemies":"The Guardian","floor":16,"turns":9},{"damage":0,"enemies":"Chosen","floor":18,"turns":4},{"damage":9,"enemies":"3 Byrds","floor":19,"turns":6},{"damage":4,"enemies":"Centurion and Healer","floor":22,"turns":4},{"damage":18,"enemies":"Book of Stabbing","floor":23,"turns":5},{"damage":1,"enemies":"Snecko","floor":24,"turns":4},{"damage":23,"enemies":"Slavers","floor":25,"turns":5},{"damage":8,"enemies":"Snake Plant","floor":28,"turns":4},{"damage":22,"enemies":"Slaver and Parasite","floor":31,"turns":3},{"damage":12,"enemies":"Champ","floor":33,"turns":7},{"damage":9,"enemies":"3 Darklings","floor":35,"turns":3},{"damage":2,"enemies":"Orb Walker","floor":36,"turns":3},{"damage":13,"enemies":"Mysterious Sphere","floor":39,"turns":6},{"damage":11,"enemies":"Nemesis","floor":40,"turns":10},{"damage":19,"enemies":"4 Shapes","floor":42,"turns":5},{"damage":14,"enemies":"3 Darklings","floor":44,"turns":4},{"damage":7,"enemies":"Maw","floor":45,"turns":5},{"damage":9,"enemies":"Sphere and 2 Shapes","floor":48,"turns":5},{"damage":71,"enemies":"Awakened One","floor":50,"turns":5}],"event_choices":[{"event_name":"Golden Idol","player_choice":"Take Damage","floor":3,"damage_taken":0},{"event_name":"Liars Game","player_choice":"disagreed","floor":5,"damage_taken":0},{"event_name":"Purifier","player_choice":"One Purge","floor":20,"damage_taken":0},{"event_name":"Cursed Tome","player_choice":"Obtained Book","floor":21,"damage_taken":0},{"event_name":"Back to Basics","player_choice":"Simplicity","floor":29,"damage_taken":0},{"event_name":"Fountain of Cleansing","player_choice":"Removed Curse","floor":30,"damage_taken":0},{"event_name":"Winding Halls","player_choice":"Embrace Madness","floor":37,"damage_taken":0},{"event_name":"Mysterious Sphere","player_choice":"Fight","floor":39,"damage_taken":0},{"event_name":"Tomb of Lord Red Mask","player_choice":"Ignored","floor":46,"damage_taken":0},{"event_name":"Match and Keep!","player_choice":"2 cards matched","floor":47,"damage_taken":0}],"boss_relics":[{"not_picked":["Runic Dome","Ectoplasm"],"picked":"Snecko Eye"},{"not_picked":["Velvet Choker","Runic Pyramid"],"picked":"Eternal Feather"}],"potions_floor_spawned":[1,2,10,11,16,18,22,23,25,31,36,39,44],"seed_played":"-6901825606874121786","killed_by":"Awakened One","ascension_level":0,"is_trial":false}