{"gold_per_floor":[215,12,32,32,50,50,78,96,96,96,96,96,160,175,175,277,277,293,139,207,221,271,271,291,341,341,341,391,391,405,455,455,455],"floor_reached":33,"playtime":1732,"items_purged":["Strike_B","Strike_B"],"score":297,"play_id":"32caf910-7d2f-4e3b-a654-5403db0b7e1d","local_time":"20190817172520","is_ascension_mode":false,"campfire_choices":[{"data":"Zap","floor":6,"key":"SMITH"},{"data":"Loop","floor":10,"key":"SMITH"},{"data":"Lockon","floor":12,"key":"SMITH"},{"floor":15,"key":"REST"},{"data":"Creative AI","floor":23,"key":"SMITH"},{"data":"Double Energy","floor":27,"key":"SMITH"},{"floor":29,"key":"REST"},{"floor":32,"key":"REST"}],"neow_cost":"NONE","seed_source_timestamp":158215870000300,"circlet_count":0,"master_deck":["Defend_B","Defend_B","Defend_B","Defend_B","Zap+1","Dualcast","Darkness","Enlightenment","Lockon+1","Loop+1","BootSequence","Ball Lightning","Auto Shields","Hologram","Double Energy+1","Creative AI+1","Storm","Cold Snap+1","Leap+1","Bite","Bite","Bite","PanicButton","Panacea","Strike_B"],"relics":["Cracked Core","Smiling Mask","Centennial Puzzle","SsserpentHead","Cursed Key","Toxic Egg 2"],"potions_floor_usage":[16,16,16,20,24],"damage_taken":[{"damage":5,"enemies":"Small Slimes","floor":1,"turns":3},{"damage":7,"enemies":"2 Louse","floor":3,"turns":3},{"damage":0,"enemies":"Cultist","floor":5,"turns":3},{"damage":23,"enemies":"Gremlin Nob","floor":7,"turns":4},{"damage":9,"enemies":"Gremlin Gang","floor":8,"turns":5},{"damage":0,"enemies":"Exordium Wildlife","floor":13,"turns":3},{"damage":5,"enemies":"Looter","floor":14,"turns":3},{"damage":0,"enemies":"Slime Boss","floor":16,"turns":5},{"damage":6,"enemies":"Shell Parasite","floor":18,"turns":4},{"damage":25,"enemies":"2 Thieves","floor":20,"turns":4},{"damage":9,"enemies":"Snake Plant","floor":21,"turns":4},{"damage":11,"enemies":"Snecko","floor":24,"turns":5},{"damage":4,"enemies":"Cultist and Chosen","floor":30,"turns":5},{"damage":74,"enemies":"Collector","floor":33,"turns":9}],"seed_played":"-6407314254578363067","potions_obtained":[{"floor":1,"key":"Ancient Potion"},{"floor":5,"key":"Dexterity Potion"},{"floor":8,"key":"FocusPotion"},{"floor":14,"key":"Strength Potion"},{"floor":21,"key":"Poison Potion"}],"is_trial":false,"path_per_floor":["M","$","M","?","M","R","E","M","T","R","?","R","M","M","R","B",null,"M","$","M","M","?","R","M","?","T","R","?","R","M","?","R","B"],"character_chosen":"DEFECT","items_purchased":["Enlightenment","Lockon","Fruit Juice"],"campfire_rested":3,"item_purchase_floors":[2,2,19],"current_hp_per_floor":[70,70,63,63,63,63,40,31,31,31,31,31,31,26,48,48,75,69,69,49,40,40,40,35,35,35,35,26,44,44,44,61,0],"gold":455,"neow_bonus":"HUNDRED_GOLD","is_prod":false,"is_daily":false,"chose_seed":false,"campfire_upgraded":5,"win_rate":0,"timestamp":1566033920,"path_taken":["M","$","M","?","M","R","E","M","T","R","?","R","?","M","R","BOSS","M","$","?","M","?","R","M","?","T","R","?","R","M","?","R","BOSS"],"build_version":"2019-07-17","purchased_purges":2,"victory":false,"max_hp_per_floor":[75,75,75,75,75,75,75,75,75,75,75,75,75,75,75,75,75,75,75,80,80,56,56,56,56,56,56,61,61,61,61,61,61],"card_choices":[{"not_picked":["Go for the Eyes","Rebound"],"picked":"Darkness","floor":1},{"not_picked":["Redo","Gash"],"picked":"Loop","floor":3},{"not_picked":["Loop","Fission"],"picked":"BootSequence","floor":5},{"not_picked":["Cold Snap","Buffer"],"picked":"Ball Lightning","floor":7},{"not_picked":["Steam","Rebound"],"picked":"Auto Shields","floor":8},{"not_picked":["Coolheaded","Sweeping Beam"],"picked":"Hologram","floor":13},{"not_picked":["Rebound","Reprogram"],"picked":"Double Energy","floor":14},{"not_picked":["Multi-Cast","Core Surge"],"picked":"Creative AI","floor":16},{"not_picked":["Streamline+1","Genetic Algorithm+1"],"picked":"Storm","floor":18},{"not_picked":["Streamline","Rebound"],"picked":"Cold Snap+1","floor":20},{"not_picked":["BootSequence","Compile Driver+1"],"picked":"Leap+1","floor":21},{"not_picked":["Amplify","Stack","Leap"],"picked":"SKIP","floor":24},{"not_picked":["Streamline","Auto Shields+1","Hologram+1"],"picked":"SKIP","floor":30}],"player_experience":200112,"relics_obtained":[{"floor":7,"key":"Smiling Mask"},{"floor":9,"key":"Centennial Puzzle"},{"floor":26,"key":"Toxic Egg 2"}],"event_choices":[{"damage_healed":0,"gold_gain":0,"player_choice":"Ignored","damage_taken":0,"max_hp_gain":0,"max_hp_loss":0,"event_name":"Shining Light","floor":4,"gold_loss":0},{"damage_healed":0,"gold_gain":0,"player_choice":"Trade","damage_taken":0,"relics_obtained":["SsserpentHead"],"max_hp_gain":0,"max_hp_loss":0,"event_name":"FaceTrader","floor":11,"gold_loss":0},{"damage_healed":0,"gold_gain":0,"player_choice":"Became a vampire","damage_taken":0,"max_hp_gain":0,"max_hp_loss":24,"event_name":"Vampires","floor":22,"gold_loss":0,"cards_obtained":["Bite","Bite","Bite","Bite","Bite"]},{"damage_healed":0,"gold_gain":0,"cards_transformed":["Bite","Bite"],"player_choice":"Became Test Subject","damage_taken":0,"max_hp_gain":0,"max_hp_loss":0,"event_name":"Drug Dealer","floor":25,"gold_loss":0,"cards_obtained":["PanicButton","Panacea"]},{"damage_healed":0,"gold_gain":0,"player_choice":"Shed Blood","damage_taken":14,"max_hp_gain":5,"max_hp_loss":0,"event_name":"Forgotten Altar","floor":28,"gold_loss":0},{"cards_removed":["Regret"],"damage_healed":0,"gold_gain":0,"player_choice":"Took Card","damage_taken":0,"max_hp_gain":0,"max_hp_loss":0,"event_name":"NoteForYourself","floor":31,"gold_loss":0,"cards_obtained":["Strike_B"]}],"is_beta":false,"boss_relics":[{"not_picked":["Black Star","Sozu"],"picked":"Cursed Key"}],"items_purged_floors":[2,19],"is_endless":false,"potions_floor_spawned":[1,5,8,14,21],"killed_by":"Collector","ascension_level":0}