{"gold_per_floor":[144,189,189,234,234,234,3,48,123,213,258,303,393,405,417,429],"floor_reached":16,"playtime":1035,"items_purged":[],"score":187,"play_id":"b3167eec-7490-4531-ba16-1eb6c99b0917","local_time":"20190802203955","daily_mods":["Shiny","Diverse","Midas"],"is_ascension_mode":false,"campfire_choices":[{"floor":6,"key":"REST"},{"floor":15,"key":"REST"}],"neow_cost":"","seed_source_timestamp":1928364301962880,"circlet_count":0,"master_deck":["Multi-Cast","Hyperbeam","Thunder Strike","Biased Cognition","Machine Learning","Electrodynamics","Buffer","Rainbow","Seek","Meteor Strike","Echo Form","All For One","Reboot","Amplify","Creative AI","Fission","Core Surge","Venomology","Corpse Explosion","Malaise","Phantasmal Killer","Die Die Die","Adrenaline","Envenom","Doppelganger","Burst","Wraith Form v2","Tools of the Trade","Night Terror","Unload","After Image","Bullet Time","Storm of Steel","Glass Knife","A Thousand Cuts","Grand Finale","Double Tap","Demon Form","Bludgeon","Feed","Limit Break","Barricade","Fiend Fire+1","Dark Embrace","Berserk","Impervious","Juggernaut","Brutality","Reaper","Exhume","Offering","Immolate","Cleave","Anger","Regret","Pommel Strike+1","All Out Attack","Dagger Spray","Self Repair","Heavy Blade+1","Hyperbeam+1","Pummel+1","Injury"],"special_seed":18110,"relics":["Ring of the Snake","Mummified Hand","CultistMask","Whetstone","Bottled Flame","Molten Egg 2","MawBank","Golden Idol"],"potions_floor_usage":[11,13],"damage_taken":[{"damage":3,"enemies":"Small Slimes","floor":1,"turns":3},{"damage":11,"enemies":"Cultist","floor":2,"turns":4},{"damage":0,"enemies":"Jaw Worm","floor":4,"turns":2},{"damage":5,"enemies":"3 Louse","floor":8,"turns":2},{"damage":6,"enemies":"Gremlin Nob","floor":10,"turns":2},{"damage":10,"enemies":"Looter","floor":11,"turns":3},{"damage":0,"enemies":"Gremlin Gang","floor":12,"turns":2},{"damage":12,"enemies":"Lagavulin","floor":13,"turns":4},{"damage":80,"enemies":"The Guardian","floor":16,"turns":5}],"seed_played":"5779542996629006648","potions_obtained":[{"floor":2,"key":"Dexterity Potion"},{"floor":8,"key":"Fire Potion"},{"floor":11,"key":"Weak Potion"}],"is_trial":false,"path_per_floor":["M","M","?","M","?","R","$","M","T","E","M","M","E","?","R","B"],"character_chosen":"THE_SILENT","items_purchased":["All Out Attack","Whetstone"],"campfire_rested":2,"item_purchase_floors":[7,7],"current_hp_per_floor":[67,59,59,63,63,73,73,68,68,62,52,52,45,45,66,0],"gold":429,"neow_bonus":"","is_prod":false,"is_daily":true,"chose_seed":false,"campfire_upgraded":0,"win_rate":0,"timestamp":1564767595,"path_taken":["M","M","?","M","?","R","$","M","T","E","?","M","E","?","R","BOSS"],"build_version":"2019-07-17","purchased_purges":0,"victory":false,"max_hp_per_floor":[70,73,73,73,73,73,73,73,73,73,73,73,73,73,73,73],"card_choices":[{"not_picked":["Evolve","Rage"],"picked":"Cleave","floor":1},{"not_picked":["Dodge and Roll","Recycle"],"picked":"Anger","floor":2},{"not_picked":["Wild Strike","True Grit"],"picked":"Pommel Strike","floor":4},{"not_picked":["Metallicize","Escape Plan"],"picked":"Dagger Spray","floor":8},{"not_picked":["Steam","Scrape"],"picked":"Self Repair","floor":10},{"not_picked":["Double Energy","Stack"],"picked":"Heavy Blade+1","floor":11},{"not_picked":["Masterful Stab+1","Ball Lightning+1"],"picked":"Hyperbeam+1","floor":12},{"not_picked":["Undo","Bane+1"],"picked":"Pummel+1","floor":13}],"player_experience":163044,"relics_obtained":[{"floor":9,"key":"Bottled Flame"},{"floor":10,"key":"Molten Egg 2"},{"floor":13,"key":"MawBank"}],"event_choices":[{"damage_healed":0,"gold_gain":0,"player_choice":"Box","damage_taken":0,"relics_obtained":["Mummified Hand"],"max_hp_gain":0,"max_hp_loss":0,"event_name":"Big Fish","floor":3,"gold_loss":0,"cards_obtained":["Regret"]},{"damage_healed":0,"gold_gain":0,"player_choice":"Trade","damage_taken":0,"relics_obtained":["CultistMask"],"max_hp_gain":0,"max_hp_loss":0,"event_name":"FaceTrader","floor":5,"gold_loss":0},{"damage_healed":0,"gold_gain":0,"player_choice":"Take Wound","damage_taken":0,"relics_obtained":["Golden Idol"],"max_hp_gain":0,"max_hp_loss":0,"event_name":"Golden Idol","floor":14,"gold_loss":0,"cards_obtained":["Injury"]}],"is_beta":false,"boss_relics":[],"items_purged_floors":[],"is_endless":false,"potions_floor_spawned":[2,8,11],"killed_by":"The Guardian","ascension_level":0}