{"gold_per_floor":[112,131,150,150,150,150,186,204,230,253,294,80,80],"floor_reached":13,"playtime":908,"items_purged":["Strike_B"],"score":190,"play_id":"1a33d7b1-47fe-4994-93e0-6e085e9ac50c","local_time":"20190425081037","is_ascension_mode":true,"campfire_choices":[{"data":"Zap","floor":6,"key":"SMITH"}],"neow_cost":"NONE","seed_source_timestamp":215219634453012,"circlet_count":0,"master_deck":["AscendersBane","Strike_B","Strike_B","Strike_B","Defend_B","Defend_B","Defend_B","Defend_B","Zap+1","Dualcast","Chill","Conserve Battery","Barrage+1","BootSequence","Sweeping Beam","Reinforced Body","Genetic Algorithm"],"relics":["Cracked Core","Golden Idol","Pen Nib","Oddly Smooth Stone","Ancient Tea Set"],"potions_floor_usage":[7,11,11,13,13],"damage_taken":[{"damage":13,"enemies":"Small Slimes","floor":1,"turns":4},{"damage":2,"enemies":"Jaw Worm","floor":2,"turns":3},{"damage":0,"enemies":"Cultist","floor":3,"turns":4},{"damage":16,"enemies":"3 Sentries","floor":7,"turns":6},{"damage":5,"enemies":"Gremlin Gang","floor":8,"turns":6},{"damage":0,"enemies":"Looter","floor":10,"turns":2},{"damage":25,"enemies":"Gremlin Nob","floor":11,"turns":4},{"damage":12,"enemies":"Lagavulin","floor":13,"turns":3}],"seed_played":"921813685436834677","potions_obtained":[{"floor":1,"key":"AttackPotion"},{"floor":2,"key":"Strength Potion"},{"floor":7,"key":"Block Potion"}],"is_trial":false,"path_per_floor":["M","M","M","?","?","R","E","M","T","M","E","$","E"],"character_chosen":"DEFECT","items_purchased":["Strength Potion","FocusPotion"],"campfire_rested":0,"item_purchase_floors":[12,12],"current_hp_per_floor":[58,56,56,56,56,56,40,35,35,35,10,10,0],"gold":80,"neow_bonus":"TEN_PERCENT_HP_BONUS","is_prod":false,"is_daily":false,"chose_seed":false,"campfire_upgraded":1,"win_rate":0,"timestamp":1556176237,"path_taken":["M","M","M","?","?","R","E","M","T","M","E","$","E"],"build_version":"2019-01-23","purchased_purges":1,"victory":false,"max_hp_per_floor":[78,78,78,71,71,71,71,71,71,71,71,71,71],"card_choices":[{"not_picked":["Loop","Stack"],"picked":"Chill","floor":1},{"not_picked":["Heatsinks","Darkness"],"picked":"Conserve Battery","floor":2},{"not_picked":["Heatsinks","Stack"],"picked":"Barrage","floor":3},{"not_picked":["Scrape","Hologram"],"picked":"BootSequence","floor":7},{"not_picked":["Recycle","Lockon"],"picked":"Sweeping Beam","floor":8},{"not_picked":["Coolheaded","Force Field"],"picked":"Reinforced Body","floor":10},{"not_picked":["Steam","Buffer"],"picked":"Genetic Algorithm","floor":11}],"player_experience":866690,"relics_obtained":[{"floor":7,"key":"Pen Nib"},{"floor":9,"key":"Oddly Smooth Stone"},{"floor":11,"key":"Ancient Tea Set"}],"event_choices":[{"damage_healed":0,"gold_gain":0,"player_choice":"Lose Max HP","damage_taken":0,"relics_obtained":["Golden Idol"],"max_hp_gain":0,"max_hp_loss":7,"event_name":"Golden Idol","floor":4,"gold_loss":0},{"damage_healed":0,"gold_gain":0,"player_choice":"Forge","damage_taken":0,"max_hp_gain":0,"max_hp_loss":0,"event_name":"Accursed Blacksmith","floor":5,"gold_loss":0,"cards_upgraded":["Barrage"]}],"is_beta":false,"boss_relics":[],"items_purged_floors":[12],"is_endless":false,"potions_floor_spawned":[1,2,3,7],"killed_by":"Lagavulin","ascension_level":20}