{"path_per_floor":["M","M","?","?","?","R","M","$","T","R","$","E","R","M","R","B",null,"M","M","$","?","M","R","$","R","T","E","M","R","M","E","R","B",null,"M","M","M","?","$","R","?","M","T","M","R","M","$","M","R","B"],"character_chosen":"THE_SILENT","items_purchased":["Flash of Steel","Cloak And Dagger","Kunai","Noxious Fumes","War Paint","Backflip"],"gold_per_floor":[119,135,135,210,210,210,225,132,210,210,84,117,117,133,133,238,238,257,269,26,26,41,41,41,41,41,69,83,83,102,135,135,239,239,259,279,292,292,67,67,67,78,104,124,124,143,96,111,111,111],"floor_reached":51,"campfire_rested":2,"playtime":4917,"current_hp_per_floor":[68,68,61,50,55,55,55,55,55,55,55,53,53,53,53,32,75,42,38,38,38,51,51,51,51,51,34,31,31,43,39,39,52,52,45,52,17,10,10,25,25,15,15,24,24,18,18,35,50,19],"items_purged":["Strike_G"],"gold":111,"score":514,"play_id":"2dd4f91c-f599-409c-ad5a-06cf56bb1d70","is_prod":false,"is_daily":false,"is_ascension_mode":false,"campfire_upgraded":9,"path_taken":["M","M","?","?","?","R","M","$","T","R","$","E","R","M","R","BOSS","M","M","$","?","?","R","?","R","T","E","M","R","M","E","R","BOSS","M","?","M","?","$","R","?","M","T","M","R","?","?","M","R","BOSS"],"build_version":"2018-02-15-PROD1","purchased_purges":2,"victory":true,"master_deck":["Defend_G","Defend_G+1","Defend_G","Defend_G","Defend_G+1","Survivor+1","Neutralize+1","Tools of the Trade+1","Flying Knee","Flying Knee","Cloak And Dagger+1","Flash of Steel","Cloak And Dagger+1","Accuracy+1","Acrobatics","Dodge and Roll+1","Bite+1","Bite+1","Bite+1","Bite+1","Bite+1","Footwork+1","Blur+1","Night Terror","Cloak And Dagger","Madness","Madness","Noxious Fumes+1","Cloak And Dagger+1","Flying Knee+1","Backflip","Outmaneuver+1"],"max_hp_per_floor":[70,70,70,70,75,75,75,75,75,75,75,75,75,75,75,75,75,75,75,75,52,52,52,52,52,52,52,52,52,52,52,52,52,52,52,52,52,52,52,52,52,52,52,52,52,52,52,52,52,52],"relics":["Ring of the Snake","Molten Egg 2","Happy Flower","Runic Pyramid","Kunai","Unceasing Top","Snake Skull","Omamori","Lizard Tail","War Paint","Bag of Preparation"],"card_choices":[{"not_picked":["Acrobatics","Dash"],"picked":"Flying Knee"},{"not_picked":["Predator","Escape Plan"],"picked":"Flying Knee"},{"not_picked":["Dodge and Roll","Concentrate"],"picked":"Cloak And Dagger"},{"not_picked":["Blur","Backstab"],"picked":"Accuracy"},{"not_picked":["Underhanded Strike","Flying Knee"],"picked":"Acrobatics"},{"not_picked":["Distraction","Underhanded Strike"],"picked":"Dodge and Roll"},{"not_picked":["Dagger Spray","Dagger Throw"],"picked":"Footwork"},{"not_picked":["Flechettes","Outmaneuver"],"picked":"Blur"},{"not_picked":["Glass Knife","Grand Finale"],"picked":"Night Terror"},{"not_picked":["Dodge and Roll","Slice"],"picked":"Cloak And Dagger"},{"not_picked":["Slice","Riddle With Holes"],"picked":"Cloak And Dagger"},{"not_picked":["Slice","Acrobatics"],"picked":"Flying Knee"},{"not_picked":["Tactician","Dodge and Roll"],"picked":"Outmaneuver"}],"player_experience":221439,"potions_floor_usage":[22,31,31,33,33,44,50,50,50],"damage_taken":[{"damage":2,"enemies":"Jaw Worm","floor":1,"turns":5},{"damage":0,"enemies":"Cultist","floor":2,"turns":4},{"damage":0,"enemies":"Small Slimes","floor":7,"turns":3},{"damage":2,"enemies":"3 Sentries","floor":12,"turns":11},{"damage":0,"enemies":"2 Fungi Beasts","floor":14,"turns":3},{"damage":21,"enemies":"Hexaghost","floor":16,"turns":12},{"damage":33,"enemies":"Spheric Guardian","floor":18,"turns":9},{"damage":4,"enemies":"3 Byrds","floor":19,"turns":5},{"damage":10,"enemies":"Cultist and Chosen","floor":22,"turns":10},{"damage":40,"enemies":"Gremlin Leader","floor":27,"turns":9},{"damage":24,"enemies":"Snake Plant","floor":28,"turns":7},{"damage":9,"enemies":"Chosen and Byrds","floor":30,"turns":9},{"damage":25,"enemies":"Slavers","floor":31,"turns":8},{"damage":33,"enemies":"Collector","floor":33,"turns":14},{"damage":13,"enemies":"Orb Walker","floor":35,"turns":5},{"damage":21,"enemies":"3 Darklings","floor":36,"turns":13},{"damage":47,"enemies":"4 Shapes","floor":37,"turns":11},{"damage":25,"enemies":"Sphere and 2 Shapes","floor":42,"turns":9},{"damage":15,"enemies":"3 Darklings","floor":44,"turns":8},{"damage":18,"enemies":"4 Shapes","floor":46,"turns":8},{"damage":4,"enemies":"Maw","floor":48,"turns":10},{"damage":57,"enemies":"Donu and Deca","floor":50,"turns":15}],"event_choices":[{"event_name":"Wheel of Change","player_choice":"Damage","floor":3,"damage_taken":0},{"event_name":"World of Goop","player_choice":"Gather Gold","floor":4,"damage_taken":0},{"event_name":"Big Fish","player_choice":"Donut","floor":5,"damage_taken":0},{"event_name":"Vampires","player_choice":"Became a vampire","floor":21,"damage_taken":0},{"event_name":"Winding Halls","player_choice":"Embrace Madness","floor":38,"damage_taken":0},{"event_name":"Mysterious Sphere","player_choice":"Ignore","floor":41,"damage_taken":0}],"boss_relics":[{"not_picked":["Orrery","Velvet Choker"],"picked":"Runic Pyramid"},{"not_picked":["Calling Bell","Pandora\u0027s Box"],"picked":"Lizard Tail"}],"potions_floor_spawned":[2,14,16,19,30,31,33,35,42,48],"seed_played":"3002292485395241878","ascension_level":0,"is_trial":false}