{"gold_per_floor":[110,128,128,128,143,143,143,163,190,190,223,248,215,39,39,39],"floor_reached":16,"playtime":1284,"items_purged":["Defend_G"],"score":100,"play_id":"f1cd2d58-2be9-48d5-93f9-ad0c3c47c312","local_time":"20190404100034","is_ascension_mode":false,"campfire_choices":[{"data":"Night Terror","floor":7,"key":"SMITH"},{"floor":15,"key":"REST"}],"neow_cost":"PERCENT_DAMAGE","seed_source_timestamp":76827599841664,"circlet_count":0,"master_deck":["Defend_G","Defend_G","Defend_G","Defend_G","Strike_G","Strike_G","Strike_G","Strike_G","Survivor","Neutralize","Night Terror+1","Backflip","Sucker Punch","Blade Dance","Backflip","A Thousand Cuts","Dagger Spray","Jack Of All Trades","Blade Dance","Outmaneuver","Dagger Spray","Tools of the Trade"],"relics":["Ring of the Snake","Ancient Tea Set","Smiling Mask","MawBank"],"potions_floor_usage":[16,16],"damage_taken":[{"damage":3,"enemies":"Jaw Worm","floor":1,"turns":4},{"damage":0,"enemies":"2 Louse","floor":2,"turns":3},{"damage":0,"enemies":"Cultist","floor":5,"turns":4},{"damage":5,"enemies":"2 Fungi Beasts","floor":8,"turns":4},{"damage":33,"enemies":"Gremlin Nob","floor":11,"turns":6},{"damage":1,"enemies":"3 Louse","floor":12,"turns":3},{"damage":4,"enemies":"Looter","floor":13,"turns":5},{"damage":28,"enemies":"Slime Boss","floor":16,"turns":8}],"seed_played":"-651540400151473029","potions_obtained":[{"floor":2,"key":"SkillPotion"},{"floor":5,"key":"Weak Potion"},{"floor":8,"key":"SpeedPotion"}],"is_trial":false,"path_per_floor":["M","M","?","?","M","?","R","M","T","?","E","M","M","$","R","B"],"character_chosen":"THE_SILENT","items_purchased":["Tools of the Trade"],"campfire_rested":1,"item_purchase_floors":[14],"current_hp_per_floor":[46,46,51,51,51,44,44,39,39,39,6,5,1,1,23,0],"gold":39,"neow_bonus":"THREE_RARE_CARDS","is_prod":false,"is_daily":false,"chose_seed":false,"campfire_upgraded":1,"win_rate":0,"timestamp":1554361234,"path_taken":["M","M","?","?","M","?","R","M","T","?","E","?","M","$","R","BOSS"],"build_version":"2019-01-23","purchased_purges":1,"victory":false,"max_hp_per_floor":[70,70,75,75,75,75,75,75,75,75,75,75,75,75,75,75],"card_choices":[{"not_picked":["Bullet Time","Unload"],"picked":"Night Terror","floor":0},{"not_picked":["Sucker Punch","Skewer"],"picked":"Backflip","floor":1},{"not_picked":["Quick Slash","Endless Agony"],"picked":"Sucker Punch","floor":2},{"not_picked":["Slice","Blade Dance"],"picked":"Backflip","floor":5},{"not_picked":["PiercingWail","Dagger Spray"],"picked":"A Thousand Cuts","floor":8},{"not_picked":["Crippling Poison","Prepared"],"picked":"Blade Dance","floor":11},{"not_picked":["Underhanded Strike","Riddle With Holes"],"picked":"Outmaneuver","floor":12},{"not_picked":["Predator","Underhanded Strike"],"picked":"Dagger Spray","floor":13}],"player_experience":23368,"relics_obtained":[{"floor":9,"key":"Smiling Mask"},{"floor":11,"key":"MawBank"}],"event_choices":[{"damage_healed":0,"gold_gain":0,"player_choice":"Donut","damage_taken":0,"max_hp_gain":5,"max_hp_loss":0,"event_name":"Big Fish","floor":3,"gold_loss":0},{"damage_healed":0,"gold_gain":0,"cards_transformed":["Strike_G"],"player_choice":"Change","damage_taken":0,"max_hp_gain":0,"max_hp_loss":0,"event_name":"Living Wall","floor":4,"gold_loss":0,"cards_obtained":["Blade Dance"]},{"damage_healed":0,"gold_gain":0,"player_choice":"Success","damage_taken":7,"relics_obtained":["Ancient Tea Set"],"max_hp_gain":0,"max_hp_loss":0,"event_name":"Scrap Ooze","floor":6,"gold_loss":0},{"damage_healed":0,"gold_gain":0,"player_choice":"2 cards matched","damage_taken":0,"max_hp_gain":0,"max_hp_loss":0,"event_name":"Match and Keep!","floor":10,"gold_loss":0,"cards_obtained":["Dagger Spray","Jack Of All Trades"]},{"damage_healed":0,"gold_gain":0,"player_choice":"2 cards matched","damage_taken":0,"max_hp_gain":0,"max_hp_loss":0,"event_name":"Match and Keep!","floor":10,"gold_loss":0,"cards_obtained":["Dagger Spray","Jack Of All Trades"]}],"is_beta":false,"boss_relics":[],"items_purged_floors":[14],"is_endless":false,"potions_floor_spawned":[2,5,8],"killed_by":"Slime Boss","ascension_level":0}