{"gold_per_floor":[116,291,291,39,39,39,58,99,99,99,64,79,102,136,136,136],"floor_reached":16,"playtime":963,"items_purged":["Doubt"],"score":113,"play_id":"eb84392d-dc46-4ebb-bc97-16a587e6024d","local_time":"20190412182631","is_ascension_mode":true,"campfire_choices":[{"data":"Parasite","floor":6,"key":"PURGE"},{"floor":10,"key":"REST"},{"floor":15,"key":"REST"}],"neow_cost":"CURSE","seed_source_timestamp":81767877521684,"circlet_count":0,"master_deck":["Strike_B","Strike_B","Strike_B","Strike_B","Defend_B","Defend_B","Defend_B","Defend_B","Zap","Dualcast","Beam Cell","Panache","Leap","Auto Shields","Conserve Battery","Blizzard","White Noise"],"relics":["Cracked Core","Peace Pipe","Golden Idol","Bottled Tornado","Bird Faced Urn","Shuriken"],"potions_floor_usage":[16],"damage_taken":[{"damage":6,"enemies":"Jaw Worm","floor":1,"turns":3},{"damage":5,"enemies":"Small Slimes","floor":7,"turns":3},{"damage":42,"enemies":"Gremlin Nob","floor":8,"turns":5},{"damage":1,"enemies":"Cultist","floor":12,"turns":4},{"damage":0,"enemies":"Blue Slaver","floor":13,"turns":3},{"damage":44,"enemies":"Lagavulin","floor":14,"turns":10},{"damage":32,"enemies":"Hexaghost","floor":16,"turns":9}],"seed_played":"-1695930016711565489","potions_obtained":[{"floor":1,"key":"FearPotion"},{"floor":13,"key":"FearPotion"},{"floor":14,"key":"SkillPotion"}],"is_trial":false,"path_per_floor":["M","?","?","$","$","R","M","E","T","R","?","M","M","E","R","B"],"character_chosen":"DEFECT","items_purchased":["Panache"],"campfire_rested":2,"item_purchase_floors":[4],"current_hp_per_floor":[69,69,51,51,51,51,46,4,4,25,43,44,46,4,25,0],"gold":136,"neow_bonus":"ONE_RARE_RELIC","is_prod":false,"is_daily":false,"chose_seed":false,"campfire_upgraded":0,"win_rate":0,"timestamp":1555082791,"path_taken":["M","?","?","?","$","R","M","E","T","R","?","?","M","E","R","BOSS"],"build_version":"2019-01-23","purchased_purges":1,"victory":false,"max_hp_per_floor":[75,75,75,75,75,72,72,72,72,72,72,72,72,72,72,72],"card_choices":[{"not_picked":["Stack","Streamline"],"picked":"Beam Cell","floor":1},{"not_picked":["Barrage","Redo"],"picked":"Leap","floor":7},{"not_picked":["Leap","Amplify"],"picked":"Auto Shields","floor":8},{"not_picked":["Steam","Ball Lightning"],"picked":"Conserve Battery","floor":12},{"not_picked":["Doom and Gloom","Rebound"],"picked":"Blizzard","floor":13},{"not_picked":["Gash","Fission"],"picked":"White Noise","floor":14}],"player_experience":80716,"relics_obtained":[{"floor":8,"key":"Bottled Tornado"},{"floor":9,"key":"Bird Faced Urn"},{"floor":14,"key":"Shuriken"}],"event_choices":[{"damage_healed":0,"gold_gain":175,"player_choice":"AGREE","damage_taken":0,"max_hp_gain":0,"max_hp_loss":0,"event_name":"Liars Game","floor":2,"gold_loss":0,"cards_obtained":["Doubt"]},{"damage_healed":0,"gold_gain":0,"player_choice":"Take Damage","damage_taken":18,"relics_obtained":["Golden Idol"],"max_hp_gain":0,"max_hp_loss":0,"event_name":"Golden Idol","floor":3,"gold_loss":0},{"damage_healed":18,"gold_gain":0,"player_choice":"Healed","damage_taken":0,"max_hp_gain":0,"max_hp_loss":0,"event_name":"The Cleric","floor":11,"gold_loss":35}],"is_beta":false,"boss_relics":[],"items_purged_floors":[4],"is_endless":false,"potions_floor_spawned":[1,13,14],"killed_by":"Hexaghost","ascension_level":1}