{"path_per_floor":["M","$","?","M","M","R","M","M","T","E","R","E","M","M","R","B",null,"M","?","?","?","M","E","R","E","T","R","M","$","R","M","R","B",null,"M","?","T","M","$","R","?","R","T","M","M","M","M","E","R","B"],"character_chosen":"THE_SILENT","items_purchased":["Corpse Explosion","Noxious Fumes","Omamori","Apotheosis"],"gold_per_floor":[110,35,35,53,63,63,81,94,94,127,127,155,169,182,182,277,277,267,267,267,267,277,311,311,337,337,337,357,49,49,63,63,159,159,175,175,175,186,9,9,9,9,9,20,35,46,56,88,88,88],"floor_reached":51,"campfire_rested":0,"playtime":12858,"current_hp_per_floor":[67,67,60,53,53,53,47,47,47,26,26,26,26,26,26,17,70,52,52,49,49,49,45,45,49,55,55,55,55,55,38,38,55,55,44,44,44,55,55,55,45,45,45,33,18,9,39,69,69,17],"items_purged":["Strike_G"],"gold":88,"play_id":"31a6960d-eff5-477b-bb34-34ad3099638c","is_prod":false,"is_daily":false,"is_ascension_mode":false,"campfire_upgraded":6,"path_taken":["M","$","?","?","M","R","M","M","T","E","R","E","?","?","R","BOSS","M","?","?","?","M","E","R","E","T","R","M","?","R","M","R","BOSS","M","?","?","?","$","R","?","R","T","M","M","M","M","E","R","BOSS"],"build_version":"2018-02-01-PROD3","purchased_purges":1,"victory":true,"master_deck":["Defend_G","Defend_G","Defend_G","Defend_G","Defend_G","Survivor","Neutralize+1","Noxious Fumes+1","Dagger Spray","Well Laid Plans","Footwork+1","Backflip","Escape Plan","Burst+1","Infinite Blades+1","Noxious Fumes+1","Bite","Bite","Bite","Bite","Leg Sweep","Envenom","Corpse Explosion+1","Noxious Fumes","Night Terror","Prepared+1","Apotheosis","Madness","Madness","Acrobatics","Backflip+1"],"max_hp_per_floor":[70,70,70,70,70,70,70,70,70,70,70,70,70,70,70,70,70,70,70,49,49,49,49,49,49,55,55,55,55,55,55,55,55,55,55,55,55,55,55,55,55,55,55,55,55,55,55,69,69,69],"relics":["Ring of the Snake","Peace Pipe","Ice Cream","Orichalcum","Cursed Key","Toolbox","Mummified Hand","Darkstone Periapt","Ginger","Omamori","The Specimen","Shovel","Molten Egg 2","Juzu Bracelet","Mango"],"card_choices":[{"not_picked":["Endless Agony","Outmaneuver"],"picked":"Noxious Fumes"},{"not_picked":["Acrobatics","Quick Slash"],"picked":"Dagger Spray"},{"not_picked":["Bane","Flying Knee"],"picked":"Well Laid Plans"},{"not_picked":["Malaise","Crippling Poison"],"picked":"Footwork"},{"not_picked":["Skewer","Outmaneuver"],"picked":"Backflip"},{"not_picked":["Prepared","Acrobatics"],"picked":"Escape Plan"},{"not_picked":["Corpse Explosion","Doppelganger"],"picked":"Burst"},{"not_picked":["Slice","Quick Slash"],"picked":"Infinite Blades"},{"not_picked":["Blade Dance","Deflect"],"picked":"Leg Sweep"},{"not_picked":["Deflect","Distraction"],"picked":"Envenom"},{"not_picked":["Glass Knife","Doppelganger"],"picked":"Night Terror"},{"not_picked":["Dagger Throw","Infinite Blades"],"picked":"Prepared"},{"not_picked":["Escape Plan","Skewer"],"picked":"Acrobatics"},{"not_picked":["PiercingWail","Acrobatics"],"picked":"Backflip"}],"player_experience":56565,"potions_floor_usage":[46,50],"damage_taken":[{"damage":3.0,"enemies":"Jaw Worm","floor":1.0,"turns":7.0},{"damage":7.0,"enemies":"Cultist","floor":4.0,"turns":5.0},{"damage":0.0,"enemies":"Blue Slaver","floor":5.0,"turns":6.0},{"damage":6.0,"enemies":"Gremlin Gang","floor":7.0,"turns":4.0},{"damage":0.0,"enemies":"Red Slaver","floor":8.0,"turns":5.0},{"damage":21.0,"enemies":"Gremlin Nob","floor":10.0,"turns":6.0},{"damage":0.0,"enemies":"Lagavulin","floor":12.0,"turns":9.0},{"damage":0.0,"enemies":"Large Slime","floor":13.0,"turns":6.0},{"damage":0.0,"enemies":"Gremlin Gang","floor":14.0,"turns":4.0},{"damage":9.0,"enemies":"The Guardian","floor":16.0,"turns":10.0},{"damage":18.0,"enemies":"2 Thieves","floor":18.0,"turns":4.0},{"damage":1.0,"enemies":"Chosen","floor":22.0,"turns":5.0},{"damage":21.0,"enemies":"Gremlin Leader","floor":23.0,"turns":7.0},{"damage":12.0,"enemies":"Book of Stabbing","floor":25.0,"turns":6.0},{"damage":6.0,"enemies":"Snecko","floor":28.0,"turns":6.0},{"damage":19.0,"enemies":"Cultist and Chosen","floor":31.0,"turns":6.0},{"damage":0.0,"enemies":"Automaton","floor":33.0,"turns":8.0},{"damage":23.0,"enemies":"3 Darklings","floor":35.0,"turns":6.0},{"damage":1.0,"enemies":"Orb Walker","floor":38.0,"turns":5.0},{"damage":36.0,"enemies":"Sphere and 2 Shapes","floor":44.0,"turns":7.0},{"damage":28.0,"enemies":"3 Darklings","floor":45.0,"turns":5.0},{"damage":20,"enemies":"4 Shapes","floor":46,"turns":6},{"damage":4,"enemies":"Maw","floor":47,"turns":8},{"damage":0,"enemies":"Giant Head","floor":48,"turns":8},{"damage":69,"enemies":"Donu and Deca","floor":50,"turns":10}],"event_choices":[{"event_name":"Golden Wing","player_choice":"Card Removal","floor":3.0,"damage_taken":0.0},{"event_name":"Duplicator","player_choice":"One dupe","floor":19.0,"damage_taken":0.0},{"event_name":"Vampires","player_choice":"Became a vampire","floor":20.0,"damage_taken":0.0},{"event_name":"The Mausoleum","player_choice":"Yes","floor":21.0,"damage_taken":0.0},{"event_name":"Tomb of Lord Red Mask","player_choice":"Ignored","floor":36.0,"damage_taken":0.0},{"event_name":"Winding Halls","player_choice":"Embrace Madness","floor":41.0,"damage_taken":0.0}],"boss_relics":[],"potions_floor_spawned":[1,5,13,14,16,22,25,33,38,44,47],"seed_played":"-9215003132463263317","ascension_level":0,"is_trial":false}