{"gold_per_floor":[115,135,1,19,19,19,29,55,55,73,98,98,115,115,115,216,216,229,229,243,256,256,256,35,35,88,88,105,105,140,168,168,168],"floor_reached":33,"playtime":2045,"items_purged":[],"score":290,"play_id":"02e821b1-a27e-47f6-84de-a4f1e7366534","local_time":"20190106183358","is_ascension_mode":false,"campfire_choices":[{"data":"Noxious Fumes","floor":6,"key":"SMITH"},{"data":"Dash","floor":12,"key":"SMITH"},{"floor":15,"key":"RECALL"},{"data":"Wraith Form v2","floor":23,"key":"SMITH"},{"data":"Catalyst","floor":25,"key":"SMITH"},{"data":"Dash","floor":27,"key":"SMITH"},{"data":"Catalyst","floor":29,"key":"SMITH"},{"data":"Infinite Blades","floor":32,"key":"SMITH"}],"neow_cost":"NONE","seed_source_timestamp":670016696415244,"circlet_count":0,"master_deck":["Defend_G","Defend_G","Defend_G","Defend_G","Defend_G","Survivor","Neutralize+1","Dash+1","Dash+1","Noxious Fumes+1","Blur","Outmaneuver","Cloak And Dagger","Tactician","Infinite Blades+1","Flying Knee","All Out Attack","Wraith Form v2+1","Catalyst+1","Blade Dance+1","Escape Plan+1","Bite","Bite","Bite","Bite","Bite","Deadly Poison","Catalyst+1","Noxious Fumes+1"],"relics":["Ring of the Snake","Ninja Scroll","Odd Mushroom","HoveringKite","Medical Kit","Tiny Chest","Red Mask","Shuriken"],"potions_floor_usage":[8,8,16,18,18,21,30,31,33],"damage_taken":[{"damage":0,"enemies":"Cultist","floor":1,"turns":5},{"damage":0,"enemies":"Jaw Worm","floor":2,"turns":3},{"damage":0,"enemies":"Small Slimes","floor":4,"turns":3},{"damage":2,"enemies":"Gremlin Gang","floor":7,"turns":5},{"damage":28,"enemies":"Gremlin Nob","floor":8,"turns":6},{"damage":1,"enemies":"3 Louse","floor":10,"turns":3},{"damage":9,"enemies":"The Mushroom Lair","floor":11,"turns":5},{"damage":8,"enemies":"Large Slime","floor":13,"turns":5},{"damage":12,"enemies":"Slime Boss","floor":16,"turns":9},{"damage":11,"enemies":"2 Thieves","floor":18,"turns":3},{"damage":3,"enemies":"Chosen","floor":20,"turns":5},{"damage":11,"enemies":"Centurion and Healer","floor":21,"turns":5},{"damage":5,"enemies":"Snecko","floor":28,"turns":6},{"damage":13,"enemies":"Masked Bandits","floor":30,"turns":5},{"damage":9,"enemies":"Slavers","floor":31,"turns":5},{"damage":55,"enemies":"Automaton","floor":33,"turns":6}],"seed_played":"-3951380824978084384","potions_obtained":[{"floor":4,"key":"FearPotion"},{"floor":7,"key":"PowerPotion"},{"floor":13,"key":"FearPotion"},{"floor":16,"key":"EntropicBrew"},{"floor":21,"key":"Fire Potion"},{"floor":28,"key":"LiquidBronze"},{"floor":30,"key":"Strength Potion"}],"is_trial":false,"path_per_floor":["M","M","$","M","$","R","M","E","T","M","?","R","M","?","R","B",null,"M","?","M","M","?","R","$","R","T","R","M","R","?","E","R","B"],"character_chosen":"THE_SILENT","items_purchased":["Noxious Fumes","Blur","Medical Kit","Deadly Poison"],"campfire_rested":0,"item_purchase_floors":[3,3,24,24],"current_hp_per_floor":[70,70,70,70,70,70,68,40,40,39,30,30,22,22,22,10,70,59,59,56,45,45,45,45,45,45,45,46,46,40,35,35,0],"gold":168,"neow_bonus":"UPGRADE_CARD","is_prod":false,"is_daily":false,"chose_seed":false,"campfire_upgraded":7,"win_rate":0,"timestamp":1546799638,"path_taken":["M","M","$","M","$","R","M","E","T","M","?","R","M","?","R","BOSS","M","?","?","?","?","R","$","R","T","R","M","R","?","E","R","BOSS"],"build_version":"2019-01-03v4","purchased_purges":0,"victory":false,"max_hp_per_floor":[70,70,70,70,70,70,70,70,70,70,70,70,70,70,70,70,70,70,70,70,70,49,49,49,49,49,49,49,49,49,49,49,49],"card_choices":[{"not_picked":["Blade Dance","Accuracy"],"picked":"Dash","floor":1},{"not_picked":["Expertise","Prepared"],"picked":"Dash","floor":2},{"not_picked":["Cloak And Dagger","Slice"],"picked":"Outmaneuver","floor":4},{"not_picked":["Blade Dance","Dagger Throw"],"picked":"Cloak And Dagger","floor":7},{"not_picked":["Acrobatics","Choke"],"picked":"Tactician","floor":8},{"not_picked":["Endless Agony","Finisher"],"picked":"Infinite Blades","floor":10},{"not_picked":["Finisher","All Out Attack"],"picked":"Flying Knee","floor":11},{"not_picked":["Concentrate","Poisoned Stab"],"picked":"All Out Attack","floor":13},{"not_picked":["Unload","Burst"],"picked":"Wraith Form v2","floor":16},{"not_picked":["Slice","Bouncing Flask"],"picked":"Catalyst","floor":18},{"not_picked":["Catalyst","PiercingWail"],"picked":"Blade Dance+1","floor":20},{"not_picked":["Tactician","Dodge and Roll+1"],"picked":"Escape Plan+1","floor":21},{"not_picked":["Crippling Poison","Glass Knife"],"picked":"Catalyst","floor":28},{"not_picked":["Underhanded Strike","Dodge and Roll"],"picked":"Noxious Fumes+1","floor":31}],"player_experience":447719,"relics_obtained":[{"floor":8,"key":"Ninja Scroll"},{"floor":11,"key":"Odd Mushroom"},{"floor":26,"key":"Tiny Chest"},{"floor":30,"key":"Red Mask"},{"floor":31,"key":"Shuriken"}],"event_choices":[{"damage_healed":0,"gold_gain":0,"player_choice":"Fought Mushrooms","damage_taken":0,"max_hp_gain":0,"max_hp_loss":0,"event_name":"Mushrooms","floor":11,"gold_loss":0},{"damage_healed":0,"gold_gain":0,"player_choice":"Ignored","damage_taken":0,"max_hp_gain":0,"max_hp_loss":0,"event_name":"Liars Game","floor":14,"gold_loss":0},{"damage_healed":0,"gold_gain":0,"player_choice":"0 cards matched","damage_taken":0,"max_hp_gain":0,"max_hp_loss":0,"event_name":"Match and Keep!","floor":19,"gold_loss":0,"cards_obtained":[]},{"damage_healed":0,"gold_gain":0,"player_choice":"Became a vampire","damage_taken":0,"max_hp_gain":0,"max_hp_loss":21,"event_name":"Vampires","floor":22,"gold_loss":0,"cards_obtained":["Bite","Bite","Bite","Bite","Bite"]},{"damage_healed":0,"gold_gain":0,"player_choice":"Fought Bandits","damage_taken":0,"max_hp_gain":0,"max_hp_loss":0,"event_name":"Masked Bandits","floor":30,"gold_loss":0}],"is_beta":false,"boss_relics":[{"not_picked":["Velvet Choker","Ring of the Serpent"],"picked":"HoveringKite"}],"items_purged_floors":[],"is_endless":false,"potions_floor_spawned":[4,7,13,16,21,28,30],"killed_by":"Automaton","ascension_level":0}