{"path_per_floor":["M","M","?","?","?","E","R","M","T","E","R","M","$","M","R","B",null,"M","?","M","?","M","R","E","R","T","E","R","?","M","$","R","B",null,"M","M","?","?","?","R","E","R","T","M","R","M","E","M","R","B"],"character_chosen":"IRONCLAD","items_purchased":["Shrug It Off"],"gold_per_floor":[111,123,123,73,73,107,107,120,120,155,155,169,40,52,52,157,157,171,171,191,191,203,203,234,234,234,264,264,189,208,108,108,211,211,229,244,244,291,291,291,319,319,319,333,333,343,372,384,384,384],"floor_reached":51,"campfire_rested":1,"playtime":9609,"current_hp_per_floor":[80,80,73,73,65,36,36,40,40,32,32,37,37,39,63,45,80,78,56,52,52,56,56,31,31,31,18,18,18,44,44,44,32,56,38,56,56,36,50,50,44,44,44,51,51,56,49,45,45,35],"items_purged":["Bash","Blood for Blood"],"gold":384,"play_id":"feb79da1-b6bf-480f-8860-1167a01830f3","is_prod":false,"is_daily":false,"is_ascension_mode":false,"campfire_upgraded":6,"path_taken":["M","M","?","?","?","E","R","M","T","E","R","?","$","M","R","BOSS","M","?","M","?","M","R","E","R","T","E","R","?","?","?","R","BOSS","M","M","?","?","?","R","E","R","T","M","R","?","E","M","R","BOSS"],"build_version":"2018-02-01-PROD3","purchased_purges":2,"victory":true,"master_deck":["Defend_R+1","Defend_R+1","Defend_R+1","Defend_R+1","Pommel Strike","Demon Form+1","Sword Boomerang","Shrug It Off+1","Juggernaut","Bite+1","Bite+1","Bite","Bite","Battle Trance+1","Cleave","Barricade","Warcry+1","Sword Boomerang+1","Sword Boomerang+1","Shrug It Off"],"max_hp_per_floor":[80,80,80,80,80,80,80,80,80,80,80,80,80,80,80,80,80,80,56,56,56,56,56,56,56,56,56,56,56,56,56,56,56,56,56,56,56,56,56,56,56,56,56,56,56,56,56,56,56,56],"relics":["Burning Blood","Lantern","Self Forming Clay","Red Skull","Ancient Tea Set","Velvet Choker","War Paint","Magic Flower","Paper Frog","Snecko Eye","Peace Pipe","Anchor","Centennial Puzzle","Pen Nib"],"card_choices":[{"not_picked":["Perfected Strike","Pommel Strike"],"picked":"Headbutt"},{"not_picked":["Flex","Shockwave"],"picked":"Pommel Strike"},{"not_picked":["Twin Strike","Reckless Charge"],"picked":"Inflame"},{"not_picked":["Twin Strike","Armaments"],"picked":"Demon Form"},{"not_picked":["Iron Wave","Body Slam"],"picked":"Blood for Blood"},{"not_picked":["Body Slam","Dual Wield"],"picked":"Sword Boomerang"},{"not_picked":["Berserk","Brutality"],"picked":"Juggernaut"},{"not_picked":["Infernal Blade","Perfected Strike"],"picked":"Battle Trance"},{"not_picked":["Warcry","Flex"],"picked":"Cleave"},{"not_picked":["Limit Break","Bludgeon"],"picked":"Barricade"},{"not_picked":["Headbutt","Cleave"],"picked":"Warcry"},{"not_picked":["Shockwave","Clothesline"],"picked":"Warcry"},{"not_picked":["Shrug It Off","Seeing Red"],"picked":"Sword Boomerang"},{"not_picked":["Spot Weakness","Rampage"],"picked":"Sword Boomerang"},{"not_picked":["Power Through","Feel No Pain"],"picked":"Shrug It Off"}],"player_experience":16257,"potions_floor_usage":[50],"damage_taken":[{"damage":0.0,"enemies":"Small Slimes","floor":1.0,"turns":4.0},{"damage":6.0,"enemies":"2 Louse","floor":2.0,"turns":3.0},{"damage":35.0,"enemies":"3 Sentries","floor":6.0,"turns":8.0},{"damage":2.0,"enemies":"Blue Slaver","floor":8.0,"turns":4.0},{"damage":14.0,"enemies":"Gremlin Nob","floor":10.0,"turns":3.0},{"damage":1.0,"enemies":"3 Louse","floor":12.0,"turns":3.0},{"damage":4.0,"enemies":"Gremlin Gang","floor":14.0,"turns":4.0},{"damage":33.0,"enemies":"Slime Boss","floor":16.0,"turns":6.0},{"damage":8.0,"enemies":"Chosen","floor":18.0,"turns":5.0},{"damage":16.0,"enemies":"Shell Parasite","floor":20.0,"turns":5.0},{"damage":8.0,"enemies":"Snecko","floor":22.0,"turns":4.0},{"damage":37.0,"enemies":"Gremlin Leader","floor":24.0,"turns":5.0},{"damage":58.0,"enemies":"Book of Stabbing","floor":27.0,"turns":8.0},{"damage":1.0,"enemies":"3 Cultists","floor":30.0,"turns":4.0},{"damage":80.0,"enemies":"Automaton","floor":33.0,"turns":10.0},{"damage":35.0,"enemies":"3 Shapes","floor":35.0,"turns":4.0},{"damage":10.0,"enemies":"Orb Walker","floor":36.0,"turns":4.0},{"damage":50.0,"enemies":"Mysterious Sphere","floor":38.0,"turns":4.0},{"damage":31,"enemies":"Giant Head","floor":41,"turns":8},{"damage":21,"enemies":"4 Shapes","floor":44,"turns":5},{"damage":0,"enemies":"Maw","floor":46,"turns":6},{"damage":26,"enemies":"2 Orb Walkers","floor":47,"turns":4},{"damage":21,"enemies":"3 Darklings","floor":48,"turns":3},{"damage":54,"enemies":"Donu and Deca","floor":50,"turns":6}],"event_choices":[{"event_name":"Scrap Ooze","player_choice":"success","floor":3.0,"damage_taken":7.0},{"event_name":"The Cleric","player_choice":"Card Removal","floor":4.0,"damage_taken":0.0},{"event_name":"Wheel of Change","player_choice":"Damage","floor":5.0,"damage_taken":0.0},{"event_name":"Vampires","player_choice":"Became a vampire","floor":19.0,"damage_taken":0.0},{"event_name":"Upgrade Shrine","player_choice":"Upgraded","floor":21.0,"damage_taken":0.0},{"event_name":"Beggar","player_choice":"Gave Gold","floor":29.0,"damage_taken":0.0},{"event_name":"Upgrade Shrine","player_choice":"Upgraded","floor":37.0,"damage_taken":0.0},{"event_name":"Mysterious Sphere","player_choice":"Fight","floor":38.0,"damage_taken":0.0},{"event_name":"Winding Halls","player_choice":"Writhe","floor":39.0,"damage_taken":0.0}],"boss_relics":[],"potions_floor_spawned":[10,14,16,20,27,30,35,36,44,47,48],"seed_played":"-7337526440556583307","ascension_level":0,"is_trial":false}