{"path_per_floor":["M","M","M","?","M","E","M","R","T","E","?","?","?","$","R","B",null,"M","M","M","?","?","R","E","R","T","R","E","R","?","M","R"],"character_chosen":"DEFECT","items_purchased":["Rainbow","Doom and Gloom","Gash"],"gold_per_floor":[119,134,152,102,122,157,167,167,216,251,316,316,341,3,3,127,127,150,174,187,187,228,228,259,259,259,259,293,293,293,312,312,312],"floor_reached":33,"campfire_rested":0,"playtime":3031,"item_purchase_floors":[14,14,14],"current_hp_per_floor":[75,73,72,72,62,40,41,41,41,46,46,46,29,29,29,22,79,75,79,79,79,49,49,56,56,56,56,42,42,33,33,33,0],"items_purged":["Strike_B"],"gold":312,"score":318,"play_id":"44203a69-d689-4234-a321-7204a17d77ab","local_time":"20180602013606","is_prod":false,"is_daily":false,"chose_seed":false,"is_ascension_mode":false,"campfire_upgraded":7,"win_rate":0.0,"timestamp":1527899766,"campfire_choices":[{"data":"Zap","floor":8,"key":"SMITH"},{"data":"Rainbow","floor":15,"key":"SMITH"},{"data":"Electrodynamics","floor":23,"key":"SMITH"},{"data":"Redo","floor":25,"key":"SMITH"},{"data":"Dualcast","floor":27,"key":"SMITH"},{"data":"Hologram","floor":29,"key":"SMITH"},{"data":"Hello World","floor":32,"key":"SMITH"}],"path_taken":["M","M","M","?","M","E","M","R","T","E","?","?","?","?","R","BOSS","M","M","M","?","?","R","E","R","T","R","E","R","?","M","R","BOSS"],"build_version":"2018-05-31","seed_source_timestamp":1561489086131715,"purchased_purges":1,"victory":false,"master_deck":["Strike_B","Strike_B","Defend_B","Defend_B","Defend_B","Defend_B","Zap+1","Dualcast+1","Melter","Cold Snap","Gash","Ball Lightning","Self Repair","FTL","Hello World+1","Redo+1","Rainbow+1","Doom and Gloom","Gash","Electrodynamics+1","Hologram+1","Scrape+1","Hologram+1","Storm+1"],"max_hp_per_floor":[75,75,75,75,75,75,75,75,75,85,85,79,79,79,79,79,79,79,79,79,79,79,79,79,79,79,79,79,79,79,79,79,79],"relics":["Cracked Core","Oddly Smooth Stone","Juzu Bracelet","Pear","Golden Idol","Odd Mushroom","Nuclear Battery","Pen Nib","Red Mask","Vajra","Kunai","Regal Pillow"],"card_choices":[{"not_picked":["Heatsinks","Self Repair"],"picked":"Melter","floor":1},{"not_picked":["Double Energy","Redo"],"picked":"Cold Snap","floor":2},{"not_picked":["Go for the Eyes","Conserve Battery"],"picked":"Gash","floor":3},{"not_picked":["Sweeping Beam","Reinforced Body"],"picked":"Ball Lightning","floor":5},{"not_picked":["Sweeping Beam","All For One"],"picked":"Self Repair","floor":6},{"not_picked":["Coolheaded","Redo"],"picked":"FTL","floor":7},{"not_picked":["Blizzard","Steam Power"],"picked":"Hello World","floor":10},{"not_picked":["Conserve Battery","Cold Snap"],"picked":"Redo","floor":13},{"not_picked":["Machine Learning","Reboot"],"picked":"Electrodynamics","floor":16},{"not_picked":["Redo","Go for the Eyes","Aggregate+1"],"picked":"SKIP","floor":18},{"not_picked":["Hologram","Sweeping Beam","Coolheaded"],"picked":"SKIP","floor":19},{"not_picked":["Reprogram+1","Streamline"],"picked":"Hologram+1","floor":20},{"not_picked":["Streamline","Force Field"],"picked":"Scrape+1","floor":24},{"not_picked":["Cold Snap","Steam"],"picked":"Hologram","floor":28},{"not_picked":["Hologram","Chill"],"picked":"Storm+1","floor":31}],"player_experience":262543,"potions_floor_usage":[7,7,10,24,31],"damage_taken":[{"damage":0,"enemies":"2 Louse","floor":1,"turns":2},{"damage":2,"enemies":"Small Slimes","floor":2,"turns":3},{"damage":1,"enemies":"Jaw Worm","floor":3,"turns":3},{"damage":10,"enemies":"3 Louse","floor":5,"turns":3},{"damage":22,"enemies":"Lagavulin","floor":6,"turns":5},{"damage":6,"enemies":"Lots of Slimes","floor":7,"turns":4},{"damage":12,"enemies":"3 Sentries","floor":10,"turns":5},{"damage":24,"enemies":"The Mushroom Lair","floor":13,"turns":4},{"damage":14,"enemies":"The Guardian","floor":16,"turns":10},{"damage":11,"enemies":"Chosen","floor":18,"turns":4},{"damage":0,"enemies":"Spheric Guardian","floor":19,"turns":2},{"damage":7,"enemies":"Snecko","floor":20,"turns":3},{"damage":37,"enemies":"Masked Bandits","floor":22,"turns":4},{"damage":0,"enemies":"Slavers","floor":24,"turns":3},{"damage":21,"enemies":"Gremlin Leader","floor":28,"turns":4},{"damage":7,"enemies":"Snake Plant","floor":31,"turns":3},{"damage":41,"enemies":"Champ","floor":33,"turns":7}],"relics_obtained":[{"floor":6,"key":"Oddly Smooth Stone"},{"floor":9,"key":"Juzu Bracelet"},{"floor":10,"key":"Pear"},{"floor":13,"key":"Odd Mushroom"},{"floor":22,"key":"Red Mask"},{"floor":24,"key":"Vajra"},{"floor":26,"key":"Kunai"},{"floor":28,"key":"Regal Pillow"}],"event_choices":[{"event_name":"The Cleric","player_choice":"Card Removal","floor":4,"damage_taken":0},{"event_name":"Golden Wing","player_choice":"Gained Gold","floor":11,"damage_taken":0},{"event_name":"Golden Idol","player_choice":"Lose Max HP","floor":12,"damage_taken":0},{"event_name":"Mushrooms","player_choice":"Fought Mushrooms","floor":13,"damage_taken":0},{"event_name":"The Mausoleum","player_choice":"Yes","floor":21,"damage_taken":0},{"event_name":"Masked Bandits","player_choice":"Fought over 187 gold","floor":22,"damage_taken":0},{"event_name":"Cursed Tome","player_choice":"Stopped","floor":30,"damage_taken":0}],"boss_relics":[{"not_picked":["Eternal Feather","Cursed Key"],"picked":"Nuclear Battery"}],"items_purged_floors":[14],"potions_floor_spawned":[1,5,7,16,19,22,28],"seed_played":"728064409940022783","killed_by":"Champ","ascension_level":0,"potions_obtained":[{"floor":1,"key":"FocusPotion"},{"floor":5,"key":"Swift Potion"},{"floor":7,"key":"EssenceOfSteel"},{"floor":16,"key":"Strength Potion"},{"floor":19,"key":"Explosive Potion"},{"floor":22,"key":"Block Potion"},{"floor":28,"key":"Fire Potion"}],"is_trial":false}