{"gold_per_floor":[114,114,135,210,210,210,225,225,225,265,265,265,305,321,321,414,414,438,453,503,516,122,122],"floor_reached":23,"playtime":1444,"items_purged":["Strike_B"],"score":378,"play_id":"e313cee8-674d-4022-86cd-bcae9ee97e9e","local_time":"20190816203359","is_ascension_mode":true,"campfire_choices":[{"data":"Dualcast","floor":6.0,"key":"SMITH"},{"data":"Glacier","floor":8.0,"key":"SMITH"},{"floor":11.0,"key":"REST"},{"floor":15.0,"key":"REST"}],"neow_cost":"NONE","seed_source_timestamp":194957921133100,"circlet_count":0,"master_deck":["AscendersBane","Strike_B","Strike_B","Strike_B","Defend_B","Defend_B","Defend_B","Defend_B","Zap+1","Dualcast+1","Cold Snap","Glacier+1","Ball Lightning","Hologram","All For One","Loop+1","Chill","Defragment"],"special_seed":0,"relics":["Cracked Core","Golden Idol","Anchor","Symbiotic Virus","StoneCalendar","Darkstone Periapt","Coffee Dripper","Vajra"],"potions_floor_usage":[23,23],"damage_taken":[{"damage":9.0,"enemies":"Jaw Worm","floor":1.0,"turns":3.0},{"damage":2.0,"enemies":"2 Louse","floor":3.0,"turns":2.0},{"damage":0.0,"enemies":"Cultist","floor":7.0,"turns":3.0},{"damage":19.0,"enemies":"Lagavulin","floor":10.0,"turns":11.0},{"damage":34.0,"enemies":"Gremlin Nob","floor":13.0,"turns":5.0},{"damage":0.0,"enemies":"Red Slaver","floor":14.0,"turns":2.0},{"damage":23.0,"enemies":"Slime Boss","floor":16.0,"turns":7.0},{"damage":5.0,"enemies":"2 Thieves","floor":18.0,"turns":4.0},{"damage":4.0,"enemies":"Shell Parasite","floor":19.0,"turns":5.0},{"damage":10.0,"enemies":"Snecko","floor":21.0,"turns":6.0},{"damage":54,"enemies":"Gremlin Leader","floor":23,"turns":9}],"seed_played":"-5752064578550205458","potions_obtained":[{"floor":3.0,"key":"PowerPotion"},{"floor":14.0,"key":"AttackPotion"},{"floor":16.0,"key":"Poison Potion"},{"floor":19.0,"key":"PowerPotion"}],"is_trial":false,"path_per_floor":["M","?","M","?","?","R","M","R","T","E","R","?","E","M","R","B",null,"M","M","?","M","$","E"],"character_chosen":"DEFECT","items_purchased":["Defragment","Vajra","SkillPotion","SkillPotion"],"campfire_rested":2,"item_purchase_floors":[22,22,22,22],"current_hp_per_floor":[62,62,60,49,49,49,49,49,49,30,51,51,17,17,38,15,57,52,48,48,38,38,0],"gold":122,"neow_bonus":"TEN_PERCENT_HP_BONUS","is_prod":false,"is_daily":false,"chose_seed":false,"campfire_upgraded":2,"win_rate":0,"timestamp":1566012839,"path_taken":["M","?","M","?","?","R","M","R","T","E","R","?","E","M","R","BOSS","M","M","?","M","$","E"],"build_version":"2019-07-17","purchased_purges":1,"victory":false,"max_hp_per_floor":[78,71,71,71,71,71,71,71,71,71,71,71,71,71,71,71,71,71,71,71,71,71,71],"card_choices":[{"not_picked":["Sweeping Beam","Conserve Battery"],"picked":"Cold Snap","floor":1.0},{"not_picked":["Redo","Lockon","Gash"],"picked":"SKIP","floor":3.0},{"not_picked":["Loop","Hello World"],"picked":"Glacier","floor":7.0},{"not_picked":["Undo","Genetic Algorithm"],"picked":"Ball Lightning","floor":10.0},{"not_picked":["Conserve Battery","Sweeping Beam"],"picked":"Hologram","floor":13.0},{"not_picked":["Rebound","Cold Snap","Beam Cell"],"picked":"SKIP","floor":14.0},{"not_picked":["Hyperbeam","Meteor Strike"],"picked":"All For One","floor":16.0},{"not_picked":["Leap","Reprogram+1","Cold Snap+1"],"picked":"SKIP","floor":18.0},{"not_picked":["Stack+1","Gash"],"picked":"Loop+1","floor":19.0},{"not_picked":["Melter","Double Energy"],"picked":"Chill","floor":21.0}],"player_experience":672536,"relics_obtained":[{"floor":9.0,"key":"Anchor"},{"floor":10.0,"key":"Symbiotic Virus"},{"floor":13.0,"key":"Darkstone Periapt"}],"event_choices":[{"damage_healed":0.0,"max_hp_gain":0.0,"max_hp_loss":7.0,"gold_gain":0.0,"event_name":"Golden Idol","player_choice":"Lose Max HP","floor":2.0,"gold_loss":0.0,"damage_taken":0.0,"relics_obtained":["Golden Idol"]},{"damage_healed":0.0,"max_hp_gain":0.0,"max_hp_loss":0.0,"gold_gain":75.0,"event_name":"World of Goop","player_choice":"Gather Gold","floor":4.0,"gold_loss":0.0,"damage_taken":11.0},{"damage_healed":0.0,"max_hp_gain":0.0,"max_hp_loss":0.0,"gold_gain":0.0,"event_name":"Living Wall","player_choice":"Grow","floor":5.0,"gold_loss":0.0,"damage_taken":0.0,"cards_upgraded":["Zap"]},{"damage_healed":0.0,"max_hp_gain":0.0,"max_hp_loss":0.0,"gold_gain":0.0,"event_name":"Dead Adventurer","player_choice":"Searched \u00272\u0027 times","floor":12.0,"gold_loss":0.0,"damage_taken":0.0,"relics_obtained":["StoneCalendar"]},{"damage_healed":0.0,"max_hp_gain":0.0,"max_hp_loss":0.0,"gold_gain":100.0,"event_name":"The Joust","player_choice":"Bet on Murderer","floor":20.0,"gold_loss":50.0,"damage_taken":0.0}],"is_beta":false,"boss_relics":[{"not_picked":["Empty Cage","Calling Bell"],"picked":"Coffee Dripper"}],"items_purged_floors":[22],"is_endless":false,"potions_floor_spawned":[3,14,16,19],"killed_by":"Gremlin Leader","ascension_level":18}