{"gold_per_floor":[112,130,130,142,217,217,20,52,100,100,100,114,130,160,160,160],"floor_reached":16,"playtime":923,"items_purged":[],"score":154,"play_id":"f2348037-d5e9-43e6-9473-03378043b8dd","local_time":"20190224080042","is_ascension_mode":true,"campfire_choices":[{"data":"Bash","floor":6,"key":"SMITH"},{"data":"Havoc","floor":11,"key":"SMITH"},{"data":"1","floor":15,"key":"LIFT"}],"neow_cost":"NONE","seed_source_timestamp":195937664458888,"circlet_count":0,"master_deck":["Strike_R","Strike_R","Strike_R","Defend_R","Defend_R","Defend_R","Defend_R","Bash+1","Iron Wave","Corruption","Ghostly Armor","Havoc+1","Dropkick","Metallicize","Inflame"],"relics":["Burning Blood","GremlinMask","Vajra","Potion Belt","Bronze Scales","Girya"],"potions_floor_usage":[14,16],"damage_taken":[{"damage":7,"enemies":"Small Slimes","floor":1,"turns":4},{"damage":1,"enemies":"Cultist","floor":2,"turns":3},{"damage":9,"enemies":"2 Louse","floor":4,"turns":3},{"damage":49,"enemies":"Gremlin Nob","floor":8,"turns":6},{"damage":1,"enemies":"Exordium Thugs","floor":12,"turns":4},{"damage":0,"enemies":"Blue Slaver","floor":13,"turns":4},{"damage":11,"enemies":"3 Sentries","floor":14,"turns":10},{"damage":36,"enemies":"Slime Boss","floor":16,"turns":7}],"seed_played":"1734528724926199270","potions_obtained":[{"floor":8,"key":"EssenceOfSteel"},{"floor":13,"key":"FairyPotion"},{"floor":14,"key":"SpeedPotion"}],"is_trial":false,"path_per_floor":["M","M","?","M","?","R","$","E","T","?","R","M","M","E","R","B"],"character_chosen":"IRONCLAD","items_purchased":["Vajra","Havoc"],"campfire_rested":0,"item_purchase_floors":[7,7],"current_hp_per_floor":[71,76,76,73,62,62,62,19,19,12,12,17,23,18,18,0],"gold":160,"neow_bonus":"REMOVE_CARD","is_prod":false,"is_daily":false,"chose_seed":false,"campfire_upgraded":2,"win_rate":0,"timestamp":1550995242,"path_taken":["M","M","?","?","?","R","$","E","T","?","R","?","M","E","R","BOSS"],"build_version":"2019-01-23","purchased_purges":0,"victory":false,"max_hp_per_floor":[80,80,80,80,80,80,80,80,80,80,80,80,80,80,80,80],"card_choices":[{"not_picked":["Perfected Strike","Clothesline"],"picked":"Iron Wave","floor":1},{"not_picked":["True Grit","Sword Boomerang"],"picked":"Corruption","floor":2},{"not_picked":["Warcry","Thunderclap"],"picked":"Ghostly Armor","floor":4},{"not_picked":["Sever Soul","Clothesline"],"picked":"Dropkick","floor":8},{"not_picked":["Searing Blow","Iron Wave","Heavy Blade"],"picked":"SKIP","floor":12},{"not_picked":["Pummel","Reckless Charge"],"picked":"Metallicize","floor":13},{"not_picked":["Perfected Strike","Clothesline"],"picked":"Inflame","floor":14}],"player_experience":472326,"relics_obtained":[{"floor":8,"key":"Potion Belt"},{"floor":9,"key":"Bronze Scales"},{"floor":14,"key":"Girya"}],"event_choices":[{"damage_healed":0,"gold_gain":0,"player_choice":"Trade","damage_taken":0,"relics_obtained":["GremlinMask"],"max_hp_gain":0,"max_hp_loss":0,"event_name":"FaceTrader","floor":3,"gold_loss":0},{"damage_healed":0,"gold_gain":75,"player_choice":"Gather Gold","damage_taken":11,"max_hp_gain":0,"max_hp_loss":0,"event_name":"World of Goop","floor":5,"gold_loss":0},{"cards_removed":["Strike_R"],"damage_healed":0,"gold_gain":0,"player_choice":"Card Removal","damage_taken":7,"max_hp_gain":0,"max_hp_loss":0,"event_name":"Golden Wing","floor":10,"gold_loss":0}],"is_beta":false,"boss_relics":[],"items_purged_floors":[],"is_endless":false,"potions_floor_spawned":[8,13,14],"killed_by":"Slime Boss","ascension_level":8}