{"gold_per_floor":[119,132,82,82,157,187,204,204,204,204,232,248,9,9,9,110,110,126,146,71,71,88,88,104,134,191,191,201,220,30,30,30,30],"floor_reached":33,"playtime":1736,"items_purged":[],"score":430,"play_id":"5f76a327-abee-4612-a364-011d44594c28","local_time":"20181223180046","is_ascension_mode":true,"campfire_choices":[{"data":"Burst","floor":8.0,"key":"SMITH"},{"data":"Blade Dance","floor":10.0,"key":"SMITH"},{"data":"Noxious Fumes","floor":15.0,"key":"SMITH"},{"data":"Footwork","floor":23.0,"key":"SMITH"},{"data":"Backflip","floor":27.0,"key":"SMITH"},{"data":"Envenom","floor":32.0,"key":"SMITH"}],"neow_cost":"NONE","seed_source_timestamp":0,"circlet_count":0,"master_deck":["Defend_G","Defend_G","Defend_G","Defend_G","Strike_G","Strike_G","Strike_G","Survivor","Neutralize","Blade Dance+1","All Out Attack","Burst+1","Blade Dance","Noxious Fumes+1","Noxious Fumes","Footwork+1","Die Die Die","Leg Sweep","Dash+1","Injury","Flying Knee+1","Backflip+1","Backflip","Regret","Envenom+1","Injury"],"special_seed":0,"relics":["Ring of the Snake","NeowsBlessing","Du-Vu Doll","Meat on the Bone","Bottled Flame","Lee\u0027s Waffle","Bag of Preparation","Cursed Key","Ornamental Fan","Pear","Tiny Chest","Bottled Tornado"],"potions_floor_usage":[33,33],"damage_taken":[{"damage":0.0,"enemies":"Cultist","floor":1.0,"turns":1.0},{"damage":0.0,"enemies":"Small Slimes","floor":2.0,"turns":1.0},{"damage":0.0,"enemies":"Lagavulin","floor":6.0,"turns":1.0},{"damage":1.0,"enemies":"2 Louse","floor":7.0,"turns":2.0},{"damage":20.0,"enemies":"Gremlin Nob","floor":11.0,"turns":3.0},{"damage":5.0,"enemies":"Looter","floor":12.0,"turns":4.0},{"damage":57.0,"enemies":"Hexaghost","floor":16.0,"turns":9.0},{"damage":6.0,"enemies":"3 Byrds","floor":18.0,"turns":3.0},{"damage":11.0,"enemies":"Chosen","floor":19.0,"turns":6.0},{"damage":9.0,"enemies":"Sentry and Sphere","floor":22.0,"turns":4.0},{"damage":8.0,"enemies":"Centurion and Healer","floor":24.0,"turns":6.0},{"damage":38.0,"enemies":"Slavers","floor":25.0,"turns":5.0},{"damage":2.0,"enemies":"Snake Plant","floor":28.0,"turns":6.0},{"damage":0.0,"enemies":"3 Cultists","floor":29.0,"turns":4.0},{"damage":59,"enemies":"Champ","floor":33,"turns":10}],"seed_played":"-7107873311346170196","potions_obtained":[{"floor":2.0,"key":"Regen Potion"},{"floor":6.0,"key":"Strength Potion"},{"floor":18.0,"key":"Block Potion"},{"floor":19.0,"key":"PowerPotion"},{"floor":24.0,"key":"Block Potion"}],"is_trial":false,"path_per_floor":["M","M","?","?","?","E","E","M","R","T","R","E","M","$","T","R","B",null,"M","M","?","T","M","R","M","E","T","R","M","M","$","T","R","B"],"character_chosen":"THE_SILENT","items_purchased":["Footwork","Lee\u0027s Waffle","Envenom","Dexterity Potion"],"campfire_rested":0,"item_purchase_floors":[13,13,30,30],"current_hp_per_floor":[63,63,63,63,52,52,51,51,51,51,43,38,77,77,77,32,66,60,49,49,49,40,40,44,28,28,28,38,50,50,50,50,0],"gold":30,"neow_bonus":"THREE_ENEMY_KILL","is_prod":false,"is_daily":false,"chose_seed":false,"campfire_upgraded":6,"win_rate":0,"timestamp":1545588046,"path_taken":["M","?","?","?","?","E","M","R","T","R","E","M","?","?","R","BOSS","M","M","?","?","M","R","?","E","T","R","M","M","$","?","R","BOSS"],"build_version":"2018-12-20","purchased_purges":0,"victory":false,"max_hp_per_floor":[70,70,70,70,70,70,70,70,70,70,70,70,77,77,77,77,77,77,77,77,77,77,77,77,87,87,87,87,87,87,87,87,87],"card_choices":[{"not_picked":["Deadly Poison","Prepared","Eviscerate"],"picked":"SKIP","floor":1.0},{"not_picked":["Slice","Underhanded Strike"],"picked":"Blade Dance","floor":2.0},{"not_picked":["All Out Attack","Dagger Spray"],"picked":"Burst","floor":6.0},{"not_picked":["PiercingWail","Dagger Throw"],"picked":"Blade Dance","floor":7.0},{"not_picked":["Bane","Well Laid Plans"],"picked":"Noxious Fumes","floor":11.0},{"not_picked":["Quick Slash","Deflect"],"picked":"Noxious Fumes","floor":12.0},{"not_picked":["Phantasmal Killer","Grand Finale"],"picked":"Die Die Die","floor":16.0},{"not_picked":["Underhanded Strike","Flying Knee"],"picked":"Leg Sweep","floor":18.0},{"not_picked":["Calculated Gamble+1","Bane"],"picked":"Dash+1","floor":19.0},{"not_picked":["Choke","Predator"],"picked":"Flying Knee+1","floor":22.0},{"not_picked":["Sucker Punch+1","Calculated Gamble+1"],"picked":"Backflip","floor":24.0},{"not_picked":["Riddle With Holes","Quick Slash"],"picked":"Backflip","floor":25.0},{"not_picked":["Dagger Throw+1","Bane","Poisoned Stab"],"picked":"SKIP","floor":28.0},{"not_picked":["Dodge and Roll","Riddle With Holes+1","Distraction+1"],"picked":"SKIP","floor":29.0}],"player_experience":377094,"relics_obtained":[{"floor":6.0,"key":"Du-Vu Doll"},{"floor":9.0,"key":"Meat on the Bone"},{"floor":11.0,"key":"Bottled Flame"},{"floor":14.0,"key":"Bag of Preparation"},{"floor":21.0,"key":"Ornamental Fan"},{"floor":25.0,"key":"Pear"},{"floor":26.0,"key":"Tiny Chest"},{"floor":31.0,"key":"Bottled Tornado"}],"event_choices":[{"cards_removed":["Strike_G"],"damage_healed":0.0,"max_hp_gain":0.0,"max_hp_loss":0.0,"gold_gain":0.0,"event_name":"The Cleric","player_choice":"Card Removal","floor":3.0,"gold_loss":50.0,"damage_taken":0.0},{"damage_healed":0.0,"max_hp_gain":0.0,"max_hp_loss":0.0,"gold_gain":0.0,"cards_transformed":["Defend_G"],"event_name":"Living Wall","player_choice":"Change","floor":4.0,"gold_loss":0.0,"damage_taken":0.0,"cards_obtained":["All Out Attack"]},{"damage_healed":0.0,"max_hp_gain":0.0,"max_hp_loss":0.0,"gold_gain":75.0,"event_name":"World of Goop","player_choice":"Gather Gold","floor":5.0,"gold_loss":0.0,"damage_taken":11.0},{"cards_removed":["Strike_G"],"damage_healed":0.0,"max_hp_gain":0.0,"max_hp_loss":0.0,"gold_gain":0.0,"event_name":"Beggar","player_choice":"Gave Gold","floor":20.0,"gold_loss":75.0,"damage_taken":0.0}],"is_beta":false,"boss_relics":[{"not_picked":["Fusion Hammer","Runic Dome"],"picked":"Cursed Key"}],"items_purged_floors":[],"is_endless":false,"potions_floor_spawned":[2,6,18,19,24,25],"killed_by":"Champ","ascension_level":7}