{"gold_per_floor":[118,118,24,41,57,57,88,107,132,152,187,187,207,223,223,300,300,312,237,256,286,106,122,132,144,199,227,102,132,132,160,172,184],"floor_reached":33,"playtime":2967,"items_purged":["Strike_B","Strike_B","Strike_B"],"score":664,"play_id":"1596544a-8937-45ba-9daf-65cfdeb43df4","local_time":"20190407193005","is_ascension_mode":true,"campfire_choices":[{"data":"Static Discharge","floor":6,"key":"SMITH"},{"data":"Consume","floor":12,"key":"SMITH"},{"data":"Loop","floor":15,"key":"SMITH"},{"floor":32,"key":"REST"}],"neow_cost":"PERCENT_DAMAGE","seed_source_timestamp":848289150247917,"circlet_count":0,"master_deck":["AscendersBane","Defend_B","Defend_B","Defend_B","Defend_B","Zap+1","Dualcast+1","Self Repair","Cold Snap","Static Discharge+1","Glacier","Consume+1","Loop+1","Ball Lightning","Conserve Battery","Hologram","Biased Cognition","Defragment","Conserve Battery","Rainbow","Sunder+1","BootSequence","Ball Lightning","Compile Driver","Scrape"],"special_seed":0,"relics":["Cracked Core","Prayer Wheel","Art of War","War Paint","Bag of Marbles","Runic Dome","Tiny Chest","Orichalcum","Regal Pillow","Pen Nib","MawBank"],"potions_floor_usage":[7,10,20,23,25,33],"damage_taken":[{"damage":0.0,"enemies":"Small Slimes","floor":1.0,"turns":3.0},{"damage":1,"enemies":"Cultist","floor":4,"turns":4},{"damage":2,"enemies":"2 Louse","floor":5,"turns":2},{"damage":18,"enemies":"Gremlin Nob","floor":7,"turns":4},{"damage":0,"enemies":"Large Slime","floor":8,"turns":6},{"damage":0,"enemies":"Red Slaver","floor":10,"turns":1},{"damage":13,"enemies":"3 Sentries","floor":11,"turns":7},{"damage":1,"enemies":"Blue Slaver","floor":13,"turns":7},{"damage":10,"enemies":"Exordium Wildlife","floor":14,"turns":5},{"damage":0,"enemies":"The Guardian","floor":16,"turns":15},{"damage":18,"enemies":"Shell Parasite","floor":18,"turns":4},{"damage":11,"enemies":"3 Byrds","floor":20,"turns":3},{"damage":0,"enemies":"Cultist and Chosen","floor":23,"turns":4},{"damage":6,"enemies":"Centurion and Healer","floor":24,"turns":10},{"damage":13,"enemies":"3 Cultists","floor":25,"turns":4},{"damage":2,"enemies":"Book of Stabbing","floor":27,"turns":6},{"damage":34,"enemies":"Slavers","floor":29,"turns":4},{"damage":18,"enemies":"Book of Stabbing","floor":31,"turns":4},{"damage":64,"enemies":"Collector","floor":33,"turns":6}],"seed_played":"-6490457628396522524","potions_obtained":[{"floor":4,"key":"FearPotion"},{"floor":8,"key":"Explosive Potion"},{"floor":11,"key":"GamblersBrew"},{"floor":14,"key":"AttackPotion"},{"floor":24,"key":"Explosive Potion"},{"floor":29,"key":"GamblersBrew"}],"is_trial":false,"path_per_floor":["M","?","$","M","M","R","E","M","T","M","E","R","M","M","R","B",null,"M","$","M","T","$","M","M","M","T","E","$","E","?","E","R","B"],"character_chosen":"DEFECT","items_purchased":["Static Discharge","Fire Potion","Rainbow"],"campfire_rested":1,"item_purchase_floors":[3,3,22],"current_hp_per_floor":[46,42,42,48,53,53,42,49,49,49,43,43,49,46,46,53,67,56,56,52,52,52,52,53,47,47,52,52,25,25,14,50,0],"gold":184,"neow_bonus":"ONE_RARE_RELIC","is_prod":false,"is_daily":false,"chose_seed":false,"campfire_upgraded":3,"win_rate":0,"timestamp":1554661805,"path_taken":["M","?","$","M","M","R","E","M","T","M","E","R","M","M","R","BOSS","M","$","M","?","$","M","M","M","T","E","$","E","?","E","R","BOSS"],"build_version":"2019-01-23","purchased_purges":3,"victory":false,"max_hp_per_floor":[71,71,71,71,71,71,71,71,71,71,71,71,71,71,71,71,71,71,71,71,71,71,71,71,71,71,71,71,71,71,71,71,71],"card_choices":[{"not_picked":["Leap","Gash"],"picked":"Self Repair","floor":1.0},{"not_picked":["Double Energy","White Noise"],"picked":"Cold Snap","floor":1.0},{"not_picked":["Barrage","Recycle"],"picked":"Glacier","floor":4},{"not_picked":["Conserve Battery","Rebound","Stack"],"picked":"SKIP","floor":4},{"not_picked":["Barrage","FTL"],"picked":"Consume","floor":5},{"not_picked":["Chaos","Sweeping Beam"],"picked":"Loop","floor":5},{"not_picked":["Meteor Strike","Force Field","Streamline"],"picked":"SKIP","floor":7},{"not_picked":["Hello World","Leap"],"picked":"Ball Lightning","floor":8},{"not_picked":["Leap","Undo","Compile Driver"],"picked":"SKIP","floor":8},{"not_picked":["BootSequence","Hello World"],"picked":"Conserve Battery","floor":10},{"not_picked":["Rebound","BootSequence","Beam Cell"],"picked":"SKIP","floor":10},{"not_picked":["Hyperbeam","Beam Cell","Recycle"],"picked":"SKIP","floor":11},{"not_picked":["Turbo","Reinforced Body"],"picked":"Hologram","floor":13},{"not_picked":["Redo","Static Discharge"],"picked":"Gash","floor":13},{"not_picked":["Aggregate","Blizzard","Stack"],"picked":"SKIP","floor":14},{"not_picked":["Lockon","Steam","Hello World"],"picked":"SKIP","floor":14},{"not_picked":["All For One","Hyperbeam"],"picked":"Biased Cognition","floor":16},{"not_picked":["Stack","Cold Snap","Turbo"],"picked":"SKIP","floor":18},{"not_picked":["Rip and Tear","Go for the Eyes","Rebound"],"picked":"SKIP","floor":18},{"not_picked":["Reboot","Conserve Battery"],"picked":"Defragment","floor":20},{"not_picked":["Cold Snap","Blizzard"],"picked":"Conserve Battery","floor":20},{"not_picked":["Leap+1","Rip and Tear"],"picked":"Sunder+1","floor":23},{"not_picked":["Aggregate","Sweeping Beam"],"picked":"BootSequence","floor":23},{"not_picked":["Sweeping Beam","Cold Snap","Barrage"],"picked":"SKIP","floor":24},{"not_picked":["Barrage","Recycle","Skim"],"picked":"SKIP","floor":24},{"not_picked":["Melter","Barrage"],"picked":"Ball Lightning","floor":25},{"not_picked":["Reprogram+1","Coolheaded","Tempest"],"picked":"SKIP","floor":25},{"not_picked":["Double Energy","Buffer","Rebound"],"picked":"SKIP","floor":27},{"not_picked":["Steam","Barrage","Hologram"],"picked":"SKIP","floor":29},{"not_picked":["Leap","BootSequence","Consume+1"],"picked":"SKIP","floor":31}],"player_experience":765721,"relics_obtained":[{"floor":7,"key":"Art of War"},{"floor":9,"key":"War Paint"},{"floor":11,"key":"Bag of Marbles"},{"floor":21,"key":"Tiny Chest"},{"floor":26,"key":"Orichalcum"},{"floor":27,"key":"Regal Pillow"},{"floor":29,"key":"Pen Nib"},{"floor":31,"key":"MawBank"}],"event_choices":[{"damage_healed":0.0,"max_hp_gain":0.0,"max_hp_loss":0.0,"gold_gain":0.0,"event_name":"The Woman in Blue","player_choice":"Bought 0 Potions","floor":2.0,"gold_loss":0.0,"damage_taken":0.0},{"damage_healed":0,"gold_gain":0,"cards_transformed":["Strike_B","Gash"],"player_choice":"Became Test Subject","damage_taken":0,"max_hp_gain":0,"max_hp_loss":0,"event_name":"Drug Dealer","floor":30,"gold_loss":0,"cards_obtained":["Compile Driver","Scrape"]}],"is_beta":false,"boss_relics":[{"not_picked":["Nuclear Battery","Ectoplasm"],"picked":"Runic Dome"}],"items_purged_floors":[19,22,28],"is_endless":false,"potions_floor_spawned":[4,8,11,14,16,24,29],"killed_by":"Collector","ascension_level":16}