{"gold_per_floor":[116,116,116,133,143,168,185,202,202,220,245,245,245,264,264,360,360,379,379,44,44,59,89,89,123,196,225,225,245,245,262,262,357,357,368,379,398,398,55,55,80,80,80,80,98,118,118,132,132,132],"floor_reached":51,"playtime":4330,"items_purged":["Strike_B"],"score":1149,"play_id":"8a45f8d1-3d7a-4d08-805a-a47113ac6e15","local_time":"20190316153837","is_ascension_mode":true,"campfire_choices":[{"floor":13.0,"key":"REST"},{"data":"Creative AI","floor":15.0,"key":"SMITH"},{"floor":24.0,"key":"REST"},{"data":"Sunder","floor":28,"key":"SMITH"},{"data":"Hologram","floor":30,"key":"SMITH"},{"data":"Static Discharge","floor":32,"key":"SMITH"},{"data":"Consume","floor":40,"key":"SMITH"},{"floor":42,"key":"REST"},{"floor":47,"key":"REST"},{"floor":49,"key":"REST"}],"neow_cost":"NONE","seed_source_timestamp":0,"circlet_count":0,"master_deck":["AscendersBane","Strike_B+1","Strike_B+1","Strike_B+1","Defend_B","Defend_B","Defend_B+1","Defend_B","Dualcast","Conserve Battery","Loop","Sunder+1","Steam","Hologram+1","Electrodynamics","Static Discharge+1","Creative AI+1","Coolheaded","Seek","Doom and Gloom","Ball Lightning+1","Reprogram+1","Heatsinks","Cold Snap","Force Field","Echo Form","Steam","Cold Snap+1","Consume+1","Self Repair","Rainbow","Loop","Cold Snap+1","Conserve Battery+1","Undo+1"],"special_seed":0,"relics":["Cracked Core","Whetstone","Anchor","Letter Opener","Bag of Preparation","Cables","Velvet Choker","PreservedInsect","Omamori","Darkstone Periapt","Orichalcum","Symbiotic Virus","Pen Nib","Inserter","OrangePellets","Potion Belt","Sundial"],"potions_floor_usage":[33,33,36,41,45],"damage_taken":[{"damage":0.0,"enemies":"Cultist","floor":1.0,"turns":3.0},{"damage":5.0,"enemies":"Small Slimes","floor":4.0,"turns":3.0},{"damage":0.0,"enemies":"2 Louse","floor":5.0,"turns":2.0},{"damage":25.0,"enemies":"3 Sentries","floor":6.0,"turns":6.0},{"damage":0.0,"enemies":"Looter","floor":7.0,"turns":3.0},{"damage":0.0,"enemies":"2 Fungi Beasts","floor":8.0,"turns":3.0},{"damage":0.0,"enemies":"3 Louse","floor":10.0,"turns":2.0},{"damage":22.0,"enemies":"Gremlin Nob","floor":11.0,"turns":4.0},{"damage":5.0,"enemies":"Looter","floor":14.0,"turns":3.0},{"damage":22.0,"enemies":"Slime Boss","floor":16.0,"turns":7.0},{"damage":0.0,"enemies":"Spheric Guardian","floor":18.0,"turns":3.0},{"damage":0.0,"enemies":"Chosen","floor":22.0,"turns":4.0},{"damage":15.0,"enemies":"Book of Stabbing","floor":23.0,"turns":6.0},{"damage":0.0,"enemies":"Gremlin Leader","floor":25.0,"turns":4.0},{"damage":20,"enemies":"Book of Stabbing","floor":27,"turns":3},{"damage":7,"enemies":"Snake Plant","floor":29,"turns":3},{"damage":1,"enemies":"Snecko","floor":31,"turns":3},{"damage":4,"enemies":"Automaton","floor":33,"turns":8},{"damage":1,"enemies":"Orb Walker","floor":35,"turns":3},{"damage":0,"enemies":"3 Shapes","floor":36,"turns":2},{"damage":23,"enemies":"Spire Growth","floor":37,"turns":5},{"damage":51,"enemies":"Reptomancer","floor":41,"turns":6},{"damage":25,"enemies":"Writhing Mass","floor":45,"turns":6},{"damage":2,"enemies":"4 Shapes","floor":46,"turns":5},{"damage":8,"enemies":"Spire Growth","floor":48,"turns":6},{"damage":15,"enemies":"Time Eater","floor":50,"turns":9}],"seed_played":"-2191233145141987472","potions_obtained":[{"floor":4.0,"key":"Poison Potion"},{"floor":5.0,"key":"SpeedPotion"},{"floor":7.0,"key":"Fire Potion"},{"floor":14.0,"key":"SteroidPotion"},{"floor":16.0,"key":"SteroidPotion"},{"floor":22.0,"key":"Weak Potion"},{"floor":29,"key":"Block Potion"},{"floor":33,"key":"Explosive Potion"},{"floor":35,"key":"EssenceOfSteel"},{"floor":37,"key":"Block Potion"},{"floor":45,"key":"AttackPotion"}],"is_trial":false,"path_per_floor":["M","?","?","M","M","E","M","M","T","M","E","?","R","M","R","B",null,"M","?","$","?","M","E","R","E","T","E","R","M","R","M","R","B",null,"M","M","M","?","$","R","E","R","T","?","M","M","R","M","R","B",null],"character_chosen":"DEFECT","items_purchased":["PreservedInsect","Omamori","Doom and Gloom","OrangePellets","Self Repair"],"campfire_rested":5,"item_purchase_floors":[20,20,20,39,39],"current_hp_per_floor":[68,73,57,52,52,27,27,27,27,27,5,5,29,24,24,2,61,61,61,61,61,61,46,70,70,70,50,50,43,43,42,42,38,70,69,69,46,66,66,66,22,46,46,46,28,33,57,56,80,65],"gold":132,"neow_bonus":"RANDOM_COMMON_RELIC","is_prod":false,"is_daily":false,"chose_seed":false,"campfire_upgraded":5,"win_rate":0,"timestamp":1552750717,"path_taken":["M","?","?","M","M","E","M","M","T","M","E","?","R","M","R","BOSS","M","?","$","?","M","E","R","E","T","E","R","M","R","M","R","BOSS","M","M","M","?","$","R","E","R","T","?","M","?","R","M","R","BOSS"],"build_version":"2019-01-23","purchased_purges":1,"victory":true,"max_hp_per_floor":[75,80,80,80,80,80,80,80,80,80,80,80,80,80,80,80,80,80,80,80,80,80,80,80,80,80,80,80,80,80,80,80,80,80,80,80,80,80,80,80,80,80,80,80,80,80,80,80,80,80],"card_choices":[{"not_picked":["Hello World","Gash"],"picked":"Conserve Battery","floor":1.0},{"not_picked":["Leap","Melter"],"picked":"Loop","floor":4.0},{"not_picked":["Sweeping Beam","Loop"],"picked":"Sunder","floor":5.0},{"not_picked":["Streamline","Loop"],"picked":"Steam","floor":6.0},{"not_picked":["Streamline","Steam"],"picked":"Hologram","floor":7.0},{"not_picked":["Sweeping Beam","Conserve Battery"],"picked":"Electrodynamics","floor":8.0},{"not_picked":["Conserve Battery","Hologram"],"picked":"Static Discharge","floor":10.0},{"not_picked":["Chaos","Rebound"],"picked":"Creative AI","floor":11.0},{"not_picked":["Streamline","Stack"],"picked":"Coolheaded","floor":14.0},{"not_picked":["Amplify","Rainbow"],"picked":"Seek","floor":16.0},{"not_picked":["Rebound","Gash","Compile Driver"],"picked":"SKIP","floor":18.0},{"not_picked":["Hologram","Turbo"],"picked":"Ball Lightning+1","floor":22.0},{"not_picked":["Doom and Gloom","Go for the Eyes"],"picked":"Reprogram+1","floor":23.0},{"not_picked":["Leap","Ball Lightning","Cold Snap"],"picked":"SKIP","floor":25.0},{"not_picked":["Doom and Gloom","Ball Lightning"],"picked":"Heatsinks","floor":27},{"not_picked":["Ball Lightning","Rebound"],"picked":"Cold Snap","floor":29},{"not_picked":["Reboot","Gash+1"],"picked":"Force Field","floor":31},{"not_picked":["Core Surge","Fission"],"picked":"Echo Form","floor":33},{"not_picked":["Gash+1","Go for the Eyes"],"picked":"Steam","floor":35},{"not_picked":["Double Energy","Rebound+1"],"picked":"Cold Snap+1","floor":36},{"not_picked":["Turbo+1","Beam Cell+1"],"picked":"Consume","floor":37},{"not_picked":["Chaos","White Noise"],"picked":"Rainbow","floor":41},{"not_picked":["Rip and Tear","Auto Shields"],"picked":"Cold Snap+1","floor":45},{"not_picked":["Steam","Streamline+1"],"picked":"Conserve Battery+1","floor":46},{"not_picked":["Double Energy","Cold Snap+1"],"picked":"Undo+1","floor":48}],"player_experience":632804,"relics_obtained":[{"floor":6.0,"key":"Anchor"},{"floor":9.0,"key":"Letter Opener"},{"floor":11.0,"key":"Bag of Preparation"},{"floor":23.0,"key":"Darkstone Periapt"},{"floor":25.0,"key":"Orichalcum"},{"floor":26,"key":"Symbiotic Virus"},{"floor":27,"key":"Pen Nib"},{"floor":41,"key":"Potion Belt"},{"floor":43,"key":"Sundial"}],"event_choices":[{"damage_healed":0.0,"max_hp_gain":5.0,"max_hp_loss":0.0,"gold_gain":0.0,"event_name":"Big Fish","player_choice":"Donut","floor":2.0,"gold_loss":0.0,"damage_taken":0.0},{"damage_healed":0.0,"max_hp_gain":0.0,"max_hp_loss":0.0,"gold_gain":0.0,"event_name":"Shining Light","player_choice":"Entered Light","floor":3.0,"gold_loss":0.0,"damage_taken":16.0,"cards_upgraded":["Strike_B","Defend_B"]},{"damage_healed":0.0,"max_hp_gain":0.0,"max_hp_loss":0.0,"gold_gain":0.0,"event_name":"Dead Adventurer","player_choice":"Searched \u00271\u0027 times","floor":12.0,"gold_loss":0.0,"damage_taken":0.0,"relics_obtained":["Cables"]},{"damage_healed":0.0,"max_hp_gain":0.0,"max_hp_loss":0.0,"gold_gain":0.0,"event_name":"Vampires","player_choice":"Ignored","floor":19.0,"gold_loss":0.0,"damage_taken":0.0},{"damage_healed":0.0,"max_hp_gain":0.0,"max_hp_loss":0.0,"gold_gain":0.0,"event_name":"Ghosts","player_choice":"Ignored","floor":21.0,"gold_loss":0.0,"damage_taken":0.0},{"damage_healed":20,"gold_gain":0,"player_choice":"Writhe","damage_taken":0,"max_hp_gain":0,"max_hp_loss":0,"event_name":"Winding Halls","floor":38,"gold_loss":0,"cards_obtained":["Writhe"]},{"damage_healed":0,"gold_gain":0,"cards_transformed":["Zap"],"player_choice":"Transformed","damage_taken":0,"max_hp_gain":0,"max_hp_loss":0,"event_name":"Transmorgrifier","floor":44,"gold_loss":0,"cards_obtained":["Loop"]}],"is_beta":false,"boss_relics":[{"not_picked":["Sozu","Astrolabe"],"picked":"Velvet Choker"},{"not_picked":["Busted Crown","Calling Bell"],"picked":"Inserter"}],"items_purged_floors":[39],"is_endless":false,"potions_floor_spawned":[4,5,7,14,16,22,29,33,35,37,45],"ascension_level":10}