{"gold_per_floor":[110,122,122,134,144,171,191,248,248,283,295,207,220,395,395,499,499,509,509,522,539,67,67,92,103,129,147,147,47,58,58,58,154,154,168,183,195,207,207,234,234,265,265,26,44,44,44,44],"floor_reached":48,"playtime":7127,"items_purged":["Doubt","Defend_G"],"score":601,"play_id":"daa9de27-a471-4360-a8ad-64406a1e7446","local_time":"20190404073735","is_ascension_mode":false,"campfire_choices":[{"floor":15.0,"key":"REST"},{"floor":28.0,"key":"REST"},{"floor":32,"key":"REST"},{"data":"Well Laid Plans","floor":41,"key":"SMITH"},{"floor":47,"key":"REST"}],"neow_cost":"NONE","seed_source_timestamp":0,"circlet_count":0,"master_deck":["Defend_G","Defend_G","Defend_G","Survivor","Neutralize","Dagger Throw","Slice","Iron Wave","Blur","Acrobatics","Finisher","Blade Dance","Noxious Fumes","Outmaneuver+1","Corpse Explosion+1","Bandage Up+1","Catalyst+1","Night Terror+1","Backflip+1","Bite","Bite","Bite","Bite","Bite","Deadly Poison+1","Blade Dance+1","Adrenaline+1","Reflex+1","Well Laid Plans+1","Mayhem","Distraction+1","Venomology+1","Deadly Poison+1","Choke","Malaise+1","Backflip+1","Blur+1","Bouncing Flask+1","Deadly Poison+1","Backflip+1","Impatience+1","Parasite","Good Instincts+1"],"special_seed":0,"relics":["Ring of the Snake","NeowsBlessing","StoneCalendar","Toxic Egg 2","Bottled Flame","Gambling Chip","Philosopher\u0027s Stone","Regal Pillow","Juzu Bracelet","Black Star","Bottled Tornado","Bottled Lightning","Girya","Bag of Preparation","Happy Flower","Strawberry"],"potions_floor_usage":[33,33,33,36,40,42,42,45,48],"damage_taken":[{"damage":0.0,"enemies":"Cultist","floor":1.0,"turns":1.0},{"damage":0.0,"enemies":"Jaw Worm","floor":2.0,"turns":1.0},{"damage":0.0,"enemies":"2 Louse","floor":4.0,"turns":1.0},{"damage":2.0,"enemies":"Blue Slaver","floor":5.0,"turns":5.0},{"damage":15.0,"enemies":"3 Sentries","floor":6.0,"turns":11.0},{"damage":2.0,"enemies":"Exordium Wildlife","floor":7.0,"turns":3.0},{"damage":29.0,"enemies":"3 Sentries","floor":8.0,"turns":7.0},{"damage":31.0,"enemies":"Gremlin Nob","floor":10.0,"turns":5.0},{"damage":8.0,"enemies":"3 Louse","floor":11.0,"turns":4.0},{"damage":0.0,"enemies":"Blue Slaver","floor":13.0,"turns":3.0},{"damage":16.0,"enemies":"Slime Boss","floor":16.0,"turns":7.0},{"damage":24.0,"enemies":"2 Thieves","floor":18.0,"turns":3.0},{"damage":0.0,"enemies":"Spheric Guardian","floor":20.0,"turns":3.0},{"damage":0.0,"enemies":"3 Cultists","floor":21.0,"turns":2.0},{"damage":35.0,"enemies":"Slavers","floor":24.0,"turns":2.0},{"damage":26.0,"enemies":"Snake Plant","floor":25.0,"turns":5.0},{"damage":0.0,"enemies":"Snecko","floor":27.0,"turns":3.0},{"damage":18.0,"enemies":"Colosseum Slavers","floor":29.0,"turns":2.0},{"damage":24.0,"enemies":"Colosseum Nobs","floor":29.0,"turns":3.0},{"damage":9,"enemies":"Shelled Parasite and Fungi","floor":30,"turns":3},{"damage":66,"enemies":"Automaton","floor":33,"turns":8},{"damage":2,"enemies":"Orb Walker","floor":35,"turns":3},{"damage":18,"enemies":"3 Darklings","floor":36,"turns":3},{"damage":13,"enemies":"Maw","floor":37,"turns":7},{"damage":12,"enemies":"4 Shapes","floor":38,"turns":2},{"damage":25,"enemies":"Nemesis","floor":40,"turns":7},{"damage":9,"enemies":"Giant Head","floor":42,"turns":5},{"damage":45,"enemies":"Writhing Mass","floor":45,"turns":5},{"damage":55,"enemies":"Reptomancer","floor":48,"turns":4}],"seed_played":"2471779386722513112","potions_obtained":[{"floor":6.0,"key":"Regen Potion"},{"floor":8.0,"key":"FairyPotion"},{"floor":10.0,"key":"SpeedPotion"},{"floor":11.0,"key":"Weak Potion"},{"floor":16.0,"key":"Fruit Juice"},{"floor":21.0,"key":"Block Potion"},{"floor":24.0,"key":"SkillPotion"},{"floor":33,"key":"Strength Potion"},{"floor":37,"key":"Fire Potion"},{"floor":40,"key":"Poison Potion"},{"floor":42,"key":"AttackPotion"}],"is_trial":false,"path_per_floor":["M","M","?","M","M","E","M","?","T","E","M","$","M","?","R","B",null,"M","?","M","M","$","?","E","M","T","M","R","?","M","$","R","B",null,"M","M","M","M","?","E","R","E","T","$","M","?","R","E"],"character_chosen":"THE_SILENT","items_purchased":["Bandage Up+1","Adrenaline+1","Reflex+1","Well Laid Plans","Mayhem","Strawberry","Impatience+1"],"campfire_rested":4,"item_purchase_floors":[12,22,22,22,22,44,44],"current_hp_per_floor":[70,70,70,70,68,53,51,36,36,5,7,7,13,13,34,29,75,51,51,52,52,52,52,23,15,15,27,52,41,38,38,52,8,52,52,42,46,38,38,33,33,34,34,41,10,10,42,0],"gold":44,"neow_bonus":"THREE_ENEMY_KILL","is_prod":false,"is_daily":false,"chose_seed":false,"campfire_upgraded":1,"win_rate":0.0,"timestamp":1554352655,"path_taken":["M","M","?","?","M","E","M","?","T","E","M","?","M","?","R","BOSS","M","?","M","M","$","?","E","M","T","M","R","?","M","$","R","BOSS","M","M","M","M","?","E","R","E","T","$","M","?","R","E"],"build_version":"2019-01-23","purchased_purges":2,"victory":false,"max_hp_per_floor":[70,70,70,70,70,70,70,70,70,70,70,70,70,70,70,75,75,75,52,52,52,52,52,52,52,52,52,52,52,52,52,52,52,52,52,52,52,52,52,52,52,52,52,59,59,59,59,59],"card_choices":[{"not_picked":["Deadly Poison","Bouncing Flask"],"picked":"Dagger Throw","floor":1.0},{"not_picked":["PiercingWail","Flying Knee"],"picked":"Slice","floor":2.0},{"not_picked":["Eviscerate","Riddle With Holes"],"picked":"Blur","floor":4.0},{"not_picked":["Slice","Deflect"],"picked":"Acrobatics","floor":5.0},{"not_picked":["Eviscerate","Dagger Throw"],"picked":"Finisher","floor":6.0},{"not_picked":["Quick Slash","Underhanded Strike"],"picked":"Blade Dance","floor":7.0},{"not_picked":["Blade Dance","Slice"],"picked":"Noxious Fumes","floor":8.0},{"not_picked":["Deflect+1","Dodge and Roll+1"],"picked":"Outmaneuver+1","floor":10.0},{"not_picked":["Crippling Poison+1","Backflip+1"],"picked":"Corpse Explosion+1","floor":11.0},{"not_picked":["Outmaneuver+1","Dagger Spray"],"picked":"Catalyst+1","floor":13.0},{"not_picked":["Wraith Form v2","Malaise+1"],"picked":"Night Terror+1","floor":16.0},{"not_picked":["Deflect+1","Poisoned Stab"],"picked":"Backflip+1","floor":18.0},{"not_picked":["Sucker Punch","Dagger Throw+1"],"picked":"Deadly Poison+1","floor":20.0},{"not_picked":["Terror+1","Heel Hook+1"],"picked":"Blade Dance+1","floor":21.0},{"not_picked":["Dash+1","Dagger Throw"],"picked":"Distraction+1","floor":24.0},{"not_picked":["Quick Slash","Slice"],"picked":"Venomology+1","floor":25.0},{"not_picked":["Deflect+1","Slice"],"picked":"Deadly Poison+1","floor":27.0},{"not_picked":["Slice","Endless Agony"],"picked":"Choke","floor":30},{"not_picked":["A Thousand Cuts","Wraith Form v2"],"picked":"Malaise+1","floor":33},{"not_picked":["Heel Hook","Well Laid Plans+1"],"picked":"Backflip+1","floor":35},{"not_picked":["Outmaneuver+1","Quick Slash+1"],"picked":"Blur+1","floor":36},{"not_picked":["All Out Attack","PiercingWail+1"],"picked":"Bouncing Flask+1","floor":37},{"not_picked":["Deflect+1","Expertise+1","Flying Knee+1"],"picked":"SKIP","floor":38},{"not_picked":["Dash","Flying Knee+1"],"picked":"Deadly Poison+1","floor":40},{"not_picked":["Bouncing Flask+1","Deadly Poison+1"],"picked":"Backflip+1","floor":42},{"not_picked":["Dagger Throw","Deadly Poison+1","Outmaneuver+1"],"picked":"SKIP","floor":45},{"not_picked":["Swift Strike","Metamorphosis+1"],"picked":"Good Instincts+1","floor":46}],"player_experience":9130,"relics_obtained":[{"floor":6.0,"key":"StoneCalendar"},{"floor":8.0,"key":"Toxic Egg 2"},{"floor":9.0,"key":"Bottled Flame"},{"floor":10.0,"key":"Gambling Chip"},{"floor":24.0,"key":"Regal Pillow"},{"floor":26.0,"key":"Juzu Bracelet"},{"floor":40,"key":"Bottled Tornado"},{"floor":40,"key":"Bottled Lightning"},{"floor":42,"key":"Girya"},{"floor":42,"key":"Bag of Preparation"},{"floor":43,"key":"Happy Flower"}],"event_choices":[{"cards_removed":["Defend_G"],"damage_healed":0.0,"max_hp_gain":0.0,"max_hp_loss":0.0,"gold_gain":0.0,"event_name":"NoteForYourself","player_choice":"Took Card","floor":3.0,"gold_loss":0.0,"damage_taken":0.0,"cards_obtained":["Iron Wave"]},{"damage_healed":0.0,"max_hp_gain":0.0,"max_hp_loss":0.0,"gold_gain":30.0,"event_name":"Dead Adventurer","player_choice":"Searched \u00272\u0027 times","floor":8.0,"gold_loss":0.0,"damage_taken":0.0},{"damage_healed":0.0,"max_hp_gain":0.0,"max_hp_loss":0.0,"gold_gain":175.0,"event_name":"Liars Game","player_choice":"AGREE","floor":14.0,"gold_loss":0.0,"damage_taken":0.0,"cards_obtained":["Doubt"]},{"damage_healed":0.0,"max_hp_gain":0.0,"max_hp_loss":23.0,"gold_gain":0.0,"event_name":"Vampires","player_choice":"Became a vampire","floor":19.0,"gold_loss":0.0,"damage_taken":0.0,"cards_obtained":["Bite","Bite","Bite","Bite","Bite"]},{"damage_healed":0.0,"max_hp_gain":0.0,"max_hp_loss":0.0,"gold_gain":0.0,"event_name":"Beggar","player_choice":"Ignored","floor":23.0,"gold_loss":0.0,"damage_taken":0.0},{"damage_healed":0.0,"max_hp_gain":0.0,"max_hp_loss":0.0,"gold_gain":0.0,"event_name":"Colosseum","player_choice":"Fight","floor":29.0,"gold_loss":0.0,"damage_taken":0.0},{"damage_healed":0.0,"max_hp_gain":0.0,"max_hp_loss":0.0,"gold_gain":0.0,"event_name":"Colosseum","player_choice":"Fought Nobs","floor":29.0,"gold_loss":0.0,"damage_taken":0.0},{"damage_healed":0,"gold_gain":0,"player_choice":"Ignored","damage_taken":0,"max_hp_gain":0,"max_hp_loss":0,"event_name":"Tomb of Lord Red Mask","floor":39,"gold_loss":0},{"damage_healed":0,"gold_gain":0,"player_choice":"Memory 1","damage_taken":0,"max_hp_gain":0,"max_hp_loss":0,"event_name":"SensoryStone","floor":46,"gold_loss":0}],"is_beta":false,"boss_relics":[{"not_picked":["Velvet Choker","Coffee Dripper"],"picked":"Philosopher\u0027s Stone"},{"not_picked":["Runic Dome","Calling Bell"],"picked":"Black Star"}],"items_purged_floors":[22,29],"is_endless":false,"potions_floor_spawned":[6,8,10,11,16,21,24,29,33,37,38,40,42],"killed_by":"Reptomancer","ascension_level":0}