{"gold_per_floor":[113,124,124,124,10,10,45,45,70,101,120,136,136,151,151,256,256,166,181,181],"floor_reached":20,"playtime":1717,"items_purged":[],"score":217,"play_id":"03da2934-b60e-4a3a-8ff2-668cabdee3b1","local_time":"20190412222628","is_ascension_mode":true,"campfire_choices":[{"data":"Fusion","floor":6,"key":"SMITH"},{"data":"Biased Cognition","floor":8,"key":"SMITH"},{"floor":15,"key":"REST"}],"neow_cost":"NONE","seed_source_timestamp":95410980290842,"circlet_count":0,"master_deck":["Strike_B+1","Strike_B","Strike_B","Strike_B","Defend_B","Defend_B","Defend_B","Defend_B+1","Zap+1","Dualcast","Leap","Fusion+1","Coolheaded","Biased Cognition+1","Force Field","Double Energy+1","Chaos+1","Amplify+1","Recycle+1","Creative AI","Cold Snap","Self Repair+1"],"relics":["FrozenCore","NeowsBlessing","NlothsMask","Bottled Tornado","Toxic Egg 2"],"potions_floor_usage":[16,16],"damage_taken":[{"damage":0,"enemies":"2 Louse","floor":1,"turns":1},{"damage":0,"enemies":"Small Slimes","floor":2,"turns":1},{"damage":0,"enemies":"Lagavulin","floor":7,"turns":1},{"damage":32,"enemies":"Gremlin Nob","floor":10,"turns":5},{"damage":0,"enemies":"Cultist","floor":11,"turns":3},{"damage":0,"enemies":"3 Louse","floor":12,"turns":3},{"damage":0,"enemies":"Gremlin Gang","floor":14,"turns":4},{"damage":44,"enemies":"Slime Boss","floor":16,"turns":15},{"damage":13,"enemies":"2 Thieves","floor":18,"turns":5},{"damage":25,"enemies":"3 Byrds","floor":19,"turns":10},{"damage":50,"enemies":"Cultist and Chosen","floor":20,"turns":8}],"seed_played":"-3088591029462641417","potions_obtained":[{"floor":7,"key":"Dexterity Potion"},{"floor":11,"key":"AttackPotion"},{"floor":12,"key":"Block Potion"},{"floor":16,"key":"Dexterity Potion"}],"is_trial":false,"path_per_floor":["M","M","?","?","$","R","E","R","T","E","M","M","?","M","R","B",null,"M","M","M"],"character_chosen":"DEFECT","items_purchased":["Coolheaded","Biased Cognition"],"campfire_rested":1,"item_purchase_floors":[5,5],"current_hp_per_floor":[75,75,60,60,60,60,60,60,60,28,28,28,28,28,50,6,75,62,37,0],"gold":181,"neow_bonus":"THREE_ENEMY_KILL","is_prod":false,"is_daily":false,"chose_seed":false,"campfire_upgraded":2,"win_rate":0,"timestamp":1555097188,"path_taken":["M","M","?","?","$","R","E","R","T","E","?","M","?","M","R","BOSS","M","M","?"],"build_version":"2019-01-23","purchased_purges":0,"victory":false,"max_hp_per_floor":[75,75,75,75,75,75,75,75,75,75,75,75,75,75,75,75,75,75,75,75],"card_choices":[{"not_picked":["Streamline","Redo"],"picked":"Leap","floor":1},{"not_picked":["Reinforced Body","Blizzard"],"picked":"Fusion","floor":2},{"not_picked":["Aggregate","Beam Cell"],"picked":"Force Field","floor":7},{"not_picked":["Hologram","Hello World"],"picked":"Double Energy","floor":10},{"not_picked":["Stack+1","FTL"],"picked":"Chaos+1","floor":11},{"not_picked":["Ball Lightning","Reinforced Body+1"],"picked":"Amplify+1","floor":12},{"not_picked":["Beam Cell","Rip and Tear"],"picked":"Recycle+1","floor":14},{"not_picked":["Machine Learning","Electrodynamics"],"picked":"Creative AI","floor":16},{"not_picked":["Hologram+1","Conserve Battery+1"],"picked":"Cold Snap","floor":18},{"not_picked":["Blizzard","Sweeping Beam"],"picked":"Self Repair+1","floor":19}],"player_experience":88746,"relics_obtained":[{"floor":7,"key":"Bottled Tornado"},{"floor":10,"key":"Toxic Egg 2"}],"event_choices":[{"damage_healed":0,"gold_gain":0,"player_choice":"Entered Light","damage_taken":15,"max_hp_gain":0,"max_hp_loss":0,"event_name":"Shining Light","floor":3,"gold_loss":0,"cards_upgraded":["Defend_B","Strike_B"]},{"damage_healed":0,"gold_gain":0,"player_choice":"Trade","damage_taken":0,"relics_obtained":["NlothsMask"],"max_hp_gain":0,"max_hp_loss":0,"event_name":"FaceTrader","floor":4,"gold_loss":0},{"damage_healed":0,"gold_gain":0,"player_choice":"Upgraded","damage_taken":0,"max_hp_gain":0,"max_hp_loss":0,"event_name":"Upgrade Shrine","floor":13,"gold_loss":0,"cards_upgraded":["Zap"]}],"is_beta":false,"boss_relics":[{"not_picked":["Sozu","Lizard Tail"],"picked":"FrozenCore"}],"items_purged_floors":[],"is_endless":false,"potions_floor_spawned":[7,11,12,16],"killed_by":"Cultist and Chosen","ascension_level":1}