{"gold_per_floor":[109,23,23,35,35,61,61,79,148,165,191,191],"floor_reached":12,"playtime":562,"items_purged":[],"score":226,"play_id":"c68320af-521e-4e28-ba22-a49c01c6c6c2","local_time":"20190425082008","is_ascension_mode":true,"campfire_choices":[{"data":"Zap","floor":7,"key":"SMITH"}],"neow_cost":"NONE","seed_source_timestamp":216138326335594,"circlet_count":0,"master_deck":["AscendersBane","Strike_B","Strike_B","Strike_B","Strike_B","Defend_B","Defend_B+1","Defend_B","Defend_B","Zap+1","Dualcast+1","Reinforced Body","Capacitor","Genetic Algorithm","Conserve Battery","Rebound","Sweeping Beam","Creative AI"],"relics":["Cracked Core","NeowsBlessing","Dream Catcher","Pantograph","Oddly Smooth Stone"],"potions_floor_usage":[11,11],"damage_taken":[{"damage":0,"enemies":"Cultist","floor":1,"turns":1},{"damage":0,"enemies":"2 Louse","floor":4,"turns":1},{"damage":0,"enemies":"3 Sentries","floor":6,"turns":2},{"damage":0,"enemies":"Small Slimes","floor":8,"turns":3},{"damage":17,"enemies":"Exordium Thugs","floor":10,"turns":4},{"damage":8,"enemies":"Lagavulin","floor":11,"turns":8},{"damage":28,"enemies":"Lagavulin Event","floor":12,"turns":5}],"seed_played":"2141208970981859954","potions_obtained":[{"floor":1,"key":"SkillPotion"},{"floor":4,"key":"EssenceOfSteel"}],"is_trial":false,"path_per_floor":["M","$","?","M","?","E","R","M","T","M","E","?"],"character_chosen":"DEFECT","items_purchased":["Capacitor"],"campfire_rested":0,"item_purchase_floors":[2],"current_hp_per_floor":[64,64,43,43,43,43,43,43,43,26,18,0],"gold":191,"neow_bonus":"THREE_ENEMY_KILL","is_prod":false,"is_daily":false,"chose_seed":false,"campfire_upgraded":1,"win_rate":0,"timestamp":1556176808,"path_taken":["M","$","?","M","?","E","R","M","T","M","E","?"],"build_version":"2019-01-23","purchased_purges":0,"victory":false,"max_hp_per_floor":[71,71,71,71,71,71,71,71,71,71,71,71],"card_choices":[{"not_picked":["Hologram","Turbo"],"picked":"Reinforced Body","floor":1},{"not_picked":["Beam Cell","Undo"],"picked":"Genetic Algorithm","floor":4},{"not_picked":["Streamline","Blizzard"],"picked":"Conserve Battery","floor":6},{"not_picked":["White Noise","Redo"],"picked":"Rebound","floor":8},{"not_picked":["Gash","Double Energy"],"picked":"Sweeping Beam","floor":10},{"not_picked":["Hello World","Gash"],"picked":"Creative AI","floor":11}],"player_experience":867598,"relics_obtained":[{"floor":6,"key":"Dream Catcher"},{"floor":9,"key":"Pantograph"},{"floor":11,"key":"Oddly Smooth Stone"}],"event_choices":[{"damage_healed":0,"gold_gain":0,"player_choice":"Entered Light","damage_taken":21,"max_hp_gain":0,"max_hp_loss":0,"event_name":"Shining Light","floor":3,"gold_loss":0,"cards_upgraded":["Defend_B","Dualcast"]},{"damage_healed":0,"gold_gain":0,"player_choice":"Ignored","damage_taken":0,"max_hp_gain":0,"max_hp_loss":0,"event_name":"Liars Game","floor":5,"gold_loss":0},{"damage_healed":0,"gold_gain":0,"player_choice":"Searched \u00271\u0027 times","damage_taken":0,"max_hp_gain":0,"max_hp_loss":0,"event_name":"Dead Adventurer","floor":12,"gold_loss":0}],"is_beta":false,"boss_relics":[],"items_purged_floors":[],"is_endless":false,"potions_floor_spawned":[1,4,8,10],"killed_by":"Lagavulin Event","ascension_level":20}