{"gold_per_floor":[118,118,118,138,150,150,180,180,180,180,196,196,212,229,229,326,326,338,109,109,125,137,152,187,199,199,199,212,212,223,241,241,343,343,360,370,370,81,94,94,105,123,123,123,123],"floor_reached":45,"playtime":3613,"items_purged":["Defend_G"],"score":558,"play_id":"a84b055a-2094-40e1-a92a-677b3459d68a","local_time":"20181221194930","is_ascension_mode":true,"campfire_choices":[{"data":"Cloak And Dagger","floor":6,"key":"SMITH"},{"data":"Dodge and Roll","floor":8,"key":"SMITH"},{"data":"Accuracy","floor":10,"key":"SMITH"},{"data":"Accuracy","floor":12,"key":"SMITH"},{"data":"Footwork","floor":15,"key":"SMITH"},{"floor":29,"key":"REST"},{"floor":32,"key":"REST"},{"data":"Mind Blast","floor":40,"key":"SMITH"}],"neow_cost":"NONE","seed_source_timestamp":74843630381663,"circlet_count":0,"master_deck":["Defend_G","Defend_G","Defend_G","Defend_G","Strike_G+1","Strike_G+1","Strike_G+1","Survivor+1","Neutralize+1","Dodge and Roll+1","Cloak And Dagger+1","Accuracy+1","Accuracy+1","Backflip","Footwork+1","Adrenaline","Cloak And Dagger+1","Blur","Cloak And Dagger","Accuracy","Calculated Gamble+1","Infinite Blades","Blade Dance","Blur+1","Footwork","Adrenaline","Die Die Die","Backflip+1","Blade Dance+1","Mind Blast+1","Dash","Terror","Blade Dance+1"],"relics":["Ring of the Snake","Centennial Puzzle","Bottled Flame","Orrery","Oddly Smooth Stone","Red Mask","Dead Branch","Snecko Eye","Whetstone","Gremlin Horn"],"potions_floor_usage":[14,16,16,16,16,22,22,24,28,28,39,42,45,45,45],"damage_taken":[{"damage":0,"enemies":"2 Louse","floor":1,"turns":3},{"damage":0,"enemies":"Cultist","floor":4,"turns":4},{"damage":1,"enemies":"Jaw Worm","floor":5,"turns":4},{"damage":0,"enemies":"Gremlin Gang","floor":11,"turns":5},{"damage":0,"enemies":"3 Louse","floor":13,"turns":4},{"damage":0,"enemies":"Large Slime","floor":14,"turns":5},{"damage":12,"enemies":"The Guardian","floor":16,"turns":11},{"damage":12,"enemies":"2 Thieves","floor":18,"turns":5},{"damage":5,"enemies":"Spheric Guardian","floor":21,"turns":4},{"damage":4,"enemies":"Snecko","floor":22,"turns":4},{"damage":6,"enemies":"Shelled Parasite and Fungi","floor":23,"turns":6},{"damage":4,"enemies":"Masked Bandits","floor":24,"turns":5},{"damage":19,"enemies":"3 Cultists","floor":25,"turns":5},{"damage":0,"enemies":"Sentry and Sphere","floor":28,"turns":5},{"damage":0,"enemies":"Shelled Parasite and Fungi","floor":30,"turns":4},{"damage":0,"enemies":"Centurion and Healer","floor":31,"turns":5},{"damage":26,"enemies":"Collector","floor":33,"turns":9},{"damage":0,"enemies":"Orb Walker","floor":35,"turns":1},{"damage":0,"enemies":"3 Shapes","floor":36,"turns":6},{"damage":33,"enemies":"Transient","floor":39,"turns":5},{"damage":0,"enemies":"Sphere and 2 Shapes","floor":41,"turns":6},{"damage":16,"enemies":"Maw","floor":42,"turns":7},{"damage":32,"enemies":"Spire Growth","floor":45,"turns":3}],"seed_played":"-1098035289341187049","potions_obtained":[{"floor":4,"key":"SkillPotion"},{"floor":5,"key":"FearPotion"},{"floor":11,"key":"EntropicBrew"},{"floor":16,"key":"Swift Potion"},{"floor":21,"key":"EssenceOfSteel"},{"floor":24,"key":"SkillPotion"},{"floor":25,"key":"Ancient Potion"},{"floor":33,"key":"Explosive Potion"},{"floor":35,"key":"GamblersBrew"},{"floor":41,"key":"Explosive Potion"},{"floor":42,"key":"Poison Potion"}],"is_trial":false,"path_per_floor":["M","?","?","M","M","R","?","R","T","R","M","R","M","M","R","B",null,"M","$","?","M","M","M","?","M","T","?","M","R","M","M","R","B",null,"M","M","?","$","M","R","M","M","T","?","M"],"character_chosen":"THE_SILENT","items_purchased":["Oddly Smooth Stone","Mind Blast","Whetstone","Dexterity Potion"],"campfire_rested":2,"item_purchase_floors":[19,38,38,38],"current_hp_per_floor":[70,55,55,55,54,54,54,54,54,54,54,54,54,54,54,42,68,56,56,56,51,47,41,37,18,18,18,18,41,41,41,64,38,67,67,67,67,67,34,34,34,18,18,18,0],"gold":123,"neow_bonus":"TEN_PERCENT_HP_BONUS","is_prod":false,"is_daily":false,"chose_seed":false,"campfire_upgraded":6,"win_rate":0,"timestamp":1545421770,"path_taken":["M","?","?","M","?","R","?","R","T","R","M","R","M","M","R","BOSS","M","$","?","?","M","M","?","M","T","?","M","R","M","M","R","BOSS","M","M","?","$","M","R","M","M","T","?","M"],"build_version":"2018-12-20","purchased_purges":1,"victory":false,"max_hp_per_floor":[77,77,77,77,77,77,77,77,77,77,77,77,77,77,77,77,77,77,77,77,77,77,77,77,77,77,77,77,77,77,77,77,77,77,77,77,73,73,73,73,73,73,73,73,73],"card_choices":[{"not_picked":["Deadly Poison","Bane"],"picked":"Dodge and Roll","floor":1},{"not_picked":["Outmaneuver","Quick Slash"],"picked":"Cloak And Dagger","floor":4},{"not_picked":["Outmaneuver","Prepared"],"picked":"Accuracy","floor":5},{"not_picked":["Dagger Spray","Tactician"],"picked":"Accuracy","floor":11},{"not_picked":["Caltrops","All Out Attack"],"picked":"Backflip","floor":13},{"not_picked":["Flechettes","Doppelganger"],"picked":"Footwork","floor":14},{"not_picked":["Grand Finale","Phantasmal Killer"],"picked":"Adrenaline","floor":16},{"not_picked":["Sucker Punch","Dagger Throw"],"picked":"Cloak And Dagger","floor":17},{"not_picked":["Poisoned Stab","Backstab"],"picked":"Blur","floor":17},{"not_picked":["Slice","Reflex"],"picked":"Cloak And Dagger","floor":17},{"not_picked":["Phantasmal Killer","Underhanded Strike"],"picked":"Accuracy","floor":17},{"not_picked":["Flechettes","PiercingWail"],"picked":"Calculated Gamble+1","floor":18},{"not_picked":["Bane","Dodge and Roll"],"picked":"Infinite Blades","floor":21},{"not_picked":["Prepared","PiercingWail","Slice"],"picked":"SKIP","floor":22},{"not_picked":["Blade Dance","Bane","Dagger Throw"],"picked":"SKIP","floor":23},{"not_picked":["Slice","Deflect+1"],"picked":"Blade Dance","floor":24},{"not_picked":["Underhanded Strike","All Out Attack"],"picked":"Blur+1","floor":25},{"not_picked":["Dodge and Roll","Choke+1"],"picked":"Footwork","floor":28},{"not_picked":["Riddle With Holes","Choke","Dodge and Roll"],"picked":"SKIP","floor":30},{"not_picked":["Deadly Poison","Calculated Gamble"],"picked":"Adrenaline","floor":31},{"not_picked":["Corpse Explosion","Bullet Time"],"picked":"Die Die Die","floor":33},{"not_picked":["Catalyst+1","Poisoned Stab"],"picked":"Backflip+1","floor":35},{"not_picked":["PiercingWail","Underhanded Strike"],"picked":"Blade Dance+1","floor":36},{"not_picked":["Finisher+1","Slice+1"],"picked":"Dash","floor":39},{"not_picked":["Concentrate+1","Escape Plan+1"],"picked":"Terror","floor":41},{"not_picked":["Poisoned Stab+1","Expertise"],"picked":"Blade Dance+1","floor":42}],"player_experience":371135,"relics_obtained":[{"floor":9,"key":"Bottled Flame"},{"floor":24,"key":"Red Mask"},{"floor":26,"key":"Dead Branch"},{"floor":43,"key":"Gremlin Horn"}],"event_choices":[{"damage_healed":0,"gold_gain":0,"player_choice":"Entered Light","damage_taken":15,"max_hp_gain":0,"max_hp_loss":0,"event_name":"Shining Light","floor":2,"gold_loss":0,"cards_upgraded":["Survivor","Strike_G"]},{"damage_healed":0,"gold_gain":0,"player_choice":"Upgraded","damage_taken":0,"max_hp_gain":0,"max_hp_loss":0,"event_name":"Upgrade Shrine","floor":3,"gold_loss":0,"cards_upgraded":["Neutralize"]},{"damage_healed":0,"gold_gain":30,"player_choice":"Searched \u00272\u0027 times","damage_taken":0,"relics_obtained":["Centennial Puzzle"],"max_hp_gain":0,"max_hp_loss":0,"event_name":"Dead Adventurer","floor":7,"gold_loss":0},{"damage_healed":0,"gold_gain":0,"player_choice":"Forge","damage_taken":0,"max_hp_gain":0,"max_hp_loss":0,"event_name":"Accursed Blacksmith","floor":20,"gold_loss":0,"cards_upgraded":["Cloak And Dagger"]},{"damage_healed":0,"gold_gain":0,"player_choice":"Fought Bandits","damage_taken":0,"max_hp_gain":0,"max_hp_loss":0,"event_name":"Masked Bandits","floor":24,"gold_loss":0},{"cards_removed":["Strike_G"],"damage_healed":0,"gold_gain":0,"player_choice":"Offered Basic","damage_taken":0,"max_hp_gain":0,"max_hp_loss":0,"event_name":"Bonfire Elementals","floor":27,"gold_loss":0},{"damage_healed":0,"gold_gain":0,"player_choice":"Max HP","damage_taken":0,"max_hp_gain":0,"max_hp_loss":4,"event_name":"Winding Halls","floor":37,"gold_loss":0},{"cards_removed":["Strike_G"],"damage_healed":0,"gold_gain":0,"player_choice":"Removed Attack","damage_taken":0,"max_hp_gain":0,"max_hp_loss":0,"event_name":"Falling","floor":44,"gold_loss":0}],"is_beta":false,"boss_relics":[{"not_picked":["Runic Dome","Ectoplasm"],"picked":"Orrery"},{"not_picked":["Astrolabe","Velvet Choker"],"picked":"Snecko Eye"}],"items_purged_floors":[19],"is_endless":false,"potions_floor_spawned":[4,5,11,16,21,24,25,33,35,41,42],"killed_by":"Spire Growth","ascension_level":7}