{"gold_per_floor":[118,134,134,134,153,153,163,163,190,190,225,239,263,6,6,103,103,116,131,131,149,149,149,175,175],"floor_reached":25,"playtime":1411,"items_purged":[],"score":232,"play_id":"eda9c466-c350-4c2b-8136-234194c333de","local_time":"20190412225027","is_ascension_mode":true,"campfire_choices":[{"data":"Loop","floor":6,"key":"SMITH"},{"data":"Defragment","floor":8,"key":"SMITH"},{"floor":15,"key":"REST"},{"data":"Creative AI","floor":23,"key":"SMITH"}],"neow_cost":"TEN_PERCENT_HP_LOSS","seed_source_timestamp":97156333770560,"circlet_count":0,"master_deck":["Strike_B+1","Strike_B+1","Defend_B+1","Defend_B+1","Defend_B+1","Defend_B+1","Zap+1","Dualcast","Electrodynamics","Go for the Eyes","Loop+1","Multi-Cast","FTL","Defragment+1","Heatsinks","Capacitor","Static Discharge","Redo","Creative AI+1","Reinforced Body+1","Darkness","Streamline","Conserve Battery"],"relics":["Cracked Core","Art of War","Regal Pillow","War Paint","Membership Card","Busted Crown","Mercury Hourglass"],"potions_floor_usage":[25],"damage_taken":[{"damage":8,"enemies":"Jaw Worm","floor":1,"turns":3},{"damage":1,"enemies":"Cultist","floor":2,"turns":3},{"damage":0,"enemies":"Small Slimes","floor":5,"turns":3},{"damage":8,"enemies":"Exordium Wildlife","floor":7,"turns":3},{"damage":17,"enemies":"3 Sentries","floor":11,"turns":4},{"damage":12,"enemies":"Exordium Thugs","floor":12,"turns":3},{"damage":35,"enemies":"Hexaghost","floor":16,"turns":5},{"damage":14,"enemies":"Spheric Guardian","floor":18,"turns":4},{"damage":10,"enemies":"Chosen","floor":19,"turns":4},{"damage":1,"enemies":"Sentry and Sphere","floor":21,"turns":3},{"damage":33,"enemies":"Gremlin Leader","floor":24,"turns":5},{"damage":14,"enemies":"Snake Plant","floor":25,"turns":1}],"seed_played":"353615951367286764","potions_obtained":[{"floor":5,"key":"SteroidPotion"},{"floor":7,"key":"Poison Potion"},{"floor":12,"key":"SteroidPotion"},{"floor":16,"key":"PowerPotion"},{"floor":18,"key":"Fire Potion"}],"is_trial":false,"path_per_floor":["M","M","?","$","M","R","M","R","T","?","E","M","T","$","R","B",null,"M","M","?","M","?","R","E","M"],"character_chosen":"DEFECT","items_purchased":["Membership Card","Static Discharge","Redo"],"campfire_rested":1,"item_purchase_floors":[14,14,14],"current_hp_per_floor":[60,59,59,59,59,59,51,51,51,51,34,22,22,22,57,22,68,54,44,44,43,43,43,10,0],"gold":175,"neow_bonus":"THREE_RARE_CARDS","is_prod":false,"is_daily":false,"chose_seed":false,"campfire_upgraded":3,"win_rate":0,"timestamp":1555098627,"path_taken":["M","M","?","?","M","R","M","R","T","?","E","?","?","$","R","BOSS","M","M","?","M","?","R","E","M"],"build_version":"2019-01-23","purchased_purges":0,"victory":false,"max_hp_per_floor":[68,68,68,68,68,68,68,68,68,68,68,68,68,68,68,68,68,68,68,68,68,68,68,68,68],"card_choices":[{"not_picked":["Fission","Core Surge"],"picked":"Electrodynamics","floor":0},{"not_picked":["Streamline","Skim"],"picked":"Go for the Eyes","floor":1},{"not_picked":["Coolheaded","Go for the Eyes"],"picked":"Loop","floor":2},{"not_picked":["Leap","Scrape"],"picked":"FTL","floor":5},{"not_picked":["Ball Lightning","Skim"],"picked":"Defragment","floor":7},{"not_picked":["Compile Driver","Biased Cognition"],"picked":"Heatsinks","floor":11},{"not_picked":["Sunder","Hologram"],"picked":"Capacitor","floor":12},{"not_picked":["All For One","Rainbow"],"picked":"Creative AI","floor":16},{"not_picked":["Coolheaded"],"picked":"SKIP","floor":18},{"not_picked":[],"picked":"Reinforced Body+1","floor":19},{"not_picked":["Streamline"],"picked":"SKIP","floor":21},{"not_picked":[],"picked":"Conserve Battery","floor":24}],"player_experience":90463,"relics_obtained":[{"floor":9,"key":"Art of War"},{"floor":11,"key":"Regal Pillow"},{"floor":13,"key":"War Paint"},{"floor":24,"key":"Mercury Hourglass"}],"event_choices":[{"damage_healed":0,"gold_gain":0,"player_choice":"1 cards matched","damage_taken":0,"max_hp_gain":0,"max_hp_loss":0,"event_name":"Match and Keep!","floor":3,"gold_loss":0,"cards_obtained":["Multi-Cast"]},{"damage_healed":0,"gold_gain":0,"player_choice":"Ignored","damage_taken":0,"max_hp_gain":0,"max_hp_loss":0,"event_name":"Shining Light","floor":10,"gold_loss":0},{"damage_healed":0,"gold_gain":0,"player_choice":"Simplicity","damage_taken":0,"max_hp_gain":0,"max_hp_loss":0,"event_name":"Back to Basics","floor":20,"gold_loss":0,"cards_upgraded":["Strike_B","Strike_B","Strike_B","Strike_B","Defend_B","Defend_B","Defend_B"]},{"damage_healed":0,"gold_gain":0,"cards_transformed":["Strike_B","Strike_B"],"player_choice":"Became Test Subject","damage_taken":0,"max_hp_gain":0,"max_hp_loss":0,"event_name":"Drug Dealer","floor":22,"gold_loss":0,"cards_obtained":["Darkness","Streamline"]}],"is_beta":false,"boss_relics":[{"not_picked":["Velvet Choker","Cursed Key"],"picked":"Busted Crown"}],"items_purged_floors":[],"is_endless":false,"potions_floor_spawned":[5,7,12,16,18],"killed_by":"Snake Plant","ascension_level":1}