{"gold_per_floor":[118,133,153,7,7,7,19,19,19,45,64,64,14,83,83,162,162,177,177,193,206,206],"floor_reached":22,"playtime":1218,"items_purged":[],"score":307,"play_id":"ec7fd31f-2477-40f0-b47f-3bc14cb9bba6","local_time":"20190329094301","is_ascension_mode":true,"campfire_choices":[{"data":"Footwork","floor":6,"key":"SMITH"},{"data":"Wraith Form v2","floor":8,"key":"SMITH"},{"floor":15,"key":"REST"}],"neow_cost":"NONE","seed_source_timestamp":40808211872747,"circlet_count":0,"master_deck":["AscendersBane","Defend_G","Defend_G","Defend_G","Defend_G","Defend_G","Strike_G","Strike_G","Strike_G","Survivor","Neutralize","Deadly Poison","Predator","Catalyst","Footwork+1","PiercingWail","Dagger Spray","Wraith Form v2+1","Catalyst","Bouncing Flask","Glass Knife","Footwork","Distraction+1"],"relics":["Ring of the Snake","NeowsBlessing","Torii","Incense Burner","Mummified Hand","Black Star"],"potions_floor_usage":[22,22],"damage_taken":[{"damage":0,"enemies":"Cultist","floor":1,"turns":1},{"damage":0,"enemies":"Small Slimes","floor":2,"turns":1},{"damage":0,"enemies":"2 Louse","floor":3,"turns":1},{"damage":0,"enemies":"Exordium Wildlife","floor":7,"turns":2},{"damage":39,"enemies":"3 Sentries","floor":10,"turns":9},{"damage":2,"enemies":"2 Fungi Beasts","floor":11,"turns":5},{"damage":22,"enemies":"Hexaghost","floor":16,"turns":9},{"damage":2,"enemies":"Chosen","floor":18,"turns":5},{"damage":12,"enemies":"Shell Parasite","floor":20,"turns":7},{"damage":7,"enemies":"Cultist and Chosen","floor":21,"turns":6},{"damage":56,"enemies":"Chosen and Byrds","floor":22,"turns":8}],"seed_played":"-3816335513240731036","potions_obtained":[{"floor":2,"key":"Explosive Potion"},{"floor":7,"key":"FearPotion"}],"is_trial":false,"path_per_floor":["M","M","M","$","?","R","M","R","T","E","M","$","?","T","R","B",null,"M","?","M","M","M"],"character_chosen":"THE_SILENT","items_purchased":["Footwork","PiercingWail","Dagger Spray"],"campfire_rested":1,"item_purchase_floors":[4,4,4],"current_hp_per_floor":[63,63,63,63,63,63,63,63,63,24,22,22,22,22,43,21,58,56,56,44,37,0],"gold":206,"neow_bonus":"THREE_ENEMY_KILL","is_prod":false,"is_daily":false,"chose_seed":false,"campfire_upgraded":2,"win_rate":0,"timestamp":1553852581,"path_taken":["M","M","?","?","?","R","M","R","T","E","?","$","?","?","R","BOSS","M","?","?","M","M"],"build_version":"2019-01-23","purchased_purges":0,"victory":false,"max_hp_per_floor":[70,70,70,70,70,70,70,70,70,70,70,70,70,70,70,70,70,70,70,70,70,70],"card_choices":[{"not_picked":["Prepared","Poisoned Stab"],"picked":"Deadly Poison","floor":1},{"not_picked":["Slice","Dodge and Roll"],"picked":"Predator","floor":2},{"not_picked":["Deflect","Blade Dance"],"picked":"Catalyst","floor":3},{"not_picked":["Masterful Stab","Caltrops"],"picked":"Wraith Form v2","floor":7},{"not_picked":["Caltrops","Terror"],"picked":"Catalyst","floor":10},{"not_picked":["Dodge and Roll","Outmaneuver"],"picked":"Bouncing Flask","floor":11},{"not_picked":["Tools of the Trade","Grand Finale"],"picked":"Glass Knife","floor":16},{"not_picked":["Masterful Stab","Quick Slash"],"picked":"Footwork","floor":18},{"not_picked":["Terror+1","Endless Agony"],"picked":"Distraction+1","floor":20},{"not_picked":["Slice","Quick Slash","Expertise"],"picked":"SKIP","floor":21}],"player_experience":689124,"relics_obtained":[{"floor":9,"key":"Torii"},{"floor":10,"key":"Incense Burner"},{"floor":14,"key":"Mummified Hand"}],"event_choices":[{"cards_removed":["Strike_G"],"damage_healed":0,"gold_gain":0,"player_choice":"Purged","damage_taken":0,"max_hp_gain":0,"max_hp_loss":0,"event_name":"Purifier","floor":5,"gold_loss":0},{"cards_removed":["Strike_G"],"damage_healed":0,"gold_gain":0,"player_choice":"Card Removal","damage_taken":0,"max_hp_gain":0,"max_hp_loss":0,"event_name":"The Cleric","floor":13,"gold_loss":50},{"damage_healed":0,"gold_gain":0,"player_choice":"0 cards matched","damage_taken":0,"max_hp_gain":0,"max_hp_loss":0,"event_name":"Match and Keep!","floor":19,"gold_loss":0,"cards_obtained":[]}],"is_beta":false,"boss_relics":[{"not_picked":["Ring of the Serpent","Eternal Feather"],"picked":"Black Star"}],"items_purged_floors":[],"is_endless":false,"potions_floor_spawned":[2,7,11],"killed_by":"Chosen and Byrds","ascension_level":13}