{"gold_per_floor":[112,127,139,149,149,149,160,160,183,183,208,208,266,191,191,289,289,303,323,323,13,32,32,67,67,120,120,140,154,172,191,191,291,291,309,309,33,133,150,150,250,269,269,269,304,0,0,14,14,14],"floor_reached":51,"playtime":4092,"items_purged":["Strike_G","Strike_G+1","Strike_G+1"],"score":1011,"play_id":"417f7705-e931-49d3-8217-1a3813642777","local_time":"20190724012745","is_ascension_mode":true,"campfire_choices":[{"data":"Neutralize","floor":6,"key":"SMITH"},{"data":"Prepared","floor":8,"key":"SMITH"},{"data":"Well Laid Plans","floor":10,"key":"SMITH"},{"data":"All Out Attack","floor":12,"key":"SMITH"},{"floor":15,"key":"REST"},{"data":"Calculated Gamble","floor":23,"key":"SMITH"},{"floor":27,"key":"REST"},{"floor":32,"key":"REST"},{"data":"Caltrops","floor":40,"key":"SMITH"},{"data":"Tools of the Trade","floor":44,"key":"SMITH"},{"floor":49,"key":"REST"}],"neow_cost":"NONE","seed_source_timestamp":208335463987600,"circlet_count":0,"master_deck":["Defend_G+1","Defend_G+1","Defend_G+1","Defend_G+1","Survivor+1","Neutralize+1","Well Laid Plans+1","All Out Attack+1","Backflip","Noxious Fumes+1","Prepared+1","Backflip","Corpse Explosion","Reflex+1","Escape Plan+1","Cloak And Dagger+1","Deadly Poison+1","Deflect","Caltrops+1","Acrobatics","Terror","Calculated Gamble+1","Sucker Punch","Leg Sweep","Tools of the Trade+1","Footwork+1","Tactician+1","Outmaneuver+1","Footwork+1"],"relics":["Ring of the Snake","PreservedInsect","Omamori","Astrolabe","Regal Pillow","Bronze Scales","Cursed Key","Happy Flower","Girya","Darkstone Periapt","Red Mask"],"potions_floor_usage":[16,16,19,24,33,42,50,50],"damage_taken":[{"damage":0,"enemies":"Cultist","floor":1,"turns":3},{"damage":2,"enemies":"Small Slimes","floor":2,"turns":4},{"damage":1,"enemies":"Jaw Worm","floor":3,"turns":4},{"damage":10,"enemies":"3 Louse","floor":4,"turns":3},{"damage":3,"enemies":"Blue Slaver","floor":7,"turns":4},{"damage":19,"enemies":"Gremlin Nob","floor":11,"turns":4},{"damage":28,"enemies":"Slime Boss","floor":16,"turns":11},{"damage":0,"enemies":"Shell Parasite","floor":18,"turns":9},{"damage":20,"enemies":"3 Byrds","floor":19,"turns":3},{"damage":8,"enemies":"Cultist and Chosen","floor":22,"turns":4},{"damage":17,"enemies":"Gremlin Leader","floor":24,"turns":6},{"damage":17,"enemies":"Centurion and Healer","floor":28,"turns":6},{"damage":5,"enemies":"Chosen and Byrds","floor":29,"turns":6},{"damage":2,"enemies":"Cultist and Chosen","floor":30,"turns":4},{"damage":4,"enemies":"Snake Plant","floor":31,"turns":5},{"damage":41,"enemies":"Collector","floor":33,"turns":12},{"damage":0,"enemies":"Orb Walker","floor":35,"turns":6},{"damage":0,"enemies":"3 Darklings","floor":39,"turns":4},{"damage":0,"enemies":"Mind Bloom Boss Battle","floor":41,"turns":8},{"damage":0,"enemies":"Sphere and 2 Shapes","floor":42,"turns":6},{"damage":0,"enemies":"Giant Head","floor":45,"turns":7},{"damage":45,"enemies":"Jaw Worm Horde","floor":48,"turns":3},{"damage":36,"enemies":"Time Eater","floor":50,"turns":17}],"seed_played":"-3344862607083086052","potions_obtained":[{"floor":4,"key":"SkillPotion"},{"floor":7,"key":"SpeedPotion"},{"floor":11,"key":"FearPotion"},{"floor":18,"key":"SkillPotion"},{"floor":19,"key":"SkillPotion"},{"floor":30,"key":"FearPotion"},{"floor":31,"key":"GamblersBrew"},{"floor":41,"key":"Swift Potion"},{"floor":42,"key":"Dexterity Potion"},{"floor":48,"key":"Swift Potion"}],"is_trial":false,"path_per_floor":["M","M","M","M","?","R","M","R","T","R","E","R","?","$","R","B",null,"M","M","?","$","M","R","E","?","T","R","M","M","M","M","R","B",null,"M","?","$","?","M","R","?","M","T","R","E","?","$","M","R","B",null],"character_chosen":"THE_SILENT","items_purchased":["Caltrops","Acrobatics","Terror","Happy Flower"],"campfire_rested":4,"item_purchase_floors":[21,21,21,37],"current_hp_per_floor":[70,68,67,57,42,42,39,39,39,39,20,20,20,20,43,15,62,62,42,42,42,34,34,17,17,17,55,38,33,31,27,65,24,64,64,77,77,77,77,77,77,77,77,77,77,77,77,32,70,34],"gold":14,"neow_bonus":"TEN_PERCENT_HP_BONUS","is_prod":false,"is_daily":false,"chose_seed":false,"campfire_upgraded":7,"win_rate":0,"timestamp":1563946065,"path_taken":["M","M","M","?","?","R","M","R","T","R","E","R","?","$","R","BOSS","M","M","?","$","M","R","E","?","T","R","M","M","M","M","R","BOSS","M","?","$","?","?","R","?","M","T","R","E","?","?","M","R","BOSS"],"build_version":"2019-07-17","purchased_purges":3,"victory":true,"max_hp_per_floor":[77,77,77,77,77,77,77,77,77,77,77,77,77,77,77,77,77,77,77,77,77,77,77,77,77,77,77,77,77,77,77,77,77,77,77,77,77,77,77,77,77,77,77,77,77,77,77,77,77,77],"card_choices":[{"not_picked":["Quick Slash","Prepared"],"picked":"Well Laid Plans","floor":1},{"not_picked":["Dodge and Roll","Expertise"],"picked":"All Out Attack","floor":2},{"not_picked":["PiercingWail","Distraction"],"picked":"Backflip","floor":3},{"not_picked":["Sucker Punch","Tactician"],"picked":"Noxious Fumes","floor":4},{"not_picked":["Underhanded Strike","Choke"],"picked":"Prepared","floor":7},{"not_picked":["Distraction","Skewer"],"picked":"Backflip","floor":11},{"not_picked":["Adrenaline","Envenom"],"picked":"Corpse Explosion","floor":16},{"not_picked":["Cloak And Dagger","Dagger Throw"],"picked":"Deadly Poison+1","floor":18},{"not_picked":["Blade Dance+1","Slice"],"picked":"Deflect","floor":19},{"not_picked":["Escape Plan","Concentrate"],"picked":"Calculated Gamble","floor":22},{"not_picked":["Poisoned Stab","Masterful Stab","Flechettes"],"picked":"SKIP","floor":24},{"not_picked":["Blade Dance+1","Distraction"],"picked":"Sucker Punch","floor":28},{"not_picked":["Blade Dance+1","Choke","Wraith Form v2"],"picked":"SKIP","floor":29},{"not_picked":["Flying Knee","Infinite Blades"],"picked":"Leg Sweep","floor":30},{"not_picked":["Quick Slash","Prepared","Poisoned Stab"],"picked":"SKIP","floor":31},{"not_picked":["Bullet Time","A Thousand Cuts"],"picked":"Tools of the Trade","floor":33},{"not_picked":["Bane","Deflect+1"],"picked":"Footwork+1","floor":35},{"not_picked":["Choke","Deflect"],"picked":"Tactician+1","floor":39},{"not_picked":["Skewer","Heel Hook+1"],"picked":"Outmaneuver+1","floor":42},{"not_picked":["Slice+1","Noxious Fumes","Terror"],"picked":"SKIP","floor":45},{"not_picked":["Backflip+1","Concentrate+1"],"picked":"Footwork+1","floor":48}],"player_experience":499986,"relics_obtained":[{"floor":9,"key":"PreservedInsect"},{"floor":11,"key":"Omamori"},{"floor":24,"key":"Regal Pillow"},{"floor":26,"key":"Bronze Scales"},{"floor":41,"key":"Girya"},{"floor":45,"key":"Darkstone Periapt"}],"event_choices":[{"damage_healed":0,"gold_gain":0,"player_choice":"Entered Light","damage_taken":15,"max_hp_gain":0,"max_hp_loss":0,"event_name":"Shining Light","floor":5,"gold_loss":0,"cards_upgraded":["Noxious Fumes","Survivor"]},{"damage_healed":0,"gold_gain":58,"player_choice":"Gained Gold","damage_taken":0,"max_hp_gain":0,"max_hp_loss":0,"event_name":"Golden Wing","floor":13,"gold_loss":0},{"damage_healed":0,"gold_gain":0,"player_choice":"Simplicity","damage_taken":0,"max_hp_gain":0,"max_hp_loss":0,"event_name":"Back to Basics","floor":20,"gold_loss":0,"cards_upgraded":["Strike_G","Strike_G","Defend_G","Defend_G","Defend_G","Defend_G"]},{"damage_healed":0,"gold_gain":0,"player_choice":"Smashed Altar","damage_taken":0,"max_hp_gain":0,"max_hp_loss":0,"event_name":"Forgotten Altar","floor":25,"gold_loss":0,"cards_obtained":["Decay"]},{"damage_healed":19,"gold_gain":0,"player_choice":"Writhe","damage_taken":0,"max_hp_gain":0,"max_hp_loss":0,"event_name":"Winding Halls","floor":36,"gold_loss":0,"cards_obtained":["Writhe"]},{"damage_healed":0,"gold_gain":100,"player_choice":"Pray","damage_taken":0,"max_hp_gain":0,"max_hp_loss":0,"event_name":"Golden Shrine","floor":38,"gold_loss":0},{"damage_healed":0,"gold_gain":0,"player_choice":"Fight","damage_taken":0,"max_hp_gain":0,"max_hp_loss":0,"event_name":"MindBloom","floor":41,"gold_loss":0},{"damage_healed":0,"gold_gain":0,"player_choice":"Paid","damage_taken":0,"relics_obtained":["Red Mask"],"max_hp_gain":0,"max_hp_loss":0,"event_name":"Tomb of Lord Red Mask","floor":46,"gold_loss":304}],"is_beta":false,"boss_relics":[{"not_picked":["Orrery","White Beast Statue"],"picked":"Astrolabe"},{"not_picked":["Snecko Eye","HoveringKite"],"picked":"Cursed Key"}],"items_purged_floors":[14,21,37],"is_endless":false,"potions_floor_spawned":[4,7,11,18,19,30,31,41,42,48],"ascension_level":9}