{"gold_per_floor":[366,146,163,182,201,229,229,259,286,286,303,332,4,19,19,93,93,104,104,122,122,142,171,183,229,241,253],"floor_reached":27,"playtime":2004,"items_purged":["Strike_R"],"score":491,"play_id":"11989d70-5ad5-4756-86b0-2022af6382d7","local_time":"20190407094802","is_ascension_mode":true,"campfire_choices":[{"floor":7,"key":"REST"},{"data":"Immolate","floor":15,"key":"SMITH"},{"floor":24,"key":"REST"}],"neow_cost":"TEN_PERCENT_HP_LOSS","seed_source_timestamp":814345457046719,"circlet_count":0,"master_deck":["AscendersBane","Strike_R","Strike_R","Strike_R","Strike_R","Defend_R","Defend_R","Defend_R","Defend_R","Bash+1","Perfected Strike","Clothesline","Feel No Pain","Shrug It Off","Spot Weakness","Immolate+1","Twin Strike","Pommel Strike","Anger","Demon Form","Metallicize","Shockwave","Heavy Blade","Rage"],"relics":["Burning Blood","Bronze Scales","Gremlin Horn","Strawberry","Juzu Bracelet","Oddly Smooth Stone","Centennial Puzzle","Sozu","Self Forming Clay","MawBank","Lantern","Bottled Tornado"],"potions_floor_usage":[12,27],"damage_taken":[{"damage":2,"enemies":"2 Louse","floor":1,"turns":4},{"damage":1,"enemies":"Cultist","floor":3,"turns":3},{"damage":4,"enemies":"Jaw Worm","floor":4,"turns":3},{"damage":17,"enemies":"Exordium Thugs","floor":5,"turns":4},{"damage":31,"enemies":"Lagavulin","floor":6,"turns":7},{"damage":22,"enemies":"3 Sentries","floor":8,"turns":8},{"damage":4,"enemies":"Blue Slaver","floor":11,"turns":4},{"damage":24,"enemies":"Gremlin Nob","floor":12,"turns":4},{"damage":0,"enemies":"3 Louse","floor":14,"turns":1},{"damage":22,"enemies":"Slime Boss","floor":16,"turns":6},{"damage":3,"enemies":"3 Byrds","floor":18,"turns":2},{"damage":5,"enemies":"Spheric Guardian","floor":20,"turns":3},{"damage":16,"enemies":"Cultist and Chosen","floor":22,"turns":4},{"damage":22,"enemies":"Slavers","floor":23,"turns":4},{"damage":33,"enemies":"Gremlin Leader","floor":25,"turns":5},{"damage":19,"enemies":"Slavers","floor":27,"turns":1}],"seed_played":"7644965252090233107","potions_obtained":[{"floor":1,"key":"Strength Potion"}],"is_trial":false,"path_per_floor":["M","$","M","M","M","E","R","E","T","?","M","E","$","M","R","B",null,"M","?","M","T","M","E","R","E","T","E"],"character_chosen":"IRONCLAD","items_purchased":["Bronze Scales","Weak Potion","Centennial Puzzle","Twin Strike","Pommel Strike"],"campfire_rested":2,"item_purchase_floors":[2,2,13,13,13],"current_hp_per_floor":[68,68,68,68,57,32,52,43,43,43,45,27,27,33,33,17,61,64,43,44,44,34,18,42,15,15,0],"gold":253,"neow_bonus":"TWO_FIFTY_GOLD","is_prod":false,"is_daily":false,"chose_seed":false,"campfire_upgraded":1,"win_rate":0,"timestamp":1554626882,"path_taken":["M","$","M","M","M","E","R","E","T","?","M","E","?","M","R","BOSS","M","?","M","?","M","E","R","E","T","E"],"build_version":"2019-01-23","purchased_purges":1,"victory":false,"max_hp_per_floor":[68,68,68,68,68,68,68,75,75,75,75,75,75,75,75,75,75,75,80,80,80,80,80,80,80,80,80],"card_choices":[{"not_picked":["Corruption","Rupture"],"picked":"Perfected Strike","floor":1},{"not_picked":["Thunderclap","Flex"],"picked":"Clothesline","floor":3},{"not_picked":["Heavy Blade","Ghostly Armor"],"picked":"Feel No Pain","floor":4},{"not_picked":["Sentinel","Wild Strike","Hemokinesis"],"picked":"SKIP","floor":5},{"not_picked":["Perfected Strike","Wild Strike"],"picked":"Shrug It Off","floor":6},{"not_picked":["Rampage","Clash","Perfected Strike"],"picked":"SKIP","floor":8},{"not_picked":["Thunderclap","Cleave"],"picked":"Spot Weakness","floor":11},{"not_picked":["Uppercut","Anger"],"picked":"Immolate","floor":12},{"not_picked":["Twin Strike","Burning Pact"],"picked":"Anger","floor":14},{"not_picked":["Berserk","Juggernaut"],"picked":"Demon Form","floor":16},{"not_picked":["Clash+1","Cleave"],"picked":"Metallicize","floor":18},{"not_picked":["Evolve","Body Slam"],"picked":"Shockwave","floor":20},{"not_picked":["Warcry","Blood for Blood"],"picked":"Heavy Blade","floor":22},{"not_picked":["Thunderclap","Fire Breathing","Searing Blow+1"],"picked":"SKIP","floor":23},{"not_picked":["Rampage","Ghostly Armor"],"picked":"Rage","floor":25}],"player_experience":741466,"relics_obtained":[{"floor":6,"key":"Gremlin Horn"},{"floor":8,"key":"Strawberry"},{"floor":9,"key":"Juzu Bracelet"},{"floor":12,"key":"Oddly Smooth Stone"},{"floor":21,"key":"Self Forming Clay"},{"floor":23,"key":"MawBank"},{"floor":25,"key":"Lantern"},{"floor":26,"key":"Bottled Tornado"}],"event_choices":[{"damage_healed":0,"gold_gain":0,"player_choice":"Upgraded","damage_taken":0,"max_hp_gain":0,"max_hp_loss":0,"event_name":"Upgrade Shrine","floor":10,"gold_loss":0,"cards_upgraded":["Bash"]},{"damage_healed":0,"gold_gain":0,"player_choice":"Shed Blood","damage_taken":26,"max_hp_gain":5,"max_hp_loss":0,"event_name":"Forgotten Altar","floor":19,"gold_loss":0}],"is_beta":false,"boss_relics":[{"not_picked":["Empty Cage","Philosopher\u0027s Stone"],"picked":"Sozu"}],"items_purged_floors":[13],"is_endless":false,"potions_floor_spawned":[1,5,11,25],"killed_by":"Slavers","ascension_level":16}