{"gold_per_floor":[20,40,56,69,84,13,47,60,60,60,79,79,99,99,99,197,197,212,212,69,69,79,111,111,111,111,111,130,30,45,56,56,56],"floor_reached":33,"playtime":2338,"items_purged":["Writhe","Strike_R"],"score":404,"play_id":"5c67b320-e20d-47be-aee1-a6abfe1be9e3","local_time":"20190219214417","is_ascension_mode":true,"campfire_choices":[{"data":"Rupture","floor":10,"key":"SMITH"},{"data":"Bash","floor":12,"key":"SMITH"},{"floor":15,"key":"REST"},{"floor":25,"key":"REST"},{"data":"Iron Wave","floor":27,"key":"SMITH"},{"data":"Armaments","floor":32,"key":"SMITH"}],"neow_cost":"NO_GOLD","seed_source_timestamp":212077025624659,"circlet_count":0,"master_deck":["Strike_R","Strike_R","Strike_R","Defend_R","Defend_R","Defend_R","Bash+1","Bloodletting","True Grit","Rupture+1","Iron Wave+1","Clothesline","Sword Boomerang","Pummel","Blood for Blood","Headbutt","Rage","Power Through","Feed","Disarm","Rupture","Burning Pact","Corruption+1","Ghostly Armor","Armaments+1","Body Slam+1"],"relics":["Burning Blood","Bottled Tornado","Pear","Black Star","Potion Belt","Meat on the Bone","Pantograph","Thread and Needle","Mercury Hourglass"],"potions_floor_usage":[7,7,11,16,23],"damage_taken":[{"damage":5,"enemies":"Small Slimes","floor":1,"turns":5},{"damage":8,"enemies":"Jaw Worm","floor":2,"turns":3},{"damage":3,"enemies":"2 Louse","floor":3,"turns":3},{"damage":33,"enemies":"Red Slaver","floor":4,"turns":6},{"damage":12,"enemies":"Large Slime","floor":5,"turns":8},{"damage":26,"enemies":"3 Sentries","floor":7,"turns":6},{"damage":15,"enemies":"Looter","floor":8,"turns":4},{"damage":18,"enemies":"Exordium Wildlife","floor":11,"turns":3},{"damage":17,"enemies":"3 Louse","floor":13,"turns":3},{"damage":6,"enemies":"Hexaghost","floor":16,"turns":6},{"damage":17,"enemies":"Chosen","floor":18,"turns":4},{"damage":33,"enemies":"3 Byrds","floor":22,"turns":10},{"damage":46,"enemies":"Slavers","floor":23,"turns":6},{"damage":3,"enemies":"Snecko","floor":28,"turns":6},{"damage":20,"enemies":"Centurion and Healer","floor":30,"turns":7},{"damage":15,"enemies":"Shelled Parasite and Fungi","floor":31,"turns":6},{"damage":86,"enemies":"Automaton","floor":33,"turns":8}],"seed_played":"-6367539892614632152","potions_obtained":[{"floor":3,"key":"Dexterity Potion"},{"floor":5,"key":"Explosive Potion"},{"floor":7,"key":"Regen Potion"},{"floor":8,"key":"PowerPotion"},{"floor":11,"key":"AttackPotion"},{"floor":18,"key":"SkillPotion"},{"floor":31,"key":"Explosive Potion"}],"is_trial":false,"path_per_floor":["M","M","M","M","M","$","E","M","T","R","M","R","M","?","R","B",null,"M","?","$","?","M","E","?","R","T","R","M","$","M","M","R","B"],"character_chosen":"IRONCLAD","items_purchased":["Pummel","Rupture"],"campfire_rested":2,"item_purchase_floors":[6,20],"current_hp_per_floor":[73,71,74,47,41,41,21,12,22,22,19,19,8,8,35,35,76,65,65,65,65,50,25,7,36,36,36,51,51,49,55,55,0],"gold":56,"neow_bonus":"TRANSFORM_TWO_CARDS","is_prod":false,"is_daily":false,"chose_seed":false,"campfire_upgraded":4,"win_rate":0,"timestamp":1550612657,"path_taken":["M","M","M","M","M","$","E","M","T","R","M","R","M","?","R","BOSS","M","?","$","?","?","E","?","R","T","R","M","$","M","M","R","BOSS"],"build_version":"2019-01-23","purchased_purges":2,"victory":false,"max_hp_per_floor":[80,80,80,80,80,80,80,80,90,90,90,90,90,90,90,90,90,90,90,90,90,90,93,98,98,98,98,98,98,98,101,101,101],"card_choices":[{"not_picked":["Shrug It Off","Perfected Strike"],"picked":"Rupture","floor":1},{"not_picked":["Wild Strike","Clash"],"picked":"Iron Wave","floor":2},{"not_picked":["Seeing Red","Perfected Strike"],"picked":"Clothesline","floor":3},{"not_picked":["Body Slam","Perfected Strike","Bloodletting"],"picked":"SKIP","floor":4},{"not_picked":["Bloodletting","Body Slam"],"picked":"Sword Boomerang","floor":5},{"not_picked":["Twin Strike","Inflame"],"picked":"Blood for Blood","floor":7},{"not_picked":["Iron Wave","Second Wind"],"picked":"Headbutt","floor":8},{"not_picked":["Flex","Perfected Strike"],"picked":"Rage","floor":11},{"not_picked":["Perfected Strike","Sword Boomerang"],"picked":"Power Through","floor":13},{"not_picked":["Berserk","Immolate"],"picked":"Feed","floor":16},{"not_picked":["Wild Strike","Body Slam"],"picked":"Disarm","floor":18},{"not_picked":["Iron Wave","Carnage"],"picked":"Burning Pact","floor":22},{"not_picked":["Rampage","Reckless Charge"],"picked":"Corruption+1","floor":23},{"not_picked":["Cleave","Havoc"],"picked":"Ghostly Armor","floor":28},{"not_picked":["Wild Strike","Bludgeon"],"picked":"Armaments","floor":30},{"not_picked":["Headbutt","Heavy Blade"],"picked":"Body Slam+1","floor":31}],"player_experience":463839,"relics_obtained":[{"floor":7,"key":"Bottled Tornado"},{"floor":9,"key":"Pear"},{"floor":23,"key":"Pantograph"},{"floor":23,"key":"Thread and Needle"},{"floor":26,"key":"Mercury Hourglass"}],"event_choices":[{"damage_healed":0,"gold_gain":0,"player_choice":"Ignored","damage_taken":0,"max_hp_gain":0,"max_hp_loss":0,"event_name":"Liars Game","floor":14,"gold_loss":0},{"damage_healed":0,"gold_gain":0,"player_choice":"Opened","damage_taken":0,"relics_obtained":["Potion Belt"],"max_hp_gain":0,"max_hp_loss":0,"event_name":"The Mausoleum","floor":19,"gold_loss":0,"cards_obtained":["Writhe"]},{"damage_healed":0,"gold_gain":0,"player_choice":"Gave Potion","damage_taken":0,"relics_obtained":["Meat on the Bone"],"max_hp_gain":0,"max_hp_loss":0,"event_name":"WeMeetAgain","floor":21,"gold_loss":0},{"damage_healed":0,"gold_gain":0,"player_choice":"Shed Blood","damage_taken":23,"max_hp_gain":5,"max_hp_loss":0,"event_name":"Forgotten Altar","floor":24,"gold_loss":0}],"is_beta":false,"boss_relics":[{"not_picked":["Coffee Dripper","Runic Pyramid"],"picked":"Black Star"}],"items_purged_floors":[20,29],"is_endless":false,"potions_floor_spawned":[3,5,7,8,11,18,31],"killed_by":"Automaton","ascension_level":8}