{"gold_per_floor":[114,125,125,125,138,138,150,162,187,201,219,229,241,256,256,256],"floor_reached":16,"playtime":959,"items_purged":[],"score":105,"play_id":"2f2dd189-f0f2-4076-a1be-838caa2c0595","local_time":"20190801162819","is_ascension_mode":true,"campfire_choices":[{"data":"Coolheaded","floor":6,"key":"SMITH"},{"floor":15,"key":"REST"}],"neow_cost":"NONE","seed_source_timestamp":1828028891705600,"circlet_count":0,"master_deck":["Strike_B","Strike_B","Defend_B","Defend_B","Defend_B","Zap","Dualcast","Multi-Cast","White Noise","Capacitor","Coolheaded+1","Coolheaded","Leap","Glacier","FTL","Ball Lightning","Barrage"],"relics":["Cracked Core","Vajra"],"potions_floor_usage":[],"damage_taken":[{"damage":1,"enemies":"Cultist","floor":1,"turns":3},{"damage":8,"enemies":"Small Slimes","floor":2,"turns":3},{"damage":5,"enemies":"2 Louse","floor":5,"turns":2},{"damage":25,"enemies":"Lots of Slimes","floor":7,"turns":5},{"damage":10,"enemies":"2 Fungi Beasts","floor":8,"turns":5},{"damage":10,"enemies":"3 Louse","floor":10,"turns":5},{"damage":6,"enemies":"Red Slaver","floor":11,"turns":5},{"damage":0,"enemies":"Blue Slaver","floor":12,"turns":6},{"damage":0,"enemies":"Exordium Thugs","floor":13,"turns":6},{"damage":2,"enemies":"Red Slaver","floor":14,"turns":3},{"damage":24,"enemies":"Slime Boss","floor":16,"turns":3}],"seed_played":"4289604696350695599","potions_obtained":[{"floor":1,"key":"Explosive Potion"},{"floor":5,"key":"Swift Potion"},{"floor":11,"key":"Ancient Potion"}],"is_trial":false,"path_per_floor":["M","M","?","?","M","R","M","M","T","M","M","M","M","M","R","B"],"character_chosen":"DEFECT","items_purchased":[],"campfire_rested":1,"item_purchase_floors":[],"current_hp_per_floor":[74,66,59,59,54,54,29,19,19,9,3,3,3,1,23,0],"gold":256,"neow_bonus":"TRANSFORM_CARD","is_prod":false,"is_daily":false,"chose_seed":false,"campfire_upgraded":1,"win_rate":0,"timestamp":1564666099,"path_taken":["M","?","?","?","?","R","M","M","T","M","M","M","M","M","R","BOSS"],"build_version":"2019-07-17","purchased_purges":0,"victory":false,"max_hp_per_floor":[75,75,75,75,75,75,75,75,75,75,75,75,75,75,75,75],"card_choices":[{"not_picked":["Heatsinks","Hello World"],"picked":"White Noise","floor":1},{"not_picked":["Go for the Eyes","Compile Driver"],"picked":"Capacitor","floor":2},{"not_picked":["BootSequence","Leap"],"picked":"Coolheaded","floor":5},{"not_picked":["Sweeping Beam","Ball Lightning"],"picked":"Coolheaded","floor":7},{"not_picked":["Redo","Streamline","Skim"],"picked":"SKIP","floor":8},{"not_picked":["Turbo","Streamline"],"picked":"Leap","floor":10},{"not_picked":["Turbo","Hello World"],"picked":"Glacier","floor":11},{"not_picked":["Steam Power","Redo"],"picked":"FTL","floor":12},{"not_picked":["Go for the Eyes","Rebound"],"picked":"Ball Lightning","floor":13},{"not_picked":["All For One","Hologram"],"picked":"Barrage","floor":14}],"player_experience":146907,"relics_obtained":[{"floor":9,"key":"Vajra"}],"event_choices":[{"cards_removed":["Defend_B"],"damage_healed":0,"gold_gain":0,"player_choice":"Card Removal","damage_taken":7,"max_hp_gain":0,"max_hp_loss":0,"event_name":"Golden Wing","floor":3,"gold_loss":0},{"cards_removed":["Strike_B"],"damage_healed":0,"gold_gain":0,"player_choice":"Purged","damage_taken":0,"max_hp_gain":0,"max_hp_loss":0,"event_name":"Purifier","floor":4,"gold_loss":0}],"is_beta":false,"boss_relics":[],"items_purged_floors":[],"is_endless":false,"potions_floor_spawned":[1,5,11,12,14],"killed_by":"Slime Boss","ascension_level":1}