{"gold_per_floor":[109,124,124,49,64,98,113,145,145,174,174,174,74,101,101,173,173,189,189,189,209,29,62,62,89,114,114,148,168,182,208,208,281,281,293,293,304,54,0,27,27,54,77,77,102,122,137,24,24,24],"floor_reached":51,"playtime":4658,"items_purged":["Strike_R","Strike_R","Strike_R"],"score":1760,"play_id":"52d076cd-f2dc-48b5-9efa-3954be430076","local_time":"20190419225629","is_ascension_mode":true,"campfire_choices":[{"floor":11.0,"key":"REST"},{"data":"Armaments","floor":15.0,"key":"SMITH"},{"data":"Immolate","floor":24.0,"key":"SMITH"},{"data":"Disarm","floor":27.0,"key":"SMITH"},{"data":"Spot Weakness","floor":32.0,"key":"SMITH"},{"floor":41.0,"key":"REST"},{"floor":49,"key":"RECALL"}],"neow_cost":"NONE","seed_source_timestamp":0,"circlet_count":0,"master_deck":["AscendersBane","Strike_R","Strike_R","Defend_R","Defend_R","Defend_R","Defend_R","Bash+1","Cleave","Headbutt","Inflame","Rampage","Iron Wave","True Grit","Armaments+1","Clothesline","Spot Weakness+1","Corruption","Immolate+1","Blood for Blood+1","Disarm+1","Shrug It Off","Burning Pact+1","Shrug It Off","Whirlwind+1","Feed","Dark Embrace","Twin Strike+1","Shrug It Off","Flame Barrier","Barricade","Finesse","Disarm","Spot Weakness","True Grit"],"special_seed":0,"relics":["Burning Blood","Matryoshka","Omamori","Mercury Hourglass","Vajra","Centennial Puzzle","Cursed Key","MutagenicStrength","Boot","Regal Pillow","PreservedInsect","Strawberry","Blue Candle","Oddly Smooth Stone","Fusion Hammer","ClockworkSouvenir","Red Mask","Red Skull","Dead Branch","Bag of Marbles","Pear"],"potions_floor_usage":[50],"damage_taken":[{"damage":2.0,"enemies":"Cultist","floor":1.0,"turns":4.0},{"damage":3.0,"enemies":"2 Louse","floor":2.0,"turns":3.0},{"damage":2.0,"enemies":"Jaw Worm","floor":5.0,"turns":3.0},{"damage":35.0,"enemies":"Lagavulin","floor":6.0,"turns":5.0},{"damage":15.0,"enemies":"Large Slime","floor":7.0,"turns":4.0},{"damage":19.0,"enemies":"Gremlin Nob","floor":8.0,"turns":4.0},{"damage":28.0,"enemies":"Lagavulin","floor":10.0,"turns":5.0},{"damage":24.0,"enemies":"3 Sentries","floor":14.0,"turns":6.0},{"damage":15.0,"enemies":"The Guardian","floor":16.0,"turns":9.0},{"damage":8.0,"enemies":"3 Byrds","floor":18.0,"turns":2.0},{"damage":0.0,"enemies":"Chosen","floor":21.0,"turns":3.0},{"damage":37.0,"enemies":"Slavers","floor":23.0,"turns":5.0},{"damage":0.0,"enemies":"Gremlin Leader","floor":25.0,"turns":4.0},{"damage":7.0,"enemies":"Slavers","floor":28.0,"turns":2.0},{"damage":5.0,"enemies":"Snecko","floor":29.0,"turns":3.0},{"damage":5.0,"enemies":"Cultist and Chosen","floor":30.0,"turns":4.0},{"damage":22.0,"enemies":"Book of Stabbing","floor":31.0,"turns":4.0},{"damage":18.0,"enemies":"Champ","floor":33.0,"turns":12.0},{"damage":0.0,"enemies":"Orb Walker","floor":35.0,"turns":3.0},{"damage":0.0,"enemies":"3 Darklings","floor":37.0,"turns":2.0},{"damage":21.0,"enemies":"Reptomancer","floor":40.0,"turns":3.0},{"damage":1.0,"enemies":"Nemesis","floor":42.0,"turns":4.0},{"damage":0.0,"enemies":"Reptomancer","floor":45.0,"turns":3.0},{"damage":1.0,"enemies":"Jaw Worm Horde","floor":46.0,"turns":3.0},{"damage":0.0,"enemies":"Maw","floor":47.0,"turns":3.0},{"damage":47,"enemies":"Awakened One","floor":50,"turns":10}],"seed_played":"5623365309902952383","potions_obtained":[{"floor":1.0,"key":"GamblersBrew"},{"floor":2.0,"key":"Ancient Potion"},{"floor":8.0,"key":"BloodPotion"},{"floor":16.0,"key":"FearPotion"},{"floor":18.0,"key":"FearPotion"},{"floor":23.0,"key":"Dexterity Potion"},{"floor":30.0,"key":"Regen Potion"},{"floor":35.0,"key":"SteroidPotion"},{"floor":37.0,"key":"PowerPotion"},{"floor":40.0,"key":"Energy Potion"},{"floor":45.0,"key":"Fire Potion"}],"is_trial":false,"path_per_floor":["M","M","?","$","M","E","M","E","T","E","R","?","$","E","R","B",null,"M","?","?","M","$","E","R","E","T","R","E","M","M","E","R","B",null,"M","?","M","$","?","E","R","E","T","?","E","M","M","$","R","B",null],"character_chosen":"IRONCLAD","items_purchased":["Shrug It Off","ClockworkSouvenir","Flame Barrier","Strength Potion","True Grit"],"campfire_rested":2,"item_purchase_floors":[22,38,38,48,48],"current_hp_per_floor":[79,82,82,82,82,53,44,31,31,17,41,41,41,23,23,14,65,63,63,63,69,69,38,38,44,51,51,50,51,52,39,39,42,80,89,89,90,90,90,75,90,93,93,88,106,112,112,112,112,71],"gold":24,"neow_bonus":"TEN_PERCENT_HP_BONUS","is_prod":false,"is_daily":false,"chose_seed":false,"campfire_upgraded":4,"win_rate":0,"timestamp":1555710989,"path_taken":["M","M","?","$","M","E","M","E","T","E","R","?","$","E","R","BOSS","M","?","?","M","$","E","R","E","T","R","E","M","M","E","R","BOSS","M","?","M","$","?","E","R","E","T","?","E","M","M","$","R","BOSS"],"build_version":"2019-01-23","purchased_purges":3,"victory":true,"max_hp_per_floor":[82,82,82,82,82,82,82,82,82,82,82,82,82,82,82,82,82,82,82,82,82,82,82,82,82,89,89,89,89,89,92,92,92,92,95,90,90,90,90,90,90,93,93,93,106,112,112,112,112,112],"card_choices":[{"not_picked":["Seeing Red","Sentinel"],"picked":"Cleave","floor":1.0},{"not_picked":["Dropkick","Heavy Blade"],"picked":"Headbutt","floor":2.0},{"not_picked":["Evolve","Perfected Strike"],"picked":"Inflame","floor":5.0},{"not_picked":["Corruption","Sentinel"],"picked":"Rampage","floor":6.0},{"not_picked":["Heavy Blade","Headbutt"],"picked":"Iron Wave","floor":7.0},{"not_picked":["Sentinel","Berserk"],"picked":"True Grit","floor":8.0},{"not_picked":["Seeing Red","Headbutt"],"picked":"Armaments","floor":10.0},{"not_picked":["Havoc","Entrench"],"picked":"Corruption","floor":14.0},{"not_picked":["Fiend Fire","Bludgeon"],"picked":"Immolate","floor":16.0},{"not_picked":["Wild Strike","Carnage"],"picked":"Blood for Blood+1","floor":18.0},{"not_picked":["Carnage","Combust","Pommel Strike"],"picked":"SKIP","floor":21.0},{"not_picked":["Armaments+1","Wild Strike"],"picked":"Burning Pact+1","floor":23.0},{"not_picked":["Spot Weakness","Armaments"],"picked":"Shrug It Off","floor":25.0},{"not_picked":["Evolve","Headbutt"],"picked":"Whirlwind+1","floor":28.0},{"not_picked":["True Grit","Body Slam","Flex"],"picked":"SKIP","floor":29.0},{"not_picked":["Anger+1","Headbutt"],"picked":"Feed","floor":30.0},{"not_picked":["Pommel Strike","Carnage","Second Wind"],"picked":"SKIP","floor":31.0},{"not_picked":["Berserk","Double Tap"],"picked":"Dark Embrace","floor":33.0},{"not_picked":["Havoc+1","Rupture"],"picked":"Twin Strike+1","floor":35.0},{"not_picked":["Rupture+1","Carnage"],"picked":"Shrug It Off","floor":37.0},{"not_picked":["Combust+1","Flex","Thunderclap"],"picked":"SKIP","floor":40.0},{"not_picked":["Evolve","Perfected Strike"],"picked":"Barricade","floor":42.0},{"not_picked":["Bandage Up","Purity"],"picked":"Finesse","floor":44.0},{"not_picked":["True Grit","Inflame"],"picked":"Disarm","floor":45.0},{"not_picked":["Flex+1","Carnage+1","Corruption"],"picked":"SKIP","floor":46.0},{"not_picked":["Pommel Strike","Feel No Pain"],"picked":"Spot Weakness","floor":47.0}],"player_experience":816801,"relics_obtained":[{"floor":8.0,"key":"Matryoshka"},{"floor":9.0,"key":"Omamori"},{"floor":9.0,"key":"Mercury Hourglass"},{"floor":10.0,"key":"Vajra"},{"floor":14.0,"key":"Centennial Puzzle"},{"floor":23.0,"key":"Boot"},{"floor":25.0,"key":"Regal Pillow"},{"floor":26.0,"key":"PreservedInsect"},{"floor":26.0,"key":"Strawberry"},{"floor":28.0,"key":"Blue Candle"},{"floor":31.0,"key":"Oddly Smooth Stone"},{"floor":40.0,"key":"Red Skull"},{"floor":42.0,"key":"Dead Branch"},{"floor":43.0,"key":"Bag of Marbles"},{"floor":45.0,"key":"Pear"}],"event_choices":[{"damage_healed":0.0,"max_hp_gain":0.0,"max_hp_loss":0.0,"gold_gain":0.0,"event_name":"Living Wall","player_choice":"Grow","floor":3.0,"gold_loss":0.0,"damage_taken":0.0,"cards_upgraded":["Bash"]},{"damage_healed":0.0,"max_hp_gain":0.0,"max_hp_loss":0.0,"gold_gain":0.0,"event_name":"Match and Keep!","player_choice":"2 cards matched","floor":12.0,"gold_loss":0.0,"damage_taken":0.0,"cards_obtained":["Clothesline","Spot Weakness"]},{"damage_healed":0.0,"max_hp_gain":0.0,"max_hp_loss":0.0,"gold_gain":0.0,"event_name":"Drug Dealer","player_choice":"Inject Mutagens","floor":19.0,"gold_loss":0.0,"damage_taken":0.0,"relics_obtained":["MutagenicStrength"]},{"damage_healed":0.0,"max_hp_gain":0.0,"max_hp_loss":0.0,"gold_gain":0.0,"event_name":"The Library","player_choice":"Read","floor":20.0,"gold_loss":0.0,"damage_taken":0.0,"cards_obtained":["Disarm"]},{"damage_healed":0.0,"max_hp_gain":0.0,"max_hp_loss":5.0,"gold_gain":0.0,"event_name":"Winding Halls","player_choice":"Max HP","floor":36.0,"gold_loss":0.0,"damage_taken":0.0},{"damage_healed":0.0,"max_hp_gain":0.0,"max_hp_loss":0.0,"gold_gain":0.0,"event_name":"Tomb of Lord Red Mask","player_choice":"Paid","floor":39.0,"gold_loss":54.0,"damage_taken":0.0,"relics_obtained":["Red Mask"]},{"damage_healed":0.0,"max_hp_gain":0.0,"max_hp_loss":0.0,"gold_gain":0.0,"event_name":"SensoryStone","player_choice":"Memory 2","floor":44.0,"gold_loss":0.0,"damage_taken":5.0}],"is_beta":false,"boss_relics":[{"not_picked":["Philosopher\u0027s Stone","Mark of Pain"],"picked":"Cursed Key"},{"not_picked":["Black Star","Calling Bell"],"picked":"Fusion Hammer"}],"items_purged_floors":[4,13,22],"is_endless":false,"potions_floor_spawned":[1,2,8,16,18,23,29,30,35,37,40,45],"ascension_level":19}