{"gold_per_floor":[117,117,192,467,317,330,1,1,27,42,42,54,54,89,89,161,161,172,44,56,75,75,87,97,97,124,124,143,143,143,154,154,154],"floor_reached":33,"playtime":1397,"items_purged":["Regret"],"score":517,"play_id":"044e1edd-a102-4ed4-b71b-a8699a3a0e26","local_time":"20190816205943","is_ascension_mode":true,"campfire_choices":[{"data":"Dualcast","floor":11.0,"key":"SMITH"},{"floor":13.0,"key":"REST"},{"data":"Electrodynamics","floor":15.0,"key":"SMITH"},{"data":"Biased Cognition","floor":25.0,"key":"SMITH"},{"data":"Loop","floor":27.0,"key":"SMITH"},{"data":"Self Repair","floor":30.0,"key":"SMITH"},{"data":"Blizzard","floor":32.0,"key":"SMITH"}],"neow_cost":"NONE","seed_source_timestamp":196792553713100,"circlet_count":0,"master_deck":["AscendersBane","Strike_B","Strike_B","Strike_B","Defend_B","Defend_B","Defend_B","Defend_B","Zap+1","Dualcast+1","Ball Lightning","Glacier","Electrodynamics+1","Biased Cognition+1","Loop+1","Blizzard+1","Force Field","Shame","White Noise","Self Repair+1","Cold Snap+1"],"special_seed":0,"relics":["Cracked Core","Bird Faced Urn","Matryoshka","Strawberry","Bag of Marbles","Boot","Coffee Dripper","WingedGreaves","Vajra","Bronze Scales"],"potions_floor_usage":[33,33],"damage_taken":[{"damage":3.0,"enemies":"2 Louse","floor":1.0,"turns":2.0},{"damage":3.0,"enemies":"Small Slimes","floor":6.0,"turns":2.0},{"damage":0.0,"enemies":"Cultist","floor":10.0,"turns":3.0},{"damage":9.0,"enemies":"Red Slaver","floor":12.0,"turns":2.0},{"damage":0.0,"enemies":"3 Sentries","floor":14.0,"turns":3.0},{"damage":22.0,"enemies":"Slime Boss","floor":16.0,"turns":8.0},{"damage":8.0,"enemies":"2 Thieves","floor":18.0,"turns":2.0},{"damage":2.0,"enemies":"3 Byrds","floor":20.0,"turns":2.0},{"damage":33.0,"enemies":"Snake Plant","floor":21.0,"turns":3.0},{"damage":0.0,"enemies":"3 Cultists","floor":23.0,"turns":2.0},{"damage":25.0,"enemies":"Cultist and Chosen","floor":24.0,"turns":4.0},{"damage":0.0,"enemies":"Centurion and Healer","floor":28.0,"turns":4.0},{"damage":17.0,"enemies":"Snecko","floor":31.0,"turns":5.0},{"damage":67,"enemies":"Automaton","floor":33,"turns":6}],"seed_played":"3357414858469369898","potions_obtained":[{"floor":10.0,"key":"Block Potion"},{"floor":12.0,"key":"EssenceOfSteel"},{"floor":16.0,"key":"Dexterity Potion"},{"floor":18.0,"key":"SpeedPotion"},{"floor":20.0,"key":"LiquidBronze"},{"floor":21.0,"key":"LiquidBronze"}],"is_trial":false,"path_per_floor":["M","?","?","?","$","M","$","T","T","M","R","M","R","E","R","B",null,"M","$","M","M","?","M","M","R","T","R","M","?","R","M","R","B"],"character_chosen":"DEFECT","items_purchased":["Glacier","Bird Faced Urn","Loop","Blizzard"],"campfire_rested":1,"item_purchase_floors":[5,7,19,19],"current_hp_per_floor":[61,54,43,43,43,40,40,40,47,47,47,40,63,65,65,45,70,66,66,68,39,39,45,26,26,26,26,34,34,34,35,35,0],"gold":154,"neow_bonus":"UPGRADE_CARD","is_prod":false,"is_daily":false,"chose_seed":false,"campfire_upgraded":6,"win_rate":0,"timestamp":1566014383,"path_taken":["M","?","?","?","$","?","?","?","T","M","R","M","R","E","R","BOSS","M","$","M","M","?","M","M","R","T","R","M","?","R","M","R","BOSS"],"build_version":"2019-07-17","purchased_purges":1,"victory":false,"max_hp_per_floor":[71,71,71,71,71,71,71,71,78,78,78,78,78,78,78,78,78,78,78,78,78,78,78,78,78,78,78,78,78,78,78,78,78],"card_choices":[{"not_picked":["Leap","Tempest"],"picked":"Ball Lightning","floor":1.0},{"not_picked":["Ball Lightning","Turbo","Compile Driver"],"picked":"SKIP","floor":6.0},{"not_picked":["Go for the Eyes","Hologram"],"picked":"Electrodynamics","floor":10.0},{"not_picked":["Stack","Ball Lightning","Leap"],"picked":"SKIP","floor":12.0},{"not_picked":["Beam Cell","Auto Shields","Chaos"],"picked":"SKIP","floor":14.0},{"not_picked":["Echo Form","Multi-Cast"],"picked":"Biased Cognition","floor":16.0},{"not_picked":["Aggregate","Gash","Storm"],"picked":"SKIP","floor":18.0},{"not_picked":["Static Discharge","BootSequence","Gash"],"picked":"SKIP","floor":20.0},{"not_picked":["Barrage","Hello World"],"picked":"Force Field","floor":21.0},{"not_picked":["Consume","Streamline","Coolheaded"],"picked":"SKIP","floor":23.0},{"not_picked":["Rip and Tear","Turbo"],"picked":"White Noise","floor":24.0},{"not_picked":["Reinforced Body","Compile Driver"],"picked":"Self Repair","floor":28.0},{"not_picked":["Hello World","Ball Lightning"],"picked":"Cold Snap+1","floor":31.0}],"player_experience":673980,"relics_obtained":[{"floor":8.0,"key":"Matryoshka"},{"floor":9.0,"key":"Strawberry"},{"floor":9.0,"key":"Bag of Marbles"},{"floor":14.0,"key":"Boot"},{"floor":26.0,"key":"Vajra"},{"floor":26.0,"key":"Bronze Scales"}],"event_choices":[{"cards_removed":["Strike_B"],"damage_healed":0.0,"max_hp_gain":0.0,"max_hp_loss":0.0,"gold_gain":0.0,"event_name":"Golden Wing","player_choice":"Card Removal","floor":2.0,"gold_loss":0.0,"damage_taken":7.0},{"damage_healed":0.0,"max_hp_gain":0.0,"max_hp_loss":0.0,"gold_gain":75.0,"event_name":"World of Goop","player_choice":"Gather Gold","floor":3.0,"gold_loss":0.0,"damage_taken":11.0},{"damage_healed":0.0,"max_hp_gain":0.0,"max_hp_loss":0.0,"gold_gain":275.0,"event_name":"Golden Shrine","player_choice":"Desecrate","floor":4.0,"gold_loss":0.0,"damage_taken":0.0,"cards_obtained":["Regret"]},{"damage_healed":0.0,"max_hp_gain":0.0,"max_hp_loss":0.0,"gold_gain":0.0,"event_name":"Addict","player_choice":"Stole Relic","floor":22.0,"gold_loss":0.0,"damage_taken":0.0,"relics_obtained":["WingedGreaves"],"cards_obtained":["Shame"]},{"damage_healed":0.0,"max_hp_gain":0.0,"max_hp_loss":0.0,"gold_gain":0.0,"event_name":"Cursed Tome","player_choice":"Ignored","floor":29.0,"gold_loss":0.0,"damage_taken":0.0}],"is_beta":false,"boss_relics":[{"not_picked":["Pandora\u0027s Box","Runic Dome"],"picked":"Coffee Dripper"}],"items_purged_floors":[5],"is_endless":false,"potions_floor_spawned":[10,12,16,18,20,21,31],"killed_by":"Automaton","ascension_level":18}