{"gold_per_floor":[109,109,124,142,158,177,196,196,196,223,12,41,41,73,73,145,145,164,164,184,201,14,31,31,42,42,42],"floor_reached":27,"playtime":2741,"items_purged":["Strike_G","Decay"],"score":415,"play_id":"4a692090-44c0-4e30-8f5f-91fc4f8b4a53","local_time":"20190402072726","is_ascension_mode":true,"campfire_choices":[{"data":"Neutralize","floor":8.0,"key":"SMITH"},{"floor":13.0,"key":"REST"},{"floor":15.0,"key":"REST"},{"data":"Backstab","floor":24,"key":"SMITH"}],"neow_cost":"NONE","seed_source_timestamp":0,"circlet_count":0,"master_deck":["AscendersBane","Defend_G","Defend_G","Defend_G","Defend_G","Defend_G","Strike_G","Strike_G","Strike_G","Strike_G","Survivor","Neutralize+1","Heel Hook","Dagger Throw","Well Laid Plans","Cloak And Dagger","Quick Slash","Backflip","Bouncing Flask","Bullet Time","Leg Sweep","Infinite Blades","Backstab+1","Die Die Die","PiercingWail","Backflip+1","Skewer+1","Dash","Noxious Fumes","PiercingWail"],"special_seed":0,"relics":["Ring of the Snake","Strawberry","Art of War","Oddly Smooth Stone","Dream Catcher","Darkstone Periapt","Coffee Dripper","FossilizedHelix"],"potions_floor_usage":[25],"damage_taken":[{"damage":5.0,"enemies":"2 Louse","floor":1.0,"turns":4.0},{"damage":3.0,"enemies":"Cultist","floor":3.0,"turns":5.0},{"damage":0.0,"enemies":"Small Slimes","floor":4.0,"turns":3.0},{"damage":3.0,"enemies":"Exordium Wildlife","floor":5.0,"turns":8.0},{"damage":0.0,"enemies":"Blue Slaver","floor":6.0,"turns":4.0},{"damage":1.0,"enemies":"Looter","floor":7.0,"turns":4.0},{"damage":20.0,"enemies":"Lagavulin","floor":10.0,"turns":10.0},{"damage":8.0,"enemies":"3 Sentries","floor":12.0,"turns":11.0},{"damage":28.0,"enemies":"Gremlin Nob","floor":14.0,"turns":5.0},{"damage":4.0,"enemies":"Hexaghost","floor":16.0,"turns":10.0},{"damage":8.0,"enemies":"Shell Parasite","floor":18.0,"turns":6.0},{"damage":19.0,"enemies":"2 Thieves","floor":20.0,"turns":4.0},{"damage":36,"enemies":"Shelled Parasite and Fungi","floor":21,"turns":7},{"damage":2,"enemies":"Chosen and Byrds","floor":23,"turns":7},{"damage":0,"enemies":"Snake Plant","floor":25,"turns":5},{"damage":12,"enemies":"Centurion and Healer","floor":27,"turns":4}],"seed_played":"1844196625833394422","potions_obtained":[{"floor":1.0,"key":"Block Potion"},{"floor":2.0,"key":"EntropicBrew"},{"floor":7.0,"key":"FairyPotion"},{"floor":14.0,"key":"Poison Potion"},{"floor":20.0,"key":"SpeedPotion"},{"floor":23,"key":"Dexterity Potion"}],"is_trial":false,"path_per_floor":["M","?","M","M","M","M","M","R","T","E","$","E","R","E","R","B",null,"M","?","M","M","$","M","R","M","T","M"],"character_chosen":"THE_SILENT","items_purchased":["Bullet Time","Dash","Block Potion"],"campfire_rested":2,"item_purchase_floors":[11,22,22],"current_hp_per_floor":[61,61,58,58,55,55,54,54,54,34,34,26,47,19,40,36,64,56,62,43,7,7,5,5,5,5,0],"gold":42,"neow_bonus":"RANDOM_COMMON_RELIC","is_prod":false,"is_daily":false,"chose_seed":false,"campfire_upgraded":2,"win_rate":0,"timestamp":1554186446,"path_taken":["M","?","?","M","?","M","?","R","T","E","$","E","R","E","R","BOSS","M","?","M","M","$","M","R","M","T","M"],"build_version":"2019-01-23","purchased_purges":2,"victory":false,"max_hp_per_floor":[73,73,73,73,73,73,73,73,73,73,73,73,73,73,73,73,73,73,79,79,79,79,79,79,79,79,79],"card_choices":[{"not_picked":["Terror","Dodge and Roll"],"picked":"Heel Hook","floor":1.0},{"not_picked":["Riddle With Holes","Blur"],"picked":"Dagger Throw","floor":3.0},{"not_picked":["Finisher","Setup"],"picked":"Well Laid Plans","floor":4.0},{"not_picked":["Prepared","Blade Dance"],"picked":"Cloak And Dagger","floor":5.0},{"not_picked":["Underhanded Strike","Flying Knee"],"picked":"Quick Slash","floor":6.0},{"not_picked":["Underhanded Strike","Flying Knee"],"picked":"Backflip","floor":7.0},{"not_picked":["Bane","Slice"],"picked":"Bouncing Flask","floor":10.0},{"not_picked":["Envenom","Choke"],"picked":"Leg Sweep","floor":12.0},{"not_picked":["Prepared","Eviscerate"],"picked":"Infinite Blades","floor":14.0},{"not_picked":["Leg Sweep","Dagger Spray"],"picked":"Backstab","floor":15.0},{"not_picked":["Night Terror","Tools of the Trade"],"picked":"Die Die Die","floor":16.0},{"not_picked":["Setup","Cloak And Dagger"],"picked":"PiercingWail","floor":18.0},{"not_picked":["Dodge and Roll","Bouncing Flask"],"picked":"Backflip+1","floor":20.0},{"not_picked":["Dagger Spray","Escape Plan"],"picked":"Skewer+1","floor":21},{"not_picked":["Poisoned Stab","Blur"],"picked":"Noxious Fumes","floor":23},{"not_picked":["Outmaneuver","Slice"],"picked":"PiercingWail","floor":25}],"player_experience":722160,"relics_obtained":[{"floor":9.0,"key":"Art of War"},{"floor":10.0,"key":"Oddly Smooth Stone"},{"floor":12.0,"key":"Dream Catcher"},{"floor":14.0,"key":"Darkstone Periapt"},{"floor":26,"key":"FossilizedHelix"}],"event_choices":[{"damage_healed":0.0,"max_hp_gain":0.0,"max_hp_loss":0.0,"gold_gain":0.0,"event_name":"Lab","player_choice":"Got Potions","floor":2.0,"gold_loss":0.0,"damage_taken":0.0},{"damage_healed":0.0,"max_hp_gain":0.0,"max_hp_loss":0.0,"gold_gain":0.0,"event_name":"Forgotten Altar","player_choice":"Smashed Altar","floor":19.0,"gold_loss":0.0,"damage_taken":0.0,"cards_obtained":["Decay"]}],"is_beta":false,"boss_relics":[{"not_picked":["Pandora\u0027s Box","Cursed Key"],"picked":"Coffee Dripper"}],"items_purged_floors":[11,22],"is_endless":false,"potions_floor_spawned":[1,3,7,14,20,23],"killed_by":"Centurion and Healer","ascension_level":15}