{"gold_per_floor":[113,113,132,152,169,200,214,225,225,242,261,273,273,273,273,273],"floor_reached":16,"playtime":1033,"items_purged":[],"score":146,"play_id":"84448ff0-1c64-428e-af2f-cd40093abf94","local_time":"20180721182015","is_ascension_mode":true,"campfire_choices":[{"floor":13,"key":"REST"},{"floor":15,"key":"REST"}],"neow_cost":"NONE","seed_source_timestamp":5857932412408965,"circlet_count":0,"master_deck":["Strike_R","Strike_R","Strike_R+1","Strike_R","Strike_R","Defend_R","Defend_R+1","Defend_R","Defend_R","Bash+1","Flex","Battle Trance","Shrug It Off","Armaments","Power Through","Fire Breathing+1","Reaper","Thunderclap","Flex"],"relics":["Burning Blood","Frozen Egg 2","Ornamental Fan","Golden Idol"],"potions_floor_usage":[10,11,11],"damage_taken":[{"damage":14,"enemies":"Jaw Worm","floor":1,"turns":3},{"damage":0,"enemies":"Small Slimes","floor":3,"turns":4},{"damage":3,"enemies":"2 Louse","floor":4,"turns":3},{"damage":36,"enemies":"Lots of Slimes","floor":5,"turns":5},{"damage":23,"enemies":"3 Sentries","floor":6,"turns":10},{"damage":3,"enemies":"Blue Slaver","floor":7,"turns":6},{"damage":3,"enemies":"Looter","floor":8,"turns":3},{"damage":1,"enemies":"Red Slaver","floor":10,"turns":6},{"damage":11,"enemies":"Exordium Wildlife","floor":11,"turns":4},{"damage":28,"enemies":"Large Slime","floor":12,"turns":9},{"damage":66,"enemies":"Hexaghost","floor":16,"turns":9}],"seed_played":"6601730248907402264","potions_obtained":[{"floor":3,"key":"GamblersBrew"},{"floor":7,"key":"SpeedPotion"},{"floor":8,"key":"Explosive Potion"},{"floor":10,"key":"FearPotion"}],"is_trial":false,"path_per_floor":["M","?","M","M","M","E","M","M","T","M","M","M","R","?","R"],"character_chosen":"IRONCLAD","items_purchased":[],"campfire_rested":2,"item_purchase_floors":[],"current_hp_per_floor":[64,48,54,57,27,10,13,16,16,25,24,8,32,32,54,0],"gold":273,"neow_bonus":"UPGRADE_CARD","is_prod":false,"is_daily":false,"chose_seed":false,"campfire_upgraded":0,"win_rate":0,"timestamp":1532193615,"path_taken":["M","?","M","M","?","E","M","M","T","M","M","M","R","?","R","BOSS"],"build_version":"2018-07-19v2","purchased_purges":0,"victory":false,"max_hp_per_floor":[80,80,80,80,80,80,80,80,80,80,80,80,80,74,74,74],"card_choices":[{"not_picked":["Anger","Wild Strike"],"picked":"Flex","floor":1},{"not_picked":["Feel No Pain","Anger"],"picked":"Battle Trance","floor":3},{"not_picked":["Disarm","Bloodletting"],"picked":"Shrug It Off","floor":4},{"not_picked":["Feel No Pain","Shockwave"],"picked":"Armaments","floor":5},{"not_picked":["Iron Wave","Cleave"],"picked":"Power Through","floor":6},{"not_picked":["Pommel Strike","Body Slam"],"picked":"Fire Breathing+1","floor":7},{"not_picked":["Armaments","Uppercut"],"picked":"Reaper","floor":8},{"not_picked":["Cleave","Warcry"],"picked":"Thunderclap","floor":10},{"not_picked":["Headbutt","Shrug It Off","Twin Strike"],"picked":"SKIP","floor":11},{"not_picked":["Body Slam","Dual Wield"],"picked":"Flex","floor":12}],"player_experience":359048,"relics_obtained":[{"floor":6,"key":"Frozen Egg 2"},{"floor":9,"key":"Ornamental Fan"}],"event_choices":[{"event_name":"Shining Light","player_choice":"Entered Light","floor":2,"damage_taken":0},{"event_name":"Golden Idol","player_choice":"Lose Max HP","floor":14,"damage_taken":0}],"is_beta":false,"boss_relics":[],"items_purged_floors":[],"is_endless":false,"potions_floor_spawned":[3,7,8,10],"killed_by":"Hexaghost","ascension_level":7}