{"gold_per_floor":[128,140,163,193,220,260,272,295,307,367,411,423,446,478,490,502],"floor_reached":16,"playtime":661,"items_purged":[],"score":114,"play_id":"724b1d1f-f27c-40bd-9fa0-92447cf61c4b","local_time":"20190302110427","is_ascension_mode":false,"campfire_choices":[{"data":"Feed","floor":7,"key":"SMITH"},{"data":"Clothesline","floor":12,"key":"SMITH"},{"data":"Battle Trance","floor":15,"key":"SMITH"}],"neow_cost":"NONE","seed_source_timestamp":725638625487131,"circlet_count":0,"master_deck":["Strike_R","Strike_R","Strike_R","Strike_R","Strike_R","Defend_R","Defend_R","Defend_R","Defend_R","Bash+1","Battle Trance+1","Heavy Blade","Shockwave","Rupture","Feed+1","Anger","Clothesline+1","Dropkick"],"relics":["Burning Blood","MawBank","Orichalcum","Kunai","Art of War","Bird Faced Urn"],"potions_floor_usage":[11,16,16],"damage_taken":[{"damage":4,"enemies":"Small Slimes","floor":1,"turns":4},{"damage":1,"enemies":"Cultist","floor":3,"turns":3},{"damage":2,"enemies":"2 Louse","floor":4,"turns":3},{"damage":7,"enemies":"Large Slime","floor":5,"turns":7},{"damage":45,"enemies":"Lagavulin","floor":6,"turns":8},{"damage":14,"enemies":"Exordium Wildlife","floor":8,"turns":7},{"damage":18,"enemies":"3 Sentries","floor":11,"turns":6},{"damage":4,"enemies":"Looter","floor":13,"turns":2},{"damage":9,"enemies":"Exordium Thugs","floor":14,"turns":6},{"damage":37,"enemies":"Slime Boss","floor":16,"turns":7}],"seed_played":"-8806267959049338419","potions_obtained":[{"floor":1,"key":"Strength Potion"},{"floor":4,"key":"Dexterity Potion"},{"floor":8,"key":"Energy Potion"},{"floor":14,"key":"Swift Potion"}],"is_trial":false,"path_per_floor":["M","?","M","M","M","E","R","M","T","T","E","R","M","M","R","B"],"character_chosen":"IRONCLAD","items_purchased":[],"campfire_rested":0,"item_purchase_floors":[],"current_hp_per_floor":[80,80,80,80,79,40,40,36,36,36,28,28,30,33,33,0],"gold":502,"neow_bonus":"RANDOM_COMMON_RELIC","is_prod":false,"is_daily":false,"chose_seed":false,"campfire_upgraded":3,"win_rate":0,"timestamp":1551524667,"path_taken":["M","?","?","?","M","E","R","M","T","?","E","R","?","M","R","BOSS"],"build_version":"2019-01-23","purchased_purges":0,"victory":false,"max_hp_per_floor":[80,80,80,80,80,80,80,84,84,84,88,88,88,92,92,92],"card_choices":[{"not_picked":["Corruption","Blood for Blood"],"picked":"Battle Trance","floor":1},{"not_picked":["Carnage","Cleave"],"picked":"Heavy Blade","floor":3},{"not_picked":["Twin Strike","Fire Breathing"],"picked":"Shockwave","floor":4},{"not_picked":["Headbutt","Sentinel"],"picked":"Rupture","floor":5},{"not_picked":["Sentinel","Cleave"],"picked":"Feed","floor":6},{"not_picked":["Thunderclap","Pommel Strike"],"picked":"Anger","floor":8},{"not_picked":["Shockwave","Infernal Blade"],"picked":"Clothesline","floor":11},{"not_picked":["Clothesline","True Grit","Headbutt"],"picked":"SKIP","floor":13},{"not_picked":["Thunderclap","Burning Pact"],"picked":"Dropkick","floor":14}],"player_experience":538212,"relics_obtained":[{"floor":6,"key":"Orichalcum"},{"floor":9,"key":"Kunai"},{"floor":10,"key":"Art of War"},{"floor":11,"key":"Bird Faced Urn"}],"event_choices":[{"damage_healed":0,"gold_gain":0,"player_choice":"Forge","damage_taken":0,"max_hp_gain":0,"max_hp_loss":0,"event_name":"Accursed Blacksmith","floor":2,"gold_loss":0,"cards_upgraded":["Bash"]}],"is_beta":false,"boss_relics":[],"items_purged_floors":[],"is_endless":false,"potions_floor_spawned":[1,4,8,14],"killed_by":"Slime Boss","ascension_level":0}