{"gold_per_floor":[115,115,128,176,6,6,38,52,75,110,122,122,147,164,164,242,242,257,26,45,56,75,75,75,75,75,75,101,118,118,149,149,221,221,233,233,249,260,260,291,291,291,346,346,346,365,145,172,172,172],"floor_reached":51,"playtime":6158,"items_purged":["Strike_R"],"score":1498,"play_id":"5dab6ddd-e985-46a6-8579-5c54dbc09ef5","local_time":"20190401091527","is_ascension_mode":true,"campfire_choices":[{"data":"Armaments","floor":6.0,"key":"SMITH"},{"data":"Whirlwind","floor":12.0,"key":"SMITH"},{"data":"Bash","floor":15.0,"key":"SMITH"},{"floor":23.0,"key":"REST"},{"data":"Heavy Blade","floor":25.0,"key":"SMITH"},{"data":"Heavy Blade","floor":27.0,"key":"SMITH"},{"floor":32.0,"key":"REST"},{"data":"Barricade","floor":41.0,"key":"SMITH"},{"data":"Offering","floor":44.0,"key":"SMITH"},{"data":"Battle Trance","floor":49.0,"key":"SMITH"}],"neow_cost":"NONE","seed_source_timestamp":0,"circlet_count":0,"master_deck":["AscendersBane","Strike_R","Strike_R","Strike_R","Defend_R","Defend_R","Defend_R","Defend_R+1","Bash+1","Barricade+1","Armaments+1","Battle Trance+1","Shrug It Off","Corruption+1","True Grit+1","Feel No Pain+1","Headbutt","Whirlwind+1","Offering+1","Heavy Blade+1","Metallicize","Heavy Blade+1","Thunderclap+1","Warcry+1","Ghostly Armor+1","Limit Break+1","Pommel Strike","Battle Trance+1","Battle Trance+1","Havoc+1","Offering+1","Spot Weakness+1","Metallicize","Intimidate+1","Sword Boomerang"],"special_seed":0,"relics":["Burning Blood","Bag of Preparation","Orichalcum","Mango","War Paint","Lantern","Boot","Black Star","Brimstone","Omamori","Toxic Egg 2","Ginger","Enchiridion","Bag of Marbles","Prayer Wheel","Velvet Choker","Red Skull","Juzu Bracelet","Pen Nib","Calipers","The Courier"],"potions_floor_usage":[50],"damage_taken":[{"damage":7.0,"enemies":"Jaw Worm","floor":1.0,"turns":8.0},{"damage":7.0,"enemies":"2 Louse","floor":3.0,"turns":3.0},{"damage":22.0,"enemies":"Gremlin Nob","floor":7.0,"turns":5.0},{"damage":1.0,"enemies":"Cultist","floor":8.0,"turns":7.0},{"damage":16.0,"enemies":"3 Sentries","floor":10.0,"turns":18.0},{"damage":0.0,"enemies":"Exordium Wildlife","floor":11.0,"turns":6.0},{"damage":0.0,"enemies":"Lagavulin","floor":13.0,"turns":8.0},{"damage":18.0,"enemies":"Looter","floor":14.0,"turns":4.0},{"damage":6.0,"enemies":"The Guardian","floor":16.0,"turns":18.0},{"damage":11.0,"enemies":"Spheric Guardian","floor":18.0,"turns":6.0},{"damage":18.0,"enemies":"Chosen","floor":20.0,"turns":9.0},{"damage":47.0,"enemies":"Snake Plant","floor":21.0,"turns":7.0},{"damage":27.0,"enemies":"Cultist and Chosen","floor":22.0,"turns":7.0},{"damage":13.0,"enemies":"Book of Stabbing","floor":28.0,"turns":4.0},{"damage":6.0,"enemies":"Chosen and Byrds","floor":29.0,"turns":4.0},{"damage":6.0,"enemies":"Gremlin Leader","floor":31.0,"turns":6.0},{"damage":45.0,"enemies":"Champ","floor":33.0,"turns":11.0},{"damage":19.0,"enemies":"3 Darklings","floor":35.0,"turns":4.0},{"damage":6.0,"enemies":"3 Shapes","floor":37.0,"turns":4.0},{"damage":20.0,"enemies":"Spire Growth","floor":38.0,"turns":3.0},{"damage":6.0,"enemies":"Giant Head","floor":40.0,"turns":6.0},{"damage":0.0,"enemies":"Jaw Worm Horde","floor":46.0,"turns":1.0},{"damage":23.0,"enemies":"Nemesis","floor":48.0,"turns":7.0},{"damage":50,"enemies":"Donu and Deca","floor":50,"turns":3}],"seed_played":"-3631747315176504532","potions_obtained":[{"floor":1.0,"key":"Fire Potion"},{"floor":3.0,"key":"Regen Potion"},{"floor":10.0,"key":"SpeedPotion"},{"floor":14.0,"key":"SpeedPotion"},{"floor":21.0,"key":"Ancient Potion"},{"floor":33.0,"key":"Fire Potion"}],"is_trial":false,"path_per_floor":["M","?","M","T","$","R","E","M","T","E","M","R","E","M","R","B",null,"M","$","M","M","M","R","?","R","T","R","E","M","?","E","R","B",null,"M","?","M","M","?","E","R","?","T","R","?","M","$","E","R","B",null],"character_chosen":"IRONCLAD","items_purchased":["Shrug It Off","Corruption","True Grit","Brimstone","Metallicize","PowerPotion","Intimidate+1","Sword Boomerang"],"campfire_rested":2,"item_purchase_floors":[5,5,5,19,19,47,47,47],"current_hp_per_floor":[67,56,55,55,55,55,67,72,72,62,68,68,74,62,62,66,86,84,84,75,38,21,53,53,53,53,53,46,49,28,28,61,26,92,79,79,82,68,68,68,68,127,127,127,127,127,127,110,110,66],"gold":172,"neow_bonus":"ONE_RANDOM_RARE_CARD","is_prod":false,"is_daily":false,"chose_seed":false,"campfire_upgraded":8,"win_rate":0,"timestamp":1554106527,"path_taken":["M","?","M","?","$","R","E","M","T","E","M","R","E","M","R","BOSS","M","$","M","M","M","R","?","R","T","R","E","?","?","E","R","BOSS","M","?","M","?","?","E","R","?","T","R","?","M","$","E","R","BOSS"],"build_version":"2019-01-23","purchased_purges":1,"victory":true,"max_hp_per_floor":[75,75,75,75,75,75,89,89,89,89,89,89,89,89,89,93,93,96,96,99,103,107,107,107,107,107,107,107,110,110,110,110,114,114,114,114,117,117,117,117,117,127,127,127,127,127,127,127,127,127],"card_choices":[{"not_picked":["Seeing Red","Havoc"],"picked":"Armaments","floor":1.0},{"not_picked":["Clothesline","Evolve"],"picked":"Battle Trance","floor":3.0},{"not_picked":["Cleave","Second Wind"],"picked":"Feel No Pain","floor":7.0},{"not_picked":["Dropkick","Warcry","Sword Boomerang"],"picked":"SKIP","floor":8.0},{"not_picked":["Rupture","Warcry"],"picked":"Headbutt","floor":10.0},{"not_picked":["True Grit","Twin Strike"],"picked":"Whirlwind","floor":11.0},{"not_picked":["Shrug It Off","True Grit"],"picked":"Feed","floor":13.0},{"not_picked":["Second Wind","Corruption","Armaments"],"picked":"SKIP","floor":14.0},{"not_picked":["Immolate","Exhume"],"picked":"Offering","floor":16.0},{"not_picked":["Wild Strike","Warcry"],"picked":"Heavy Blade","floor":18.0},{"not_picked":["Carnage","Spot Weakness"],"picked":"Heavy Blade","floor":20.0},{"not_picked":["Iron Wave","Sword Boomerang"],"picked":"Thunderclap+1","floor":21.0},{"not_picked":["Brutality","Cleave","Clothesline+1"],"picked":"SKIP","floor":22.0},{"not_picked":["Thunderclap","Perfected Strike","Iron Wave"],"picked":"SKIP","floor":28.0},{"not_picked":["Hemokinesis","Bloodletting+1"],"picked":"Warcry+1","floor":29.0},{"not_picked":["Rampage","Seeing Red+1"],"picked":"Ghostly Armor+1","floor":31.0},{"not_picked":["Bludgeon","Double Tap+1"],"picked":"Limit Break+1","floor":33.0},{"not_picked":["Twin Strike","Metallicize"],"picked":"Pommel Strike","floor":35.0},{"not_picked":["True Grit+1","Clothesline","Anger"],"picked":"SKIP","floor":35.0},{"not_picked":["Clash+1","Thunderclap"],"picked":"Battle Trance+1","floor":37.0},{"not_picked":["Havoc+1","Power Through+1"],"picked":"Battle Trance+1","floor":37.0},{"not_picked":["Intimidate+1","Sword Boomerang"],"picked":"Havoc+1","floor":38.0},{"not_picked":["Seeing Red+1","Flex+1","Iron Wave+1"],"picked":"SKIP","floor":38.0},{"not_picked":["Cleave","Twin Strike"],"picked":"Offering+1","floor":40.0},{"not_picked":["Metallicize","True Grit+1"],"picked":"Spot Weakness+1","floor":46.0},{"not_picked":["Anger+1","Disarm+1"],"picked":"Metallicize","floor":46.0},{"not_picked":["Carnage","Thunderclap+1","Uppercut"],"picked":"SKIP","floor":48.0},{"not_picked":["Carnage","Thunderclap+1","Uppercut"],"picked":"SKIP","floor":48.0}],"player_experience":716002,"relics_obtained":[{"floor":4.0,"key":"Orichalcum"},{"floor":7.0,"key":"Mango"},{"floor":9.0,"key":"War Paint"},{"floor":10.0,"key":"Lantern"},{"floor":13.0,"key":"Boot"},{"floor":26.0,"key":"Omamori"},{"floor":28.0,"key":"Toxic Egg 2"},{"floor":28.0,"key":"Ginger"},{"floor":30.0,"key":"Enchiridion"},{"floor":31.0,"key":"Bag of Marbles"},{"floor":31.0,"key":"Prayer Wheel"},{"floor":40.0,"key":"Red Skull"},{"floor":40.0,"key":"Juzu Bracelet"},{"floor":43.0,"key":"Pen Nib"},{"floor":48.0,"key":"Calipers"},{"floor":48.0,"key":"The Courier"}],"event_choices":[{"damage_healed":0.0,"max_hp_gain":0.0,"max_hp_loss":0.0,"gold_gain":0.0,"event_name":"Scrap Ooze","player_choice":"Success","floor":2.0,"gold_loss":0.0,"damage_taken":11.0,"relics_obtained":["Bag of Preparation"]},{"damage_healed":0.0,"max_hp_gain":0.0,"max_hp_loss":0.0,"gold_gain":0.0,"event_name":"Upgrade Shrine","player_choice":"Upgraded","floor":24.0,"gold_loss":0.0,"damage_taken":0.0,"cards_upgraded":["Corruption"]},{"damage_healed":0.0,"max_hp_gain":0.0,"max_hp_loss":0.0,"gold_gain":0.0,"event_name":"Cursed Tome","player_choice":"Obtained Book","floor":30.0,"gold_loss":0.0,"damage_taken":21.0},{"damage_healed":0.0,"max_hp_gain":0.0,"max_hp_loss":0.0,"gold_gain":0.0,"event_name":"FaceTrader","player_choice":"Leave","floor":36.0,"gold_loss":0.0,"damage_taken":0.0},{"damage_healed":0.0,"max_hp_gain":0.0,"max_hp_loss":0.0,"gold_gain":0.0,"event_name":"Accursed Blacksmith","player_choice":"Forge","floor":39.0,"gold_loss":0.0,"damage_taken":0.0,"cards_upgraded":["Feel No Pain"]},{"cards_removed":["Feed"],"damage_healed":49.0,"max_hp_gain":10.0,"max_hp_loss":0.0,"gold_gain":0.0,"event_name":"Bonfire Elementals","player_choice":"Offered Rare","floor":42.0,"gold_loss":0.0,"damage_taken":0.0},{"cards_removed":["Strike_R"],"damage_healed":0.0,"max_hp_gain":0.0,"max_hp_loss":0.0,"gold_gain":0.0,"event_name":"Purifier","player_choice":"Purged","floor":45.0,"gold_loss":0.0,"damage_taken":0.0}],"is_beta":false,"boss_relics":[{"not_picked":["White Beast Statue","Tiny House"],"picked":"Black Star"},{"not_picked":["Mark of Pain","Coffee Dripper"],"picked":"Velvet Choker"}],"items_purged_floors":[47],"is_endless":false,"potions_floor_spawned":[1,3,10,14,20,21,28,29,33,37,48],"ascension_level":15}