{"gold_per_floor":[14,14,33,47,61,92,92,111,111,128,128,128,128,153,153,227,227,245,256,256,272,46,46,62,62,62,74,117,129,141,164,176,188],"floor_reached":33,"playtime":2118,"items_purged":["Juggernaut"],"score":581,"play_id":"40e26123-8cd2-4c92-966b-7980c6a22995","local_time":"20190328215425","is_ascension_mode":true,"campfire_choices":[{"data":"Fiend Fire","floor":7,"key":"SMITH"},{"data":"Flex","floor":11,"key":"SMITH"},{"floor":13,"key":"REST"},{"floor":15,"key":"REST"},{"floor":23,"key":"REST"},{"floor":25,"key":"REST"},{"data":"Spot Weakness","floor":30,"key":"SMITH"},{"data":"Heavy Blade","floor":32,"key":"SMITH"}],"neow_cost":"NO_GOLD","seed_source_timestamp":774592067691788,"circlet_count":0,"master_deck":["AscendersBane","Bash+1","Offering","Heavy Blade","Flex+1","Clothesline","Corruption","Fiend Fire+1","Battle Trance","Headbutt","Shrug It Off","Impervious","Inflame","Heavy Blade+1","Havoc","Warcry","Combust","Body Slam","Uppercut","Iron Wave","Seeing Red+1","Spot Weakness+1","Immolate"],"relics":["Burning Blood","Du-Vu Doll","Matryoshka","FossilizedHelix","Pandora\u0027s Box","MawBank","Gremlin Horn","Orichalcum"],"potions_floor_usage":[10,20,20,29,33,33,33,33],"damage_taken":[{"damage":3,"enemies":"2 Louse","floor":1,"turns":4},{"damage":6,"enemies":"Cultist","floor":3,"turns":3},{"damage":8,"enemies":"Jaw Worm","floor":4,"turns":4},{"damage":4,"enemies":"2 Fungi Beasts","floor":5,"turns":4},{"damage":31,"enemies":"Lagavulin","floor":6,"turns":7},{"damage":23,"enemies":"Lots of Slimes","floor":8,"turns":4},{"damage":9,"enemies":"Blue Slaver","floor":10,"turns":2},{"damage":31,"enemies":"3 Sentries","floor":14,"turns":6},{"damage":0,"enemies":"Slime Boss","floor":16,"turns":4},{"damage":47,"enemies":"2 Thieves","floor":18,"turns":5},{"damage":29,"enemies":"3 Byrds","floor":19,"turns":5},{"damage":8,"enemies":"Colosseum Slavers","floor":20,"turns":3},{"damage":6,"enemies":"Snecko","floor":21,"turns":4},{"damage":27,"enemies":"Centurion and Healer","floor":24,"turns":5},{"damage":15,"enemies":"Book of Stabbing","floor":28,"turns":3},{"damage":8,"enemies":"3 Cultists","floor":31,"turns":3},{"damage":94,"enemies":"Automaton","floor":33,"turns":6}],"seed_played":"-8951101814163271709","potions_obtained":[{"floor":5,"key":"Energy Potion"},{"floor":8,"key":"PowerPotion"},{"floor":16,"key":"Weak Potion"},{"floor":18,"key":"AttackPotion"},{"floor":24,"key":"Fruit Juice"},{"floor":28,"key":"PowerPotion"},{"floor":29,"key":"EntropicBrew"}],"is_trial":false,"path_per_floor":["M","?","M","M","M","E","R","M","T","M","R","?","R","E","R","B",null,"M","M","?","M","$","R","M","R","T","?","E","?","R","M","R","B"],"character_chosen":"IRONCLAD","items_purchased":["Immolate"],"campfire_rested":4,"item_purchase_floors":[22],"current_hp_per_floor":[75,75,75,73,75,50,50,33,33,30,30,30,54,29,53,59,75,34,11,9,9,9,33,12,36,36,62,53,58,58,56,56,0],"gold":188,"neow_bonus":"THREE_RARE_CARDS","is_prod":false,"is_daily":false,"chose_seed":false,"campfire_upgraded":4,"win_rate":0,"timestamp":1553810065,"path_taken":["M","?","?","M","M","E","R","M","T","M","R","?","R","E","R","BOSS","M","M","?","M","$","R","M","R","T","?","E","?","R","?","R","BOSS"],"build_version":"2019-01-23","purchased_purges":1,"victory":false,"max_hp_per_floor":[80,80,80,80,80,80,80,80,80,80,80,80,80,80,80,80,80,80,80,80,80,80,80,80,80,80,80,80,85,85,85,85,85],"card_choices":[{"not_picked":["Berserk","Impervious"],"picked":"Offering","floor":0},{"not_picked":["Anger","Clothesline"],"picked":"Heavy Blade","floor":1},{"not_picked":["Hemokinesis","Bloodletting"],"picked":"Flex","floor":3},{"not_picked":["Fire Breathing","Rupture"],"picked":"Clothesline","floor":4},{"not_picked":["Intimidate","Perfected Strike"],"picked":"Corruption","floor":5},{"not_picked":["Sword Boomerang","Cleave"],"picked":"Fiend Fire","floor":6},{"not_picked":["Shrug It Off","Armaments"],"picked":"Battle Trance","floor":8},{"not_picked":["Blood for Blood","Sword Boomerang"],"picked":"Headbutt","floor":10},{"not_picked":["Clothesline","Sword Boomerang"],"picked":"Shrug It Off","floor":14},{"not_picked":["Fiend Fire","Offering"],"picked":"Impervious","floor":16},{"not_picked":["Havoc+1","Fire Breathing"],"picked":"Iron Wave","floor":18},{"not_picked":["Clothesline","Sword Boomerang"],"picked":"Seeing Red+1","floor":19},{"not_picked":["Rage","Shockwave"],"picked":"Spot Weakness","floor":21},{"not_picked":["Reckless Charge","Seeing Red","Cleave"],"picked":"SKIP","floor":24},{"not_picked":["Body Slam","Perfected Strike","Pommel Strike"],"picked":"SKIP","floor":28},{"not_picked":["Dark Embrace","Cleave","Flex"],"picked":"SKIP","floor":31}],"player_experience":682397,"relics_obtained":[{"floor":6,"key":"Du-Vu Doll"},{"floor":9,"key":"Matryoshka"},{"floor":14,"key":"FossilizedHelix"},{"floor":26,"key":"MawBank"},{"floor":26,"key":"Gremlin Horn"},{"floor":28,"key":"Orichalcum"}],"event_choices":[{"damage_healed":0,"gold_gain":0,"player_choice":"Upgraded","damage_taken":0,"max_hp_gain":0,"max_hp_loss":0,"event_name":"Upgrade Shrine","floor":2,"gold_loss":0,"cards_upgraded":["Bash"]},{"cards_removed":["Strike_R"],"damage_healed":0,"gold_gain":0,"player_choice":"Offered Basic","damage_taken":0,"max_hp_gain":0,"max_hp_loss":0,"event_name":"Bonfire Elementals","floor":12,"gold_loss":0},{"damage_healed":0,"gold_gain":0,"player_choice":"Fight","damage_taken":0,"max_hp_gain":0,"max_hp_loss":0,"event_name":"Colosseum","floor":20,"gold_loss":0},{"damage_healed":0,"gold_gain":0,"player_choice":"Fled From Nobs","damage_taken":0,"max_hp_gain":0,"max_hp_loss":0,"event_name":"Colosseum","floor":20,"gold_loss":0},{"damage_healed":26,"gold_gain":0,"player_choice":"Heal","damage_taken":0,"max_hp_gain":0,"max_hp_loss":0,"event_name":"The Library","floor":27,"gold_loss":0},{"damage_healed":0,"gold_gain":0,"player_choice":"Got Potions","damage_taken":0,"max_hp_gain":0,"max_hp_loss":0,"event_name":"Lab","floor":29,"gold_loss":0}],"is_beta":false,"boss_relics":[{"not_picked":["Runic Dome","Tiny House"],"picked":"Pandora\u0027s Box"}],"items_purged_floors":[22],"is_endless":false,"potions_floor_spawned":[5,8,16,18,19,24,28,31],"killed_by":"Automaton","ascension_level":13}