{"gold_per_floor":[209,384,384,398,408,408,442,442,468,422,450,20,20,30,30,30],"floor_reached":16,"playtime":919,"items_purged":["Doubt"],"score":135,"play_id":"29017123-1182-4744-b0ad-7400ef464ee1","local_time":"20190814153034","is_ascension_mode":true,"campfire_choices":[{"data":"All Out Attack","floor":6,"key":"SMITH"},{"data":"Backflip","floor":8,"key":"SMITH"},{"data":"Neutralize","floor":13,"key":"SMITH"},{"floor":15,"key":"REST"}],"neow_cost":"NONE","seed_source_timestamp":370673085410267,"circlet_count":0,"master_deck":["Strike_G","Strike_G+1","Strike_G","Strike_G","Strike_G","Defend_G","Defend_G","Defend_G","Defend_G","Defend_G","Survivor+1","Neutralize+1","Backflip+1","All Out Attack+1","Slice","Burst","Backflip"],"relics":["Ring of the Snake","Ancient Tea Set","Snake Skull","Regal Pillow","PreservedInsect","Toy Ornithopter"],"potions_floor_usage":[16],"damage_taken":[{"damage":1,"enemies":"Jaw Worm","floor":1,"turns":4},{"damage":0,"enemies":"Small Slimes","floor":4,"turns":4},{"damage":0,"enemies":"2 Louse","floor":5,"turns":2},{"damage":26,"enemies":"Lagavulin","floor":7,"turns":7},{"damage":17,"enemies":"3 Sentries","floor":11,"turns":7},{"damage":0,"enemies":"2 Fungi Beasts","floor":14,"turns":2},{"damage":60,"enemies":"Hexaghost","floor":16,"turns":16}],"seed_played":"1082553418113743107","potions_obtained":[{"floor":1,"key":"SpeedPotion"},{"floor":4,"key":"Strength Potion"},{"floor":7,"key":"FairyPotion"}],"is_trial":false,"path_per_floor":["M","?","?","M","M","R","E","R","T","?","E","$","R","M","R","B"],"character_chosen":"THE_SILENT","items_purchased":["PreservedInsect","Toy Ornithopter"],"campfire_rested":1,"item_purchase_floors":[12,12],"current_hp_per_floor":[69,69,55,55,55,55,29,29,29,29,12,12,12,12,48,0],"gold":30,"neow_bonus":"HUNDRED_GOLD","is_prod":false,"is_daily":false,"chose_seed":false,"campfire_upgraded":3,"win_rate":0,"timestamp":1565785834,"path_taken":["M","?","?","M","M","R","E","R","T","?","E","$","R","M","R","BOSS"],"build_version":"2019-07-17","purchased_purges":1,"victory":false,"max_hp_per_floor":[70,70,70,70,70,70,70,70,70,70,70,70,70,70,70,70],"card_choices":[{"not_picked":["Well Laid Plans","Blur"],"picked":"Backflip","floor":1},{"not_picked":["Blade Dance","Poisoned Stab"],"picked":"All Out Attack","floor":4},{"not_picked":["Sucker Punch","Deflect"],"picked":"Slice","floor":5},{"not_picked":["Underhanded Strike","Acrobatics"],"picked":"Burst","floor":7},{"not_picked":["Riddle With Holes","Quick Slash"],"picked":"Backflip","floor":11},{"not_picked":["Flying Knee","Slice","Underhanded Strike"],"picked":"SKIP","floor":14}],"player_experience":169338,"relics_obtained":[{"floor":7,"key":"Ancient Tea Set"},{"floor":9,"key":"Snake Skull"},{"floor":11,"key":"Regal Pillow"}],"event_choices":[{"damage_healed":0,"gold_gain":175,"player_choice":"AGREE","damage_taken":0,"max_hp_gain":0,"max_hp_loss":0,"event_name":"Liars Game","floor":2,"gold_loss":0,"cards_obtained":["Doubt"]},{"damage_healed":0,"gold_gain":0,"player_choice":"Entered Light","damage_taken":14,"max_hp_gain":0,"max_hp_loss":0,"event_name":"Shining Light","floor":3,"gold_loss":0,"cards_upgraded":["Survivor","Strike_G"]},{"damage_healed":0,"gold_gain":0,"player_choice":"Left Gold","damage_taken":0,"max_hp_gain":0,"max_hp_loss":0,"event_name":"World of Goop","floor":10,"gold_loss":46}],"is_beta":false,"boss_relics":[],"items_purged_floors":[12],"is_endless":false,"potions_floor_spawned":[1,4,7,11],"killed_by":"Hexaghost","ascension_level":5}