{"gold_per_floor":[119,119,119,119,138,138,164,182,232,259,334,25,56,70,70,175,175,192,22,22,22,36,111,111,126,126,126,146,174,174,184,184,184],"floor_reached":33,"playtime":2512,"items_purged":["Strike_G"],"score":275,"play_id":"b9f60f9e-3d2f-4003-890d-1b8bdde2e28b","local_time":"20190224154456","is_ascension_mode":false,"campfire_choices":[{"data":"Neutralize","floor":6,"key":"SMITH"},{"data":"Cloak And Dagger","floor":15,"key":"SMITH"},{"data":"J.A.X.","floor":24,"key":"SMITH"},{"data":"Acrobatics","floor":32,"key":"SMITH"}],"neow_cost":"NONE","seed_source_timestamp":222199958512127,"circlet_count":0,"master_deck":["Defend_G","Defend_G","Defend_G","Defend_G","Defend_G","Strike_G","Strike_G","Strike_G","Strike_G","Survivor","Neutralize+1","Acrobatics+1","Neutralize","Deadly Poison","Blade Dance+1","Slice","Flying Knee","Cloak And Dagger+1","Dodge and Roll+1","Quick Slash","Outmaneuver+1","Backflip","J.A.X.+1","Deadly Poison","Flying Knee+1","Writhe","Dagger Spray+1"],"relics":["WristBlade","Juzu Bracelet","MawBank","Happy Flower","Blood Vial","Lantern","Eternal Feather","War Paint","Blue Candle","Enchiridion","Strawberry","Meat on the Bone"],"potions_floor_usage":[16,18,25,25,29,33],"damage_taken":[{"damage":0,"enemies":"2 Louse","floor":1,"turns":4},{"damage":0,"enemies":"Cultist","floor":5,"turns":4},{"damage":35,"enemies":"Gremlin Nob","floor":7,"turns":6},{"damage":0,"enemies":"Jaw Worm","floor":8,"turns":4},{"damage":0,"enemies":"Looter","floor":10,"turns":3},{"damage":16,"enemies":"3 Sentries","floor":11,"turns":9},{"damage":8,"enemies":"Lagavulin","floor":13,"turns":6},{"damage":0,"enemies":"2 Fungi Beasts","floor":14,"turns":3},{"damage":3,"enemies":"Slime Boss","floor":16,"turns":8},{"damage":0,"enemies":"3 Byrds","floor":18,"turns":5},{"damage":8,"enemies":"Spheric Guardian","floor":22,"turns":3},{"damage":3,"enemies":"Snake Plant","floor":25,"turns":3},{"damage":6,"enemies":"Centurion and Healer","floor":28,"turns":6},{"damage":10,"enemies":"Book of Stabbing","floor":29,"turns":5},{"damage":11,"enemies":"Shelled Parasite and Fungi","floor":31,"turns":4},{"damage":67,"enemies":"Champ","floor":33,"turns":8}],"seed_played":"-2023351654369906272","potions_obtained":[{"floor":5,"key":"Weak Potion"},{"floor":11,"key":"Explosive Potion"},{"floor":14,"key":"Dexterity Potion"},{"floor":16,"key":"AttackPotion"},{"floor":22,"key":"Dexterity Potion"},{"floor":28,"key":"Swift Potion"}],"is_trial":false,"path_per_floor":["M","?","$","?","M","R","E","M","T","M","?","$","E","M","R","B",null,"M","$","?","?","M","?","R","M","T","?","M","E","?","M","R","B"],"character_chosen":"THE_SILENT","items_purchased":["Flying Knee","Cloak And Dagger","Blood Vial","Backflip","War Paint"],"campfire_rested":0,"item_purchase_floors":[12,12,12,19,19],"current_hp_per_floor":[70,70,70,70,70,70,35,35,35,35,19,19,13,15,15,14,70,70,70,70,57,51,44,56,55,55,39,35,34,34,37,52,0],"gold":184,"neow_bonus":"BOSS_RELIC","is_prod":false,"is_daily":false,"chose_seed":false,"campfire_upgraded":4,"win_rate":0,"timestamp":1551023096,"path_taken":["M","?","?","?","M","R","E","M","T","M","?","$","E","M","R","BOSS","M","$","?","?","M","?","R","M","T","?","M","E","?","M","R","BOSS"],"build_version":"2019-01-23","purchased_purges":1,"victory":false,"max_hp_per_floor":[70,70,70,70,70,70,70,70,70,70,70,70,70,70,70,70,70,70,70,70,75,75,75,75,75,75,75,75,82,82,82,82,82],"card_choices":[{"not_picked":["Quick Slash","Bane"],"picked":"Acrobatics","floor":1},{"not_picked":["Underhanded Strike","Accuracy","Sucker Punch"],"picked":"SKIP","floor":5},{"not_picked":["Corpse Explosion","Well Laid Plans","Outmaneuver"],"picked":"SKIP","floor":7},{"not_picked":["Dodge and Roll","Backflip"],"picked":"Deadly Poison","floor":8},{"not_picked":["Deflect","Dash"],"picked":"Blade Dance","floor":10},{"not_picked":["Noxious Fumes","Outmaneuver"],"picked":"Slice","floor":11},{"not_picked":["Expertise","Quick Slash"],"picked":"Dodge and Roll","floor":13},{"not_picked":["Dodge and Roll","Finisher"],"picked":"Quick Slash","floor":14},{"not_picked":["Flying Knee","Concentrate"],"picked":"Outmaneuver+1","floor":18},{"not_picked":["Dodge and Roll","Outmaneuver+1","Distraction+1"],"picked":"SKIP","floor":22},{"not_picked":["Dodge and Roll","Outmaneuver+1","Distraction+1"],"picked":"SKIP","floor":22},{"not_picked":["Leg Sweep","Acrobatics"],"picked":"Deadly Poison","floor":25},{"not_picked":["Acrobatics","Crippling Poison"],"picked":"Flying Knee+1","floor":28},{"not_picked":["Terror","Noxious Fumes","Endless Agony+1"],"picked":"SKIP","floor":29},{"not_picked":["Flechettes+1","Predator"],"picked":"Dagger Spray+1","floor":31}],"player_experience":486665,"relics_obtained":[{"floor":7,"key":"Juzu Bracelet"},{"floor":9,"key":"MawBank"},{"floor":11,"key":"Happy Flower"},{"floor":13,"key":"Lantern"},{"floor":26,"key":"Blue Candle"},{"floor":27,"key":"Enchiridion"},{"floor":29,"key":"Strawberry"}],"event_choices":[{"damage_healed":0,"gold_gain":0,"player_choice":"1 cards matched","damage_taken":0,"max_hp_gain":0,"max_hp_loss":0,"event_name":"Match and Keep!","floor":2,"gold_loss":0,"cards_obtained":["Neutralize"]},{"damage_healed":0,"gold_gain":0,"player_choice":"Ignored","damage_taken":0,"max_hp_gain":0,"max_hp_loss":0,"event_name":"Liars Game","floor":4,"gold_loss":0},{"damage_healed":0,"gold_gain":0,"player_choice":"Searched \u00271\u0027 times","damage_taken":0,"max_hp_gain":0,"max_hp_loss":0,"event_name":"Dead Adventurer","floor":11,"gold_loss":0},{"damage_healed":0,"gold_gain":0,"player_choice":"Obtain J.A.X.","damage_taken":0,"max_hp_gain":0,"max_hp_loss":0,"event_name":"Drug Dealer","floor":20,"gold_loss":0,"cards_obtained":["J.A.X."]},{"damage_healed":0,"gold_gain":0,"player_choice":"Shed Blood","damage_taken":18,"max_hp_gain":5,"max_hp_loss":0,"event_name":"Forgotten Altar","floor":21,"gold_loss":0},{"damage_healed":0,"gold_gain":75,"player_choice":"Touch","damage_taken":7,"max_hp_gain":0,"max_hp_loss":0,"event_name":"FaceTrader","floor":23,"gold_loss":0},{"damage_healed":0,"gold_gain":0,"player_choice":"Obtained Book","damage_taken":16,"max_hp_gain":0,"max_hp_loss":0,"event_name":"Cursed Tome","floor":27,"gold_loss":0},{"damage_healed":0,"gold_gain":0,"player_choice":"Opened","damage_taken":0,"relics_obtained":["Meat on the Bone"],"max_hp_gain":0,"max_hp_loss":0,"event_name":"The Mausoleum","floor":30,"gold_loss":0,"cards_obtained":["Writhe"]}],"is_beta":false,"boss_relics":[{"not_picked":["Snecko Eye","Velvet Choker"],"picked":"Eternal Feather"}],"items_purged_floors":[12],"is_endless":false,"potions_floor_spawned":[5,11,14,16,22,28],"killed_by":"Champ","ascension_level":0}