{"gold_per_floor":[113,124,124,137,157,157,190,190,266,296,307,307,307,64,64,141,141,153,153,34,0,100,130,130,150,150,0,0,15,15,41,41,116,116,130,146,163,174,193,222,242,267,267,267,301,109,121,69,69,69],"floor_reached":51,"playtime":5173,"items_purged":["Strike_B","Writhe"],"score":1511,"play_id":"478b5280-af44-4a4d-9fd8-52933408f232","local_time":"20190407091246","is_ascension_mode":true,"campfire_choices":[{"data":"Zap","floor":6,"key":"SMITH"},{"floor":8,"key":"REST"},{"data":"Fusion","floor":13,"key":"SMITH"},{"floor":15,"key":"REST"},{"data":"Defragment","floor":24,"key":"SMITH"},{"data":"Coolheaded","floor":30,"key":"SMITH"},{"data":"Hologram","floor":32,"key":"SMITH"},{"floor":44,"key":"REST"},{"floor":49,"key":"REST"}],"neow_cost":"NONE","seed_source_timestamp":809046319922341,"circlet_count":0,"master_deck":["AscendersBane","Strike_B","Defend_B","Defend_B","Defend_B","Defend_B","Zap+1","Dualcast","FTL","Ball Lightning","Reboot","Cold Snap","Cold Snap+1","All For One+1","Fusion+1","Beam Cell+1","Steam","Hologram+1","Biased Cognition","Barrage+1","Defragment+1","Defragment","Coolheaded+1","Blizzard+1","Glacier","Gash+1","Gash+1","FTL+1","Echo Form","Defragment+1","Glacier","Glacier","Seek","Blizzard+1","Leap+1","Shame","Reprogram+1","Coolheaded+1","Go for the Eyes+1","Coolheaded+1"],"relics":["Cracked Core","Du-Vu Doll","Molten Egg 2","Art of War","Cursed Key","Girya","Bottled Lightning","Strawberry","Sundial","Anchor","Fusion Hammer","Unceasing Top","Toxic Egg 2","Gremlin Horn","Dream Catcher","DataDisk"],"potions_floor_usage":[7,14,16,33,37,50,50],"damage_taken":[{"damage":0,"enemies":"Small Slimes","floor":1,"turns":3},{"damage":11,"enemies":"Jaw Worm","floor":2,"turns":4},{"damage":0,"enemies":"Cultist","floor":4,"turns":2},{"damage":28,"enemies":"Large Slime","floor":5,"turns":4},{"damage":22,"enemies":"Gremlin Nob","floor":7,"turns":4},{"damage":21,"enemies":"Lagavulin","floor":10,"turns":5},{"damage":1,"enemies":"Gremlin Gang","floor":11,"turns":3},{"damage":0,"enemies":"Slime Boss","floor":16,"turns":5},{"damage":3,"enemies":"Spheric Guardian","floor":18,"turns":3},{"damage":22,"enemies":"Colosseum Slavers","floor":22,"turns":4},{"damage":7,"enemies":"Colosseum Nobs","floor":22,"turns":3},{"damage":1,"enemies":"Book of Stabbing","floor":23,"turns":5},{"damage":7,"enemies":"2 Thieves","floor":25,"turns":3},{"damage":1,"enemies":"Centurion and Healer","floor":29,"turns":5},{"damage":0,"enemies":"Gremlin Leader","floor":31,"turns":5},{"damage":19,"enemies":"Champ","floor":33,"turns":8},{"damage":0,"enemies":"Orb Walker","floor":35,"turns":3},{"damage":0,"enemies":"3 Darklings","floor":36,"turns":5},{"damage":0,"enemies":"4 Shapes","floor":37,"turns":3},{"damage":5,"enemies":"Writhing Mass","floor":38,"turns":6},{"damage":0,"enemies":"3 Darklings","floor":39,"turns":11},{"damage":28,"enemies":"Reptomancer","floor":40,"turns":10},{"damage":0,"enemies":"Jaw Worm Horde","floor":41,"turns":3},{"damage":21,"enemies":"Nemesis","floor":42,"turns":5},{"damage":9,"enemies":"Reptomancer","floor":45,"turns":6},{"damage":0,"enemies":"Sphere and 2 Shapes","floor":47,"turns":6},{"damage":9,"enemies":"Time Eater","floor":50,"turns":9}],"seed_played":"-4213337181092960043","potions_obtained":[{"floor":1,"key":"EssenceOfSteel"},{"floor":2,"key":"Ancient Potion"},{"floor":10,"key":"Fruit Juice"},{"floor":25,"key":"Poison Potion"},{"floor":28,"key":"PowerPotion"},{"floor":33,"key":"Fruit Juice"},{"floor":37,"key":"GamblersBrew"},{"floor":38,"key":"PowerPotion"}],"is_trial":false,"path_per_floor":["M","M","?","M","M","R","E","R","T","E","M","?","R","$","R","B",null,"M","?","$","$","?","E","R","M","T","$","?","M","R","E","R","B",null,"M","M","M","M","M","E","M","E","T","R","E","$","M","$","R","B",null],"character_chosen":"DEFECT","items_purchased":["Beam Cell+1","Steam","Hologram","AttackPotion","Defragment","Coolheaded","Blizzard+1","Gash+1","DataDisk","Coolheaded+1","Coolheaded+1"],"campfire_rested":4,"item_purchase_floors":[14,14,14,14,20,20,21,27,46,46,48],"current_hp_per_floor":[71,60,60,60,32,32,10,33,33,12,11,11,11,16,40,40,72,69,69,69,69,40,46,46,39,39,39,39,38,38,38,38,19,72,72,72,77,72,72,44,44,23,23,51,42,42,42,42,70,61],"gold":69,"neow_bonus":"TEN_PERCENT_HP_BONUS","is_prod":false,"is_daily":false,"chose_seed":false,"campfire_upgraded":5,"win_rate":0,"timestamp":1554624766,"path_taken":["M","M","?","M","M","R","E","R","T","E","M","?","R","$","R","BOSS","M","?","?","$","?","E","R","M","T","$","?","?","R","E","R","BOSS","M","M","M","M","M","E","M","E","T","R","E","$","M","$","R","BOSS"],"build_version":"2019-01-23","purchased_purges":2,"victory":true,"max_hp_per_floor":[78,78,78,78,78,78,78,78,78,78,78,78,78,83,83,83,83,83,83,83,83,83,90,90,90,90,90,90,90,90,90,90,90,90,90,90,95,95,95,95,95,95,95,95,95,95,95,95,95,95],"card_choices":[{"not_picked":["Stack","Skim"],"picked":"FTL","floor":1},{"not_picked":["FTL","Hologram"],"picked":"Ball Lightning","floor":2},{"not_picked":["Compile Driver","Storm"],"picked":"Reboot","floor":4},{"not_picked":["Rebound","Heatsinks"],"picked":"Cold Snap","floor":5},{"not_picked":["Beam Cell","Redo","Go for the Eyes"],"picked":"SKIP","floor":7},{"not_picked":["Storm","Coolheaded"],"picked":"Cold Snap+1","floor":10},{"not_picked":["Skim","Double Energy"],"picked":"All For One+1","floor":11},{"not_picked":["Seek","Creative AI"],"picked":"Biased Cognition","floor":16},{"not_picked":["Hologram","Streamline+1"],"picked":"Barrage+1","floor":18},{"not_picked":["Reprogram","Darkness"],"picked":"Glacier","floor":22},{"not_picked":["Reprogram","Rebound+1","Beam Cell+1"],"picked":"SKIP","floor":23},{"not_picked":["Reinforced Body","Hologram"],"picked":"Gash+1","floor":25},{"not_picked":["Aggregate+1","Steam","Beam Cell+1"],"picked":"SKIP","floor":29},{"not_picked":["Doom and Gloom+1","Compile Driver+1"],"picked":"FTL+1","floor":31},{"not_picked":["Creative AI","Multi-Cast"],"picked":"Echo Form","floor":33},{"not_picked":["Storm","White Noise"],"picked":"Defragment+1","floor":35},{"not_picked":["Stack","Compile Driver+1"],"picked":"Glacier","floor":36},{"not_picked":["Rebound+1","Steam","Cold Snap+1"],"picked":"SKIP","floor":37},{"not_picked":["Lockon+1","Ball Lightning+1"],"picked":"Glacier","floor":38},{"not_picked":["Beam Cell+1","Force Field","Undo"],"picked":"SKIP","floor":39},{"not_picked":["Rip and Tear+1","BootSequence"],"picked":"Seek","floor":40},{"not_picked":["Sweeping Beam+1","Consume+1"],"picked":"Blizzard+1","floor":41},{"not_picked":["Gash+1","Ball Lightning+1"],"picked":"Leap+1","floor":42},{"not_picked":["BootSequence+1","Beam Cell+1"],"picked":"Reprogram+1","floor":45},{"not_picked":["Hologram+1","Ball Lightning+1"],"picked":"Go for the Eyes+1","floor":47}],"player_experience":736293,"relics_obtained":[{"floor":7,"key":"Du-Vu Doll"},{"floor":9,"key":"Molten Egg 2"},{"floor":10,"key":"Art of War"},{"floor":22,"key":"Girya"},{"floor":22,"key":"Bottled Lightning"},{"floor":23,"key":"Strawberry"},{"floor":26,"key":"Sundial"},{"floor":31,"key":"Anchor"},{"floor":40,"key":"Unceasing Top"},{"floor":42,"key":"Toxic Egg 2"},{"floor":43,"key":"Gremlin Horn"},{"floor":45,"key":"Dream Catcher"}],"event_choices":[{"damage_healed":0,"gold_gain":0,"player_choice":"Ignored","damage_taken":0,"max_hp_gain":0,"max_hp_loss":0,"event_name":"Liars Game","floor":3,"gold_loss":0},{"damage_healed":0,"gold_gain":0,"cards_transformed":["Strike_B"],"player_choice":"Change","damage_taken":0,"max_hp_gain":0,"max_hp_loss":0,"event_name":"Living Wall","floor":12,"gold_loss":0,"cards_obtained":["Fusion"]},{"damage_healed":0,"gold_gain":0,"cards_transformed":["Strike_B"],"player_choice":"Transformed","damage_taken":0,"max_hp_gain":0,"max_hp_loss":0,"event_name":"Transmorgrifier","floor":19,"gold_loss":0,"cards_obtained":["Defragment"]},{"damage_healed":0,"gold_gain":0,"player_choice":"Fight","damage_taken":0,"max_hp_gain":0,"max_hp_loss":0,"event_name":"Colosseum","floor":22,"gold_loss":0},{"damage_healed":0,"gold_gain":0,"player_choice":"Fought Nobs","damage_taken":0,"max_hp_gain":0,"max_hp_loss":0,"event_name":"Colosseum","floor":22,"gold_loss":0},{"damage_healed":0,"gold_gain":0,"player_choice":"Got Potions","damage_taken":0,"max_hp_gain":0,"max_hp_loss":0,"event_name":"Lab","floor":28,"gold_loss":0}],"is_beta":false,"boss_relics":[{"not_picked":["Empty Cage","Pandora\u0027s Box"],"picked":"Cursed Key"},{"not_picked":["Snecko Eye","Black Star"],"picked":"Fusion Hammer"}],"items_purged_floors":[14,27],"is_endless":false,"potions_floor_spawned":[1,2,4,10,22,25,29,31,33,37,38,40,45,47],"ascension_level":15}