{"gold_per_floor":[214,4,22,38,53,81,81,81,81,108,125,152,169,200,200,303,303,322,322,335,347,15,15,40,54,54,88,100,110,110,130,130,233,233,251,261,279,279,279,307,307,317,344,344,363,391,391,421,421,421,421,421,45,77,77],"floor_reached":55,"playtime":3712,"items_purged":["Strike_R"],"score":1118,"play_id":"33b8635c-9bb3-4cf2-a67e-905239ffec83","local_time":"20190816214211","is_ascension_mode":true,"campfire_choices":[{"data":"Bludgeon","floor":8.0,"key":"SMITH"},{"data":"Clothesline","floor":15.0,"key":"SMITH"},{"data":"Immolate","floor":23.0,"key":"SMITH"},{"data":"Warcry","floor":30.0,"key":"SMITH"},{"data":"Sword Boomerang","floor":32.0,"key":"SMITH"},{"data":"Bash","floor":41,"key":"SMITH"},{"floor":47,"key":"RECALL"},{"data":"Impervious","floor":49,"key":"SMITH"},{"data":"Impervious","floor":52,"key":"SMITH"}],"neow_cost":"NONE","seed_source_timestamp":88949307757900,"circlet_count":0,"master_deck":["Strike_R","Strike_R","Strike_R","Defend_R","Defend_R","Defend_R","Defend_R","Bash+1","Sword Boomerang+1","Bludgeon+1","Twin Strike","Iron Wave","Warcry+1","Clothesline+1","Impervious+1","Metallicize+1","Immolate+1","Inflame+1","Impervious+1","Pummel+1","Rage+1","Dual Wield","Metallicize+1","Limit Break+1","True Grit+1"],"special_seed":0,"relics":["Burning Blood","Orichalcum","Frozen Egg 2","FaceOfCleric","Calipers","Magic Flower","Bronze Scales","Turnip","Eternal Feather","Mercury Hourglass","Sundial","Boot","Coffee Dripper","Red Skull","Lantern","Toxic Egg 2","Ancient Tea Set","Happy Flower","Bag of Marbles","Art of War"],"potions_floor_usage":[40,48,50,55,55,55],"damage_taken":[{"damage":13.0,"enemies":"Jaw Worm","floor":1.0,"turns":4.0},{"damage":0.0,"enemies":"Cultist","floor":3.0,"turns":2.0},{"damage":10.0,"enemies":"Small Slimes","floor":4.0,"turns":3.0},{"damage":10.0,"enemies":"Exordium Thugs","floor":5.0,"turns":3.0},{"damage":12.0,"enemies":"3 Sentries","floor":6.0,"turns":8.0},{"damage":18.0,"enemies":"Lagavulin","floor":10.0,"turns":4.0},{"damage":4.0,"enemies":"Red Slaver","floor":11.0,"turns":3.0},{"damage":14.0,"enemies":"3 Sentries","floor":12.0,"turns":6.0},{"damage":18.0,"enemies":"Gremlin Gang","floor":13.0,"turns":5.0},{"damage":10.0,"enemies":"Lagavulin","floor":14.0,"turns":4.0},{"damage":18.0,"enemies":"Hexaghost","floor":16.0,"turns":9.0},{"damage":16.0,"enemies":"2 Thieves","floor":18.0,"turns":2.0},{"damage":8.0,"enemies":"Shell Parasite","floor":20.0,"turns":7.0},{"damage":35.0,"enemies":"3 Cultists","floor":21.0,"turns":5.0},{"damage":33.0,"enemies":"Book of Stabbing","floor":24.0,"turns":5.0},{"damage":27.0,"enemies":"Shelled Parasite and Fungi","floor":25.0,"turns":6.0},{"damage":15.0,"enemies":"Gremlin Leader","floor":27.0,"turns":6.0},{"damage":6.0,"enemies":"Chosen and Byrds","floor":28.0,"turns":3.0},{"damage":8.0,"enemies":"Snecko","floor":29.0,"turns":3.0},{"damage":13.0,"enemies":"Sentry and Sphere","floor":31.0,"turns":5.0},{"damage":104.0,"enemies":"Champ","floor":33.0,"turns":10.0},{"damage":1,"enemies":"Orb Walker","floor":35,"turns":4},{"damage":3,"enemies":"3 Shapes","floor":36,"turns":4},{"damage":7,"enemies":"Spire Growth","floor":37,"turns":5},{"damage":78,"enemies":"Reptomancer","floor":40,"turns":5},{"damage":2,"enemies":"Maw","floor":42,"turns":6},{"damage":25,"enemies":"3 Darklings","floor":45,"turns":3},{"damage":21,"enemies":"Nemesis","floor":46,"turns":5},{"damage":10,"enemies":"Reptomancer","floor":48,"turns":4},{"damage":70,"enemies":"Donu and Deca","floor":50,"turns":8},{"damage":72,"enemies":"Shield and Spear","floor":54,"turns":6},{"damage":58,"enemies":"The Heart","floor":55,"turns":6}],"seed_played":"8658353621450114548","potions_obtained":[{"floor":3.0,"key":"Dexterity Potion"},{"floor":6.0,"key":"SkillPotion"},{"floor":10.0,"key":"SkillPotion"},{"floor":13.0,"key":"Fire Potion"},{"floor":14.0,"key":"BloodPotion"},{"floor":16.0,"key":"AttackPotion"},{"floor":19.0,"key":"BloodPotion"},{"floor":19.0,"key":"EssenceOfSteel"},{"floor":25.0,"key":"Energy Potion"},{"floor":27.0,"key":"Swift Potion"},{"floor":28.0,"key":"Regen Potion"},{"floor":29.0,"key":"BloodPotion"},{"floor":35,"key":"AttackPotion"},{"floor":40,"key":"Fire Potion"},{"floor":42,"key":"Ancient Potion"},{"floor":54,"key":"Strength Potion"}],"is_trial":false,"path_per_floor":["M","$","M","M","M","E","?","R","T","E","M","E","M","E","R","B",null,"M","?","M","M","$","R","E","M","T","E","M","M","R","M","R","B",null,"M","M","M","?","?","E","R","M","T","?","M","E","R","E","R","B",null,"R","$","E","B"],"character_chosen":"IRONCLAD","items_purchased":["Orichalcum","Bludgeon","Mercury Hourglass","Happy Flower","Bag of Marbles","Regen Potion"],"campfire_rested":0,"item_purchase_floors":[2,2,22,53,53,53],"current_hp_per_floor":[65,65,71,67,63,57,57,57,57,46,53,50,43,44,44,37,74,69,69,72,48,48,57,68,52,52,48,53,70,79,77,86,28,79,89,97,99,94,94,27,39,48,48,48,34,24,36,37,49,26,82,94,94,33,0],"gold":77,"neow_bonus":"HUNDRED_GOLD","is_prod":false,"is_daily":false,"chose_seed":false,"campfire_upgraded":8,"win_rate":0,"timestamp":1565980931,"path_taken":["M","$","M","M","M","E","?","R","T","E","M","E","?","E","R","BOSS","M","?","M","M","?","R","E","?","T","E","?","M","R","M","R","BOSS","M","M","M","?","?","E","R","?","T","?","M","E","R","E","R","BOSS","R","$","E","BOSS"],"build_version":"2019-07-17","purchased_purges":1,"victory":false,"max_hp_per_floor":[80,80,80,80,80,80,80,80,80,81,82,83,84,85,85,86,86,87,87,88,89,89,89,90,91,91,92,93,94,94,95,95,96,96,97,98,99,94,94,95,95,96,96,96,97,98,98,99,99,100,100,100,100,101,101],"card_choices":[{"not_picked":["Perfected Strike","Corruption"],"picked":"Sword Boomerang","floor":1.0},{"not_picked":["Havoc","Burning Pact"],"picked":"Twin Strike","floor":3.0},{"not_picked":["Hemokinesis","Flex"],"picked":"Iron Wave","floor":4.0},{"not_picked":["Iron Wave","Anger"],"picked":"Warcry","floor":5.0},{"not_picked":["Havoc","Warcry"],"picked":"Clothesline","floor":6.0},{"not_picked":["Clothesline","Perfected Strike"],"picked":"Impervious","floor":10.0},{"not_picked":["Perfected Strike","Sever Soul","True Grit"],"picked":"SKIP","floor":11.0},{"not_picked":["Sever Soul","Power Through"],"picked":"Metallicize+1","floor":12.0},{"not_picked":["Clash","Wild Strike","Bloodletting"],"picked":"SKIP","floor":13.0},{"not_picked":["Dual Wield","Sentinel","Cleave"],"picked":"SKIP","floor":14.0},{"not_picked":["Exhume","Offering"],"picked":"Immolate","floor":16.0},{"not_picked":["Armaments","Wild Strike","Flex"],"picked":"SKIP","floor":18.0},{"not_picked":["Thunderclap","Sever Soul","Fiend Fire"],"picked":"SKIP","floor":20.0},{"not_picked":["Spot Weakness","Thunderclap"],"picked":"Inflame+1","floor":21.0},{"not_picked":["Rampage","Armaments","Iron Wave+1"],"picked":"SKIP","floor":24.0},{"not_picked":["Second Wind+1","True Grit+1","Limit Break"],"picked":"SKIP","floor":25.0},{"not_picked":["Entrench","Clash","Pommel Strike"],"picked":"SKIP","floor":27.0},{"not_picked":["Headbutt","Second Wind","Perfected Strike"],"picked":"SKIP","floor":28.0},{"not_picked":["Sword Boomerang","Body Slam+1","Headbutt+1"],"picked":"SKIP","floor":29.0},{"not_picked":["Burning Pact","Dual Wield","Heavy Blade"],"picked":"SKIP","floor":31.0},{"not_picked":["Dark Embrace+1","Double Tap"],"picked":"Impervious","floor":33.0},{"not_picked":["Flex+1","Power Through"],"picked":"Pummel+1","floor":35},{"not_picked":["Searing Blow+1","Sentinel","Headbutt+1"],"picked":"SKIP","floor":36},{"not_picked":["Anger","Dual Wield"],"picked":"Rage+1","floor":37},{"not_picked":["Perfected Strike+1","Wild Strike","Fire Breathing+1"],"picked":"SKIP","floor":40},{"not_picked":["Clothesline","Corruption+1","Second Wind"],"picked":"SKIP","floor":42},{"not_picked":["Dark Embrace+1","Havoc","Power Through+1"],"picked":"SKIP","floor":45},{"not_picked":["Seeing Red+1","Whirlwind+1"],"picked":"Metallicize+1","floor":46},{"not_picked":["Burning Pact+1","Whirlwind"],"picked":"Limit Break+1","floor":48},{"not_picked":["Twin Strike+1","Wild Strike"],"picked":"True Grit+1","floor":54}],"player_experience":228542,"relics_obtained":[{"floor":6.0,"key":"Frozen Egg 2"},{"floor":9.0,"key":"Calipers"},{"floor":10.0,"key":"Magic Flower"},{"floor":12.0,"key":"Bronze Scales"},{"floor":14.0,"key":"Turnip"},{"floor":24.0,"key":"Sundial"},{"floor":27.0,"key":"Boot"},{"floor":40,"key":"Red Skull"},{"floor":43,"key":"Lantern"},{"floor":46,"key":"Toxic Egg 2"},{"floor":48,"key":"Ancient Tea Set"},{"floor":54,"key":"Art of War"}],"event_choices":[{"damage_healed":0.0,"max_hp_gain":0.0,"max_hp_loss":0.0,"gold_gain":0.0,"event_name":"FaceTrader","player_choice":"Trade","floor":7.0,"gold_loss":0.0,"damage_taken":0.0,"relics_obtained":["FaceOfCleric"]},{"damage_healed":0.0,"max_hp_gain":0.0,"max_hp_loss":0.0,"gold_gain":0.0,"event_name":"Lab","player_choice":"Got Potions","floor":19.0,"gold_loss":0.0,"damage_taken":0.0},{"damage_healed":0,"gold_gain":0,"player_choice":"Max HP","damage_taken":0,"max_hp_gain":0,"max_hp_loss":5,"event_name":"Winding Halls","floor":38,"gold_loss":0},{"damage_healed":0,"gold_gain":0,"cards_transformed":["Strike_R"],"player_choice":"Transformed","damage_taken":0,"max_hp_gain":0,"max_hp_loss":0,"event_name":"Transmorgrifier","floor":39,"gold_loss":0,"cards_obtained":["Dual Wield"]},{"damage_healed":0,"gold_gain":0,"player_choice":"Ignored","damage_taken":0,"max_hp_gain":0,"max_hp_loss":0,"event_name":"Tomb of Lord Red Mask","floor":44,"gold_loss":0}],"is_beta":false,"boss_relics":[{"not_picked":["Empty Cage","Tiny House"],"picked":"Eternal Feather"},{"not_picked":["Calling Bell","Orrery"],"picked":"Coffee Dripper"}],"items_purged_floors":[22],"is_endless":false,"potions_floor_spawned":[3,6,10,13,14,16,25,27,28,29,35,40,42,46,54],"killed_by":"The Heart","ascension_level":8}