{"gold_per_floor":[117,42,42,54,69,69,84,84,107,135,148,148,148,160,160,262,262,273,348,362,372,64,64,79,79],"floor_reached":25,"playtime":2775,"items_purged":["Defend_B"],"score":277,"play_id":"09030531-9330-488e-b035-cb929b195bd7","local_time":"20181227220418","is_ascension_mode":true,"campfire_choices":[{"data":"Zap","floor":6.0,"key":"SMITH"},{"data":"Loop","floor":8.0,"key":"SMITH"},{"data":"Dualcast","floor":12,"key":"SMITH"},{"data":"Sweeping Beam","floor":15,"key":"SMITH"},{"data":"Multi-Cast","floor":23,"key":"SMITH"}],"neow_cost":"NONE","seed_source_timestamp":0,"circlet_count":0,"master_deck":["Strike_B","Strike_B","Strike_B","Defend_B","Defend_B","Zap+1","Dualcast+1","Self Repair","Genetic Algorithm","Sweeping Beam+1","Loop+1","Ball Lightning","BootSequence","Multi-Cast+1","Genetic Algorithm","Glacier","Coolheaded","Conserve Battery+1","Cold Snap+1"],"special_seed":0,"relics":["Cracked Core","Pen Nib","Dream Catcher","Regal Pillow","Black Star","Toxic Egg 2"],"potions_floor_usage":[10,16,25],"damage_taken":[{"damage":1.0,"enemies":"Cultist","floor":1.0,"turns":3.0},{"damage":9.0,"enemies":"Small Slimes","floor":4.0,"turns":3.0},{"damage":2.0,"enemies":"Jaw Worm","floor":5.0,"turns":3.0},{"damage":10.0,"enemies":"2 Fungi Beasts","floor":7.0,"turns":3.0},{"damage":10,"enemies":"Gremlin Nob","floor":10,"turns":4},{"damage":8,"enemies":"Red Slaver","floor":11,"turns":3},{"damage":10,"enemies":"Lots of Slimes","floor":14,"turns":3},{"damage":4,"enemies":"Slime Boss","floor":16,"turns":8},{"damage":2,"enemies":"Chosen","floor":18,"turns":4},{"damage":18,"enemies":"Shell Parasite","floor":20,"turns":5},{"damage":17,"enemies":"Sentry and Sphere","floor":21,"turns":6},{"damage":15,"enemies":"Centurion and Healer","floor":24,"turns":10},{"damage":39,"enemies":"Slavers","floor":25,"turns":3}],"seed_played":"5954755074039674710","potions_obtained":[{"floor":1.0,"key":"Ancient Potion"},{"floor":5.0,"key":"PowerPotion"},{"floor":11,"key":"PowerPotion"},{"floor":20,"key":"Swift Potion"}],"is_trial":false,"path_per_floor":["M","$","?","M","M","R","M","R","T","E","M","R","?","M","R","B",null,"M","?","M","M","$","R","M","E"],"character_chosen":"DEFECT","items_purchased":["Toxic Egg 2","Conserve Battery+1"],"campfire_rested":0,"item_purchase_floors":[22,22],"current_hp_per_floor":[67,67,60,58,63,63,60,60,60,57,56,56,56,53,53,56,70,75,68,57,47,47,47,39,0],"gold":79,"neow_bonus":"RANDOM_COMMON_RELIC","is_prod":false,"is_daily":false,"chose_seed":false,"campfire_upgraded":5,"win_rate":0,"timestamp":1545948258,"path_taken":["M","?","?","?","M","R","M","R","T","E","M","R","?","M","R","BOSS","M","?","?","?","$","R","M","E"],"build_version":"2018-12-20","purchased_purges":1,"victory":false,"max_hp_per_floor":[75,75,75,75,75,75,75,75,75,75,75,75,75,75,75,75,75,75,75,75,75,75,75,75,75],"card_choices":[{"not_picked":["Redo","Skim"],"picked":"Self Repair","floor":1.0},{"not_picked":["Ball Lightning","Turbo"],"picked":"Genetic Algorithm","floor":4.0},{"not_picked":["Stack","Double Energy"],"picked":"Sweeping Beam","floor":5.0},{"not_picked":["Beam Cell","Steam"],"picked":"Loop","floor":7.0},{"not_picked":["Go for the Eyes","Sweeping Beam"],"picked":"Ball Lightning","floor":10},{"not_picked":["Beam Cell","Hello World"],"picked":"BootSequence","floor":11},{"not_picked":["Skim","Sweeping Beam","Compile Driver"],"picked":"SKIP","floor":14},{"not_picked":["Machine Learning","Fission"],"picked":"Multi-Cast","floor":16},{"not_picked":["Undo","Stack"],"picked":"Genetic Algorithm","floor":18},{"not_picked":["Leap+1","Defragment"],"picked":"Glacier","floor":20},{"not_picked":["Go for the Eyes","Storm"],"picked":"Coolheaded","floor":21},{"not_picked":["Gash+1","Streamline"],"picked":"Cold Snap+1","floor":24}],"player_experience":394985,"relics_obtained":[{"floor":9.0,"key":"Dream Catcher"},{"floor":10,"key":"Regal Pillow"}],"event_choices":[{"cards_removed":["Defend_B"],"damage_healed":0.0,"max_hp_gain":0.0,"max_hp_loss":0.0,"gold_gain":0.0,"event_name":"Golden Wing","player_choice":"Card Removal","floor":3.0,"gold_loss":0.0,"damage_taken":7.0},{"cards_removed":["Strike_B"],"damage_healed":0,"gold_gain":0,"player_choice":"Offered Basic","damage_taken":0,"max_hp_gain":0,"max_hp_loss":0,"event_name":"Bonfire Elementals","floor":13,"gold_loss":0},{"damage_healed":0,"gold_gain":75,"player_choice":"Touch","damage_taken":7,"max_hp_gain":0,"max_hp_loss":0,"event_name":"FaceTrader","floor":19,"gold_loss":0}],"is_beta":false,"boss_relics":[{"not_picked":["Astrolabe","Runic Pyramid"],"picked":"Black Star"}],"items_purged_floors":[2],"is_endless":false,"potions_floor_spawned":[1,5,11,20],"killed_by":"Slavers","ascension_level":7}