{"gold_per_floor":[114,114,129,144,8,8,23,53,108,108,123,153,178,208,208,308,308,323,323,347,347,362,362,377,407,407,437,437,287,317,332,332,332],"floor_reached":33,"playtime":1475,"items_purged":[],"score":523,"play_id":"8c7f57bb-8002-4c18-af41-0f8253643f21","local_time":"20190812090926","daily_mods":["Specialized","Hoarder","Binary"],"is_ascension_mode":false,"campfire_choices":[{"data":"Dramatic Entrance","floor":6.0,"key":"SMITH"},{"data":"Dramatic Entrance","floor":15,"key":"SMITH"},{"data":"Seek","floor":23,"key":"SMITH"},{"floor":28,"key":"REST"},{"data":"Seek","floor":32,"key":"SMITH"}],"neow_cost":"","seed_source_timestamp":0,"circlet_count":0,"master_deck":["Zap","Dualcast","Sunder","Sunder","Sunder","Sunder","Sunder","Sunder","Sunder","Sunder","Sunder","Sunder","Sunder","Sunder","Sunder","Sunder","Sunder","FTL","FTL","FTL","Conserve Battery","Conserve Battery","Conserve Battery","Dramatic Entrance+1","Dramatic Entrance+1","Dramatic Entrance","Coolheaded","Coolheaded","Coolheaded","Darkness","Darkness","Darkness","Chill","Chill","Chill","Doom and Gloom","Doom and Gloom","Doom and Gloom","Sunder","Sunder","Sunder","Biased Cognition","Biased Cognition","Biased Cognition","Seek+1","Seek+1","Seek","Force Field","Force Field","Force Field","Chaos","Chaos","Chaos","Turbo+1","Turbo+1","Turbo+1"],"special_seed":18120,"relics":["Cracked Core","Singing Bowl","Tiny Chest","Strawberry","Dream Catcher","Pandora\u0027s Box","Red Mask","Happy Flower","FossilizedHelix","Blue Candle","Blood Vial","Lantern"],"potions_floor_usage":[14,25,27,30,33,33],"damage_taken":[{"damage":0.0,"enemies":"2 Louse","floor":1.0,"turns":1.0},{"damage":0.0,"enemies":"Cultist","floor":3.0,"turns":2.0},{"damage":6.0,"enemies":"Jaw Worm","floor":4.0,"turns":3.0},{"damage":0.0,"enemies":"Looter","floor":7.0,"turns":1.0},{"damage":14.0,"enemies":"Gremlin Nob","floor":8.0,"turns":3.0},{"damage":5.0,"enemies":"Blue Slaver","floor":11.0,"turns":2.0},{"damage":0.0,"enemies":"3 Sentries","floor":12.0,"turns":2.0},{"damage":0,"enemies":"Gremlin Nob","floor":14,"turns":2},{"damage":46,"enemies":"The Guardian","floor":16,"turns":12},{"damage":11,"enemies":"Shell Parasite","floor":18,"turns":6},{"damage":0,"enemies":"Masked Bandits","floor":20,"turns":2},{"damage":8,"enemies":"2 Thieves","floor":22,"turns":2},{"damage":0,"enemies":"Sentry and Sphere","floor":24,"turns":4},{"damage":38,"enemies":"Book of Stabbing","floor":25,"turns":5},{"damage":0,"enemies":"Slavers","floor":27,"turns":3},{"damage":19,"enemies":"Book of Stabbing","floor":30,"turns":5},{"damage":10,"enemies":"Snake Plant","floor":31,"turns":3},{"damage":44,"enemies":"Automaton","floor":33,"turns":6}],"seed_played":"6720078143573282166","potions_obtained":[{"floor":1.0,"key":"SkillPotion"},{"floor":3.0,"key":"LiquidBronze"},{"floor":8.0,"key":"Energy Potion"},{"floor":18,"key":"EssenceOfSteel"},{"floor":25,"key":"Strength Potion"},{"floor":31,"key":"FearPotion"}],"is_trial":false,"path_per_floor":["M","?","M","M","$","R","M","E","T","$","M","E","T","E","R","B",null,"M","?","?","?","M","R","M","E","T","E","R","$","E","M","R","B"],"character_chosen":"DEFECT","items_purchased":["Conserve Battery","Dramatic Entrance","Blood Vial"],"campfire_rested":1,"item_purchase_floors":[5,5,29],"current_hp_per_floor":[75,75,75,69,69,69,69,57,57,57,54,54,61,63,63,19,90,81,63,65,65,59,59,59,23,23,25,58,58,43,37,37,0],"gold":332,"neow_bonus":"","is_prod":false,"is_daily":true,"chose_seed":false,"campfire_upgraded":4,"win_rate":0,"timestamp":1565597366,"path_taken":["M","?","?","?","$","R","M","E","T","?","M","E","?","E","R","BOSS","M","?","?","?","?","R","M","E","T","E","R","$","E","M","R","BOSS"],"build_version":"2019-07-17","purchased_purges":0,"victory":false,"max_hp_per_floor":[75,75,75,75,75,75,75,77,77,77,79,79,86,88,88,90,90,92,97,99,99,101,101,101,103,103,105,107,107,109,111,111,111],"card_choices":[{"not_picked":["Redo","Streamline"],"picked":"SKIP","floor":1.0},{"not_picked":["Sweeping Beam","Double Energy"],"picked":"SKIP","floor":3.0},{"not_picked":["Lockon"],"picked":"FTL","floor":4.0},{"not_picked":["Stack","Rip and Tear"],"picked":"SKIP","floor":7.0},{"not_picked":["Turbo","Go for the Eyes"],"picked":"Singing Bowl","floor":8.0},{"not_picked":["Redo","Ball Lightning"],"picked":"Singing Bowl","floor":11.0},{"not_picked":["Ball Lightning"],"picked":"Coolheaded","floor":12},{"not_picked":["Go for the Eyes","Turbo"],"picked":"Singing Bowl","floor":14},{"not_picked":["Meteor Strike","Rainbow"],"picked":"Singing Bowl","floor":16},{"not_picked":["Beam Cell+1","FTL+1"],"picked":"Singing Bowl","floor":18},{"not_picked":["Go for the Eyes","Chaos+1"],"picked":"Singing Bowl","floor":20},{"not_picked":["Leap","Conserve Battery+1"],"picked":"Singing Bowl","floor":22},{"not_picked":["Conserve Battery"],"picked":"Turbo+1","floor":24},{"not_picked":["Leap+1","Biased Cognition"],"picked":"Singing Bowl","floor":25},{"not_picked":["Rebound","Scrape+1"],"picked":"Singing Bowl","floor":27},{"not_picked":["Double Energy","Hologram"],"picked":"Singing Bowl","floor":28},{"not_picked":["Chill","Rebound"],"picked":"Singing Bowl","floor":30},{"not_picked":["Go for the Eyes+1","Doom and Gloom"],"picked":"Singing Bowl","floor":31}],"player_experience":1076450,"relics_obtained":[{"floor":8.0,"key":"Singing Bowl"},{"floor":9.0,"key":"Tiny Chest"},{"floor":13,"key":"Strawberry"},{"floor":14,"key":"Dream Catcher"},{"floor":20,"key":"Red Mask"},{"floor":25,"key":"Happy Flower"},{"floor":26,"key":"FossilizedHelix"},{"floor":27,"key":"Blue Candle"},{"floor":30,"key":"Lantern"}],"event_choices":[{"damage_healed":0.0,"max_hp_gain":0.0,"max_hp_loss":0.0,"gold_gain":0.0,"event_name":"The Woman in Blue","player_choice":"Bought 0 Potions","floor":2.0,"gold_loss":0.0,"damage_taken":0.0},{"damage_healed":0,"gold_gain":0,"player_choice":"Shed Blood","damage_taken":23,"max_hp_gain":5,"max_hp_loss":0,"event_name":"Forgotten Altar","floor":19,"gold_loss":0},{"damage_healed":0,"gold_gain":0,"player_choice":"Fought Bandits","damage_taken":0,"max_hp_gain":0,"max_hp_loss":0,"event_name":"Masked Bandits","floor":20,"gold_loss":0},{"damage_healed":0,"gold_gain":0,"player_choice":"Got Potions","damage_taken":0,"max_hp_gain":0,"max_hp_loss":0,"event_name":"Lab","floor":21,"gold_loss":0}],"is_beta":false,"boss_relics":[{"not_picked":["FrozenCore","Runic Dome"],"picked":"Pandora\u0027s Box"}],"items_purged_floors":[],"is_endless":false,"potions_floor_spawned":[1,3,8,12,18,25,31],"killed_by":"Automaton","ascension_level":0}