{"gold_per_floor":[109,124,199,299,316,316,348,348,348,381,397,459,559,569,569,665,665,605,229,152,2,2,2,2,2,2,2,2,2,2,2,2,2,2,2,2,2,2,2,2,2,2,2,2,2,2,2,2,2,2],"floor_reached":51,"playtime":4310,"items_purged":[],"score":959,"play_id":"c2bebdf1-0ba1-4297-8508-d1da8d3d2621","local_time":"20180708124458","is_ascension_mode":true,"campfire_choices":[{"data":"Thunderclap","floor":6,"key":"SMITH"},{"data":"Bash","floor":8,"key":"SMITH"},{"floor":15,"key":"REST"},{"data":"Magnetism","floor":23,"key":"SMITH"},{"floor":25,"key":"REST"},{"data":"Armaments","floor":28,"key":"SMITH"},{"floor":32,"key":"REST"},{"floor":49,"key":"REST"}],"neow_cost":"NONE","seed_source_timestamp":0,"circlet_count":0,"master_deck":["Strike_R","Strike_R","Strike_R","Strike_R","Strike_R","Defend_R","Defend_R","Defend_R","Defend_R","Bash+1","Clash","Thunderclap+1","Heavy Blade","Pummel","Headbutt+1","Impervious","Reaper+1","Corruption+1","Havoc","Magnetism+1","J.A.X.","Cleave+1","Armaments+1","Shrug It Off","Pommel Strike+1","Exhume","Whirlwind+1","Shrug It Off+1","Inflame+1","Secret Weapon","Flex+1","Impervious","Uppercut+1","Shrug It Off+1","Limit Break","Disarm+1"],"special_seed":17720,"relics":["Burning Blood","NeowsBlessing","Blue Candle","Bag of Marbles","Omamori","Tiny Chest","Ectoplasm","Dream Catcher","Singing Bowl","Orichalcum","Letter Opener","Calipers","Orrery","Gremlin Horn","Whetstone","Ornamental Fan","Blood Vial","Incense Burner"],"potions_floor_usage":[7,12,16,16,29,33,33,41,42,47,50,50],"damage_taken":[{"damage":0,"enemies":"2 Louse","floor":1,"turns":1},{"damage":0,"enemies":"Cultist","floor":2,"turns":1},{"damage":0,"enemies":"Small Slimes","floor":5,"turns":1},{"damage":30,"enemies":"Lagavulin","floor":7,"turns":5},{"damage":23,"enemies":"Gremlin Nob","floor":10,"turns":4},{"damage":1,"enemies":"Looter","floor":11,"turns":2},{"damage":28,"enemies":"Lagavulin","floor":12,"turns":5},{"damage":1,"enemies":"Gremlin Gang","floor":14,"turns":4},{"damage":48,"enemies":"Slime Boss","floor":16,"turns":11},{"damage":31,"enemies":"2 Thieves","floor":18,"turns":4},{"damage":15,"enemies":"Chosen","floor":22,"turns":3},{"damage":26,"enemies":"Gremlin Leader","floor":27,"turns":6},{"damage":25,"enemies":"Slaver and Parasite","floor":29,"turns":2},{"damage":19,"enemies":"Sentry and Sphere","floor":30,"turns":4},{"damage":31,"enemies":"Centurion and Healer","floor":31,"turns":5},{"damage":44,"enemies":"Champ","floor":33,"turns":9},{"damage":24,"enemies":"3 Darklings","floor":35,"turns":3},{"damage":26,"enemies":"Orb Walker","floor":38,"turns":4},{"damage":0,"enemies":"4 Shapes","floor":39,"turns":3},{"damage":40,"enemies":"Nemesis","floor":40,"turns":5},{"damage":14,"enemies":"Sphere and 2 Shapes","floor":41,"turns":3},{"damage":61,"enemies":"2 Orb Walkers","floor":42,"turns":5},{"damage":8,"enemies":"Maw","floor":45,"turns":6},{"damage":0,"enemies":"3 Darklings","floor":46,"turns":5},{"damage":3,"floor":47,"turns":2},{"damage":17,"enemies":"4 Shapes","floor":48,"turns":2},{"damage":76,"enemies":"Time Eater","floor":50,"turns":9}],"seed_played":"5952392564398475268","potions_obtained":[{"floor":2,"key":"LiquidBronze"},{"floor":5,"key":"Weak Potion"},{"floor":7,"key":"BloodPotion"},{"floor":11,"key":"EssenceOfSteel"},{"floor":12,"key":"SkillPotion"},{"floor":27,"key":"Poison Potion"},{"floor":29,"key":"BloodPotion"},{"floor":30,"key":"Ancient Potion"},{"floor":39,"key":"Fire Potion"},{"floor":40,"key":"Strength Potion"},{"floor":42,"key":"Block Potion"},{"floor":45,"key":"AttackPotion"},{"floor":46,"key":"Dexterity Potion"}],"is_trial":false,"path_per_floor":["M","M","?","?","M","R","E","R","T","E","M","E","?","M","R","B",null,"M","$","?","$","M","R","?","R","T","E","R","M","M","M","R","B",null,"M","?","T","M","M","E","M","E","T","$","M","M","?","M","R","B"],"character_chosen":"IRONCLAD","items_purchased":["Havoc","Magnetism","Dream Catcher","Singing Bowl"],"campfire_rested":4,"item_purchase_floors":[19,19,19,21],"current_hp_per_floor":[78,80,69,69,75,75,51,51,51,34,39,17,17,22,46,12,63,38,38,38,38,38,38,38,62,62,44,44,44,36,31,58,30,78,74,74,74,62,68,52,55,9,9,9,18,60,65,58,88,34],"gold":2,"neow_bonus":"THREE_ENEMY_KILL","is_prod":false,"is_daily":false,"chose_seed":false,"campfire_upgraded":4,"win_rate":0,"timestamp":1531050298,"path_taken":["M","M","?","?","?","R","E","R","T","E","M","E","?","M","R","BOSS","M","$","?","?","M","R","?","R","T","E","R","M","?","M","R","BOSS","M","?","?","M","M","E","M","E","T","?","?","M","?","M","R","BOSS"],"build_version":"2018-07-05","purchased_purges":0,"victory":true,"max_hp_per_floor":[80,80,80,80,80,80,80,80,80,80,80,80,80,80,80,80,80,80,80,80,80,80,80,80,80,80,82,82,84,84,84,86,86,92,92,92,92,94,94,96,98,98,98,98,98,98,98,100,100,100],"card_choices":[{"not_picked":["Iron Wave","Rage"],"picked":"Clash","floor":1},{"not_picked":["Wild Strike","Clash"],"picked":"Thunderclap","floor":2},{"not_picked":["Shockwave","Shrug It Off"],"picked":"Heavy Blade","floor":5},{"not_picked":["Flame Barrier","Perfected Strike"],"picked":"Pummel","floor":7},{"not_picked":["Entrench","Disarm","Power Through"],"picked":"SKIP","floor":10},{"not_picked":["Metallicize","Entrench"],"picked":"Headbutt","floor":11},{"not_picked":["Thunderclap","Entrench"],"picked":"Impervious","floor":12},{"not_picked":["Warcry","Entrench","Shockwave"],"picked":"SKIP","floor":14},{"not_picked":["Double Tap","Bludgeon"],"picked":"Reaper","floor":16},{"not_picked":["Seeing Red","Feel No Pain"],"picked":"Corruption+1","floor":18},{"not_picked":["Anger+1","Seeing Red+1"],"picked":"Cleave+1","floor":22},{"not_picked":["Anger","Body Slam"],"picked":"Armaments","floor":25},{"not_picked":["Clothesline+1","Sword Boomerang","Body Slam"],"picked":"Singing Bowl","floor":27},{"not_picked":["Clothesline","Iron Wave","Perfected Strike"],"picked":"Singing Bowl","floor":29},{"not_picked":["Anger","Corruption+1"],"picked":"Shrug It Off","floor":30},{"not_picked":["Exhume","Sever Soul"],"picked":"Pommel Strike+1","floor":31},{"not_picked":["Perfected Strike","Blood for Blood","Rupture"],"picked":"Singing Bowl","floor":32},{"not_picked":["Reaper","Immolate"],"picked":"Exhume","floor":33},{"not_picked":["Fire Breathing+1","Uppercut","Rage+1"],"picked":"Singing Bowl","floor":34},{"not_picked":["Flame Barrier+1","Evolve+1"],"picked":"Whirlwind+1","floor":34},{"not_picked":["Armaments","Havoc","Headbutt"],"picked":"Singing Bowl","floor":34},{"not_picked":["Sentinel","Heavy Blade","Wild Strike"],"picked":"Singing Bowl","floor":34},{"not_picked":["Twin Strike+1","Clash+1"],"picked":"Shrug It Off+1","floor":34},{"not_picked":["Dual Wield+1","Sever Soul"],"picked":"Inflame+1","floor":35},{"not_picked":["Swift Strike","Good Instincts"],"picked":"Secret Weapon","floor":36},{"not_picked":["Warcry+1","Anger","Rampage"],"picked":"Singing Bowl","floor":38},{"not_picked":["Pommel Strike","Perfected Strike"],"picked":"Flex+1","floor":39},{"not_picked":["Wild Strike+1","Havoc","Intimidate"],"picked":"Singing Bowl","floor":40},{"not_picked":["Heavy Blade+1","Thunderclap+1","Shrug It Off"],"picked":"Singing Bowl","floor":41},{"not_picked":["Barricade","Pummel"],"picked":"Impervious","floor":42},{"not_picked":["Iron Wave","Carnage"],"picked":"Uppercut+1","floor":45},{"not_picked":["Rupture","Sword Boomerang+1"],"picked":"Shrug It Off+1","floor":46},{"not_picked":["Havoc+1","Clothesline"],"picked":"Limit Break","floor":47},{"not_picked":["Perfected Strike","Heavy Blade+1","Clothesline+1"],"picked":"Singing Bowl","floor":48},{"not_picked":["Clash+1","Headbutt"],"picked":"Disarm+1","floor":49}],"player_experience":349776,"relics_obtained":[{"floor":7,"key":"Blue Candle"},{"floor":9,"key":"Bag of Marbles"},{"floor":10,"key":"Omamori"},{"floor":12,"key":"Tiny Chest"},{"floor":26,"key":"Letter Opener"},{"floor":27,"key":"Calipers"},{"floor":37,"key":"Gremlin Horn"},{"floor":40,"key":"Whetstone"},{"floor":42,"key":"Ornamental Fan"},{"floor":43,"key":"Blood Vial"},{"floor":47,"key":"Incense Burner"}],"event_choices":[{"event_name":"World of Goop","player_choice":"Gather Gold","floor":3,"damage_taken":0},{"event_name":"Golden Shrine","player_choice":"Pray","floor":4,"damage_taken":0},{"event_name":"Wheel of Change","player_choice":"Gold","floor":13,"damage_taken":0},{"event_name":"Drug Dealer","player_choice":"Got JAXXED","floor":20,"damage_taken":0},{"event_name":"The Mausoleum","player_choice":"Yes","floor":24,"damage_taken":0},{"event_name":"SensoryStone","player_choice":"Memory 1","floor":36,"damage_taken":0},{"event_name":"Mysterious Sphere","player_choice":"Fight","floor":47,"damage_taken":0}],"boss_relics":[{"not_picked":["Runic Cube","Pandora\u0027s Box"],"picked":"Ectoplasm"},{"not_picked":["Tiny House","Mark of Pain"],"picked":"Orrery"}],"items_purged_floors":[],"is_endless":false,"potions_floor_spawned":[2,5,7,11,12,27,29,30,39,40,42,45,46],"ascension_level":6}