{"gold_per_floor":[115,6,24,41,41,69,69,97,97,110,145,3,23,23,23,118,118,135,59,77,92,92,125,55,55,79,91,104,139,139,239,239,239],"floor_reached":33,"playtime":1733,"items_purged":["Defend_G"],"score":391,"play_id":"bb4b255f-74f5-47e8-a146-b92051eb730a","local_time":"20190716175235","is_ascension_mode":true,"campfire_choices":[{"data":"Catalyst","floor":7,"key":"SMITH"},{"data":"Noxious Fumes","floor":15,"key":"SMITH"},{"floor":25,"key":"REST"},{"floor":30,"key":"REST"},{"floor":32,"key":"REST"}],"neow_cost":"PERCENT_DAMAGE","seed_source_timestamp":331484270165800,"circlet_count":0,"master_deck":["Strike_G","Strike_G","Strike_G","Strike_G","Defend_G","Defend_G","Defend_G","Defend_G","Survivor","Neutralize","Leg Sweep","Cloak And Dagger","Noxious Fumes+1","Catalyst+1","Crippling Poison","Bane","Heel Hook","Noxious Fumes+1","Burst","Malaise","Deadly Poison","Noxious Fumes","Backflip","Setup+1","Expertise+1","Deflect+1","Cloak And Dagger+1","PiercingWail+1","Prepared+1"],"relics":["Ring of the Snake","Ice Cream","Bag of Preparation","Nunchaku","Mercury Hourglass","Pen Nib","White Beast Statue","Toxic Egg 2","Girya","PreservedInsect","Mango","Torii","Bottled Tornado"],"potions_floor_usage":[4,8,8,8,16,20,20,23,23,23,31,31,33,33],"damage_taken":[{"damage":1,"enemies":"Cultist","floor":1,"turns":5},{"damage":1,"enemies":"2 Louse","floor":3,"turns":4},{"damage":0,"enemies":"Small Slimes","floor":4,"turns":3},{"damage":4,"enemies":"Lagavulin","floor":6,"turns":9},{"damage":15,"enemies":"Gremlin Nob","floor":8,"turns":4},{"damage":2,"enemies":"Red Slaver","floor":10,"turns":4},{"damage":2,"enemies":"Lagavulin","floor":11,"turns":7},{"damage":1,"enemies":"Looter","floor":13,"turns":4},{"damage":7,"enemies":"The Guardian","floor":16,"turns":6},{"damage":16,"enemies":"2 Thieves","floor":18,"turns":4},{"damage":6,"enemies":"Spheric Guardian","floor":20,"turns":6},{"damage":6,"enemies":"Centurion and Healer","floor":21,"turns":6},{"damage":24,"enemies":"Slavers","floor":23,"turns":5},{"damage":20,"enemies":"Sentry and Sphere","floor":27,"turns":5},{"damage":6,"enemies":"Snake Plant","floor":28,"turns":4},{"damage":14,"enemies":"Gremlin Leader","floor":29,"turns":5},{"damage":7,"enemies":"Colosseum Slavers","floor":31,"turns":4},{"damage":19,"enemies":"Colosseum Nobs","floor":31,"turns":3},{"damage":57,"enemies":"Automaton","floor":33,"turns":6}],"seed_played":"9173477882850222530","potions_obtained":[{"floor":4,"key":"Fruit Juice"},{"floor":6,"key":"EntropicBrew"},{"floor":10,"key":"EssenceOfSteel"},{"floor":13,"key":"Fire Potion"},{"floor":18,"key":"Weak Potion"},{"floor":20,"key":"Block Potion"},{"floor":21,"key":"PowerPotion"},{"floor":23,"key":"GamblersBrew"},{"floor":27,"key":"Weak Potion"},{"floor":28,"key":"Fire Potion"},{"floor":31,"key":"Poison Potion"}],"is_trial":false,"path_per_floor":["M","$","M","M","?","E","R","E","T","M","E","$","M","?","R","B",null,"M","$","M","M","T","E","$","R","T","M","M","E","R","?","R","B"],"character_chosen":"THE_SILENT","items_purchased":["Leg Sweep","Noxious Fumes","Burst","Noxious Fumes","Deflect+1","Cloak And Dagger+1"],"campfire_rested":3,"item_purchase_floors":[2,12,12,19,24,24],"current_hp_per_floor":[48,48,47,52,52,48,48,33,33,31,29,29,28,28,28,21,75,59,59,53,47,47,23,23,45,45,25,19,19,45,19,45,0],"gold":239,"neow_bonus":"ONE_RARE_RELIC","is_prod":false,"is_daily":false,"chose_seed":false,"campfire_upgraded":2,"win_rate":0,"timestamp":1563313955,"path_taken":["M","$","M","?","?","E","R","E","T","M","E","$","M","?","R","BOSS","M","$","M","M","?","E","$","R","T","M","M","E","R","?","R","BOSS"],"build_version":"2019-07-05","purchased_purges":1,"victory":false,"max_hp_per_floor":[70,70,70,75,75,75,75,75,75,75,75,75,75,75,75,75,75,75,75,75,75,75,75,75,75,75,75,75,89,89,89,89,89],"card_choices":[{"not_picked":["Acrobatics","Tactician","Blade Dance"],"picked":"SKIP","floor":1},{"not_picked":["Dodge and Roll","Blade Dance"],"picked":"Cloak And Dagger","floor":3},{"not_picked":["Underhanded Strike","Night Terror"],"picked":"Noxious Fumes","floor":4},{"not_picked":["Setup","Flying Knee"],"picked":"Catalyst","floor":6},{"not_picked":["Calculated Gamble","Bane"],"picked":"Crippling Poison","floor":8},{"not_picked":["Sucker Punch","Prepared"],"picked":"Bane","floor":10},{"not_picked":["Endless Agony","Sucker Punch"],"picked":"Heel Hook","floor":11},{"not_picked":["Acrobatics","Burst","Slice"],"picked":"SKIP","floor":13},{"not_picked":["A Thousand Cuts","Venomology"],"picked":"Malaise","floor":16},{"not_picked":["Tactician","Sucker Punch"],"picked":"Deadly Poison","floor":18},{"not_picked":["All Out Attack","Leg Sweep+1"],"picked":"Backflip","floor":20},{"not_picked":["Dodge and Roll","Terror"],"picked":"Setup+1","floor":21},{"not_picked":["Flying Knee","Underhanded Strike"],"picked":"Expertise+1","floor":23},{"not_picked":["Bane","Reflex+1"],"picked":"PiercingWail+1","floor":27},{"not_picked":["Escape Plan+1","Doppelganger+1","Underhanded Strike+1"],"picked":"SKIP","floor":28},{"not_picked":["Caltrops","Dagger Spray"],"picked":"Prepared+1","floor":29}],"player_experience":368354,"relics_obtained":[{"floor":6,"key":"Bag of Preparation"},{"floor":8,"key":"Nunchaku"},{"floor":9,"key":"Mercury Hourglass"},{"floor":11,"key":"Pen Nib"},{"floor":22,"key":"Toxic Egg 2"},{"floor":23,"key":"Girya"},{"floor":26,"key":"PreservedInsect"},{"floor":29,"key":"Mango"},{"floor":31,"key":"Torii"},{"floor":31,"key":"Bottled Tornado"}],"event_choices":[{"damage_healed":0,"gold_gain":0,"player_choice":"Grow","damage_taken":0,"max_hp_gain":0,"max_hp_loss":0,"event_name":"Living Wall","floor":5,"gold_loss":0,"cards_upgraded":["Noxious Fumes"]},{"cards_removed":["Strike_G"],"damage_healed":0,"gold_gain":0,"player_choice":"Purged","damage_taken":0,"max_hp_gain":0,"max_hp_loss":0,"event_name":"Purifier","floor":14,"gold_loss":0},{"damage_healed":0,"gold_gain":0,"player_choice":"Fight","damage_taken":0,"max_hp_gain":0,"max_hp_loss":0,"event_name":"Colosseum","floor":31,"gold_loss":0},{"damage_healed":0,"gold_gain":0,"player_choice":"Fought Nobs","damage_taken":0,"max_hp_gain":0,"max_hp_loss":0,"event_name":"Colosseum","floor":31,"gold_loss":0}],"is_beta":false,"boss_relics":[{"not_picked":["Velvet Choker","Eternal Feather"],"picked":"White Beast Statue"}],"items_purged_floors":[2],"is_endless":false,"potions_floor_spawned":[4,6,10,13,18,20,21,23,27,28,29,31,31],"killed_by":"Automaton","ascension_level":4}