{"gold_per_floor":[212,223,236,236,236,236,266,266,266,284,297,316,148,175,175,251,251,270,289,302,302,13,44,44,54,54,72,82,117,117,144,144,223,223,238,238,258,41,54,85,85,85,85,95,141,141,170,180,180,180],"floor_reached":51,"playtime":6594,"items_purged":["Pain","Strike_B"],"score":1578,"play_id":"c8663337-cd6a-4524-8bf1-fd344ba3f258","local_time":"20190417170146","is_ascension_mode":true,"campfire_choices":[{"data":"Zap","floor":6.0,"key":"SMITH"},{"data":"Self Repair","floor":8.0,"key":"SMITH"},{"data":"Coolheaded","floor":15,"key":"SMITH"},{"data":"Biased Cognition","floor":30,"key":"SMITH"},{"data":"Hologram","floor":32,"key":"SMITH"},{"data":"Ghostly","floor":41,"key":"SMITH"},{"data":"Ghostly","floor":46,"key":"SMITH"},{"data":"Ghostly","floor":49,"key":"SMITH"}],"neow_cost":"NONE","seed_source_timestamp":499452781850998,"circlet_count":0,"master_deck":["AscendersBane","Defend_B","Defend_B","Defend_B","Self Repair+1","Ball Lightning","Coolheaded+1","Melter","Genetic Algorithm","Compile Driver","Cold Snap","Self Repair","Hologram+1","Ball Lightning","Core Surge+1","Coolheaded","Electrodynamics","Ghostly+1","Ghostly+1","Ghostly+1","Go for the Eyes","White Noise","Stack","Sweeping Beam+1","Turbo+1","Coolheaded+1","Hologram","Biased Cognition+1","Conserve Battery","Echo Form","Rip and Tear+1","Stack+1","Blizzard+1","Hologram+1","Echo Form","Force Field","All For One","Stack+1","Coolheaded+1"],"special_seed":0,"relics":["Cracked Core","WarpedTongs","Bottled Lightning","Shuriken","PreservedInsect","Snecko Eye","Boot","Torii","Pear","Kunai","Astrolabe","Pocketwatch","Gremlin Horn","Emotion Chip","Whetstone"],"potions_floor_usage":[18,19,23,23,29,31,45,50],"damage_taken":[{"damage":4.0,"enemies":"Jaw Worm","floor":1.0,"turns":4.0},{"damage":3.0,"enemies":"2 Louse","floor":2.0,"turns":3.0},{"damage":1.0,"enemies":"Cultist","floor":3.0,"turns":3.0},{"damage":25.0,"enemies":"Lagavulin","floor":7.0,"turns":6.0},{"damage":9.0,"enemies":"Exordium Wildlife","floor":10.0,"turns":3.0},{"damage":6.0,"enemies":"Large Slime","floor":11.0,"turns":5.0},{"damage":12.0,"enemies":"Red Slaver","floor":12.0,"turns":3.0},{"damage":11.0,"enemies":"Gremlin Nob","floor":14.0,"turns":3.0},{"damage":34,"enemies":"Hexaghost","floor":16,"turns":11},{"damage":23,"enemies":"2 Thieves","floor":18,"turns":4},{"damage":9,"enemies":"Shell Parasite","floor":19,"turns":4},{"damage":31,"enemies":"Snake Plant","floor":20,"turns":7},{"damage":11,"enemies":"Book of Stabbing","floor":23,"turns":7},{"damage":0,"enemies":"Sentry and Sphere","floor":25,"turns":6},{"damage":3,"enemies":"3 Cultists","floor":27,"turns":6},{"damage":8,"enemies":"Shelled Parasite and Fungi","floor":28,"turns":6},{"damage":19,"enemies":"Slavers","floor":29,"turns":4},{"damage":10,"enemies":"Gremlin Leader","floor":31,"turns":7},{"damage":1,"enemies":"Automaton","floor":33,"turns":11},{"damage":27,"enemies":"3 Darklings","floor":35,"turns":6},{"damage":0,"enemies":"3 Shapes","floor":37,"turns":8},{"damage":20,"enemies":"Transient","floor":39,"turns":6},{"damage":0,"enemies":"Reptomancer","floor":40,"turns":5},{"damage":2,"enemies":"Sphere and 2 Shapes","floor":44,"turns":5},{"damage":17,"enemies":"2 Orb Walkers","floor":45,"turns":7},{"damage":0,"enemies":"Nemesis","floor":47,"turns":3},{"damage":14,"enemies":"3 Darklings","floor":48,"turns":8},{"damage":12,"enemies":"Donu and Deca","floor":50,"turns":6}],"seed_played":"6390100508032989087","potions_obtained":[{"floor":1.0,"key":"FearPotion"},{"floor":7.0,"key":"Block Potion"},{"floor":12.0,"key":"SkillPotion"},{"floor":16,"key":"Dexterity Potion"},{"floor":18,"key":"Energy Potion"},{"floor":20,"key":"EssenceOfSteel"},{"floor":24,"key":"LiquidBronze"},{"floor":24,"key":"SteroidPotion"},{"floor":25,"key":"PowerPotion"},{"floor":29,"key":"EssenceOfSteel"},{"floor":33,"key":"PowerPotion"},{"floor":35,"key":"Dexterity Potion"},{"floor":48,"key":"SteroidPotion"}],"is_trial":false,"path_per_floor":["M","M","M","?","?","R","E","R","T","M","M","M","$","E","R","B",null,"M","M","M","?","$","E","?","M","T","M","M","E","R","E","R","B",null,"M","?","M","$","M","E","R","?","T","M","?","R","E","M","R","B",null],"character_chosen":"DEFECT","items_purchased":["Self Repair","Hologram","Go for the Eyes","White Noise","Stack","Echo Form","Energy Potion","Force Field"],"campfire_rested":0,"item_purchase_floors":[13,13,22,22,22,38,38,38],"current_hp_per_floor":[60,64,70,63,63,63,45,45,45,46,50,48,48,44,44,30,61,38,46,22,22,22,21,21,35,35,35,35,26,26,16,16,32,42,25,25,45,45,39,45,45,45,45,45,38,38,45,45,45,45],"gold":180,"neow_bonus":"HUNDRED_GOLD","is_prod":false,"is_daily":false,"chose_seed":false,"campfire_upgraded":8,"win_rate":0,"timestamp":1555516906,"path_taken":["M","M","M","?","?","R","E","R","T","M","M","M","$","E","R","BOSS","M","M","?","?","$","E","?","M","T","M","?","E","R","E","R","BOSS","M","?","M","$","?","E","R","?","T","M","?","R","E","M","R","BOSS"],"build_version":"2019-01-23","purchased_purges":2,"victory":true,"max_hp_per_floor":[71,71,71,71,71,71,71,71,71,71,71,71,71,71,71,71,71,71,71,71,35,35,35,35,35,35,35,35,45,45,45,45,45,45,45,45,45,45,45,45,45,45,45,45,45,45,45,45,45,45],"card_choices":[{"not_picked":["Stack","Streamline"],"picked":"Self Repair","floor":1.0},{"not_picked":["Go for the Eyes","Aggregate"],"picked":"Ball Lightning","floor":2.0},{"not_picked":["Fusion","Gash"],"picked":"Coolheaded","floor":3.0},{"not_picked":["Multi-Cast","Self Repair"],"picked":"Melter","floor":7.0},{"not_picked":["Beam Cell","Ball Lightning"],"picked":"Genetic Algorithm","floor":10.0},{"not_picked":["Streamline","BootSequence"],"picked":"Compile Driver","floor":11.0},{"not_picked":["Fusion","Loop"],"picked":"Cold Snap","floor":12.0},{"not_picked":["Leap","Fusion"],"picked":"Ball Lightning","floor":14},{"not_picked":["Meteor Strike","Rainbow"],"picked":"Core Surge","floor":16},{"not_picked":["Gash","Blizzard"],"picked":"Coolheaded","floor":18},{"not_picked":["Compile Driver","Self Repair","Rebound"],"picked":"SKIP","floor":19},{"not_picked":["Sweeping Beam","Streamline"],"picked":"Electrodynamics","floor":20},{"not_picked":["Darkness","Rebound"],"picked":"Sweeping Beam","floor":23},{"not_picked":["Hologram","Redo"],"picked":"Turbo+1","floor":25},{"not_picked":["Tempest","FTL"],"picked":"Coolheaded+1","floor":27},{"not_picked":["Beam Cell","Aggregate"],"picked":"Hologram","floor":28},{"not_picked":["Go for the Eyes","Hologram"],"picked":"Biased Cognition","floor":29},{"not_picked":["Sweeping Beam","Scrape"],"picked":"Conserve Battery","floor":31},{"not_picked":["Multi-Cast","All For One"],"picked":"Echo Form","floor":33},{"not_picked":["Reprogram","Barrage","Scrape"],"picked":"SKIP","floor":35},{"not_picked":["Force Field","Streamline"],"picked":"Hologram+1","floor":37},{"not_picked":["Redo","Steam","Cold Snap"],"picked":"SKIP","floor":39},{"not_picked":["Ball Lightning+1","Redo+1"],"picked":"All For One","floor":40},{"not_picked":["Beam Cell","Go for the Eyes"],"picked":"Stack+1","floor":44},{"not_picked":["BootSequence+1","Consume+1"],"picked":"Coolheaded+1","floor":47},{"not_picked":["Undo","Gash","Heatsinks"],"picked":"SKIP","floor":48}],"player_experience":809233,"relics_obtained":[{"floor":7.0,"key":"Bottled Lightning"},{"floor":9.0,"key":"Shuriken"},{"floor":14,"key":"PreservedInsect"},{"floor":23,"key":"Boot"},{"floor":26,"key":"Torii"},{"floor":29,"key":"Pear"},{"floor":31,"key":"Kunai"},{"floor":40,"key":"Pocketwatch"},{"floor":43,"key":"Gremlin Horn"},{"floor":45,"key":"Emotion Chip"},{"floor":47,"key":"Whetstone"}],"event_choices":[{"cards_removed":["Strike_B"],"damage_healed":0.0,"max_hp_gain":0.0,"max_hp_loss":0.0,"gold_gain":0.0,"event_name":"Golden Wing","player_choice":"Card Removal","floor":4.0,"gold_loss":0.0,"damage_taken":7.0},{"damage_healed":0.0,"max_hp_gain":0.0,"max_hp_loss":0.0,"gold_gain":0.0,"event_name":"Accursed Blacksmith","player_choice":"Rummage","floor":5.0,"gold_loss":0.0,"damage_taken":0.0,"relics_obtained":["WarpedTongs"],"cards_obtained":["Pain"]},{"damage_healed":0,"gold_gain":0,"player_choice":"Became a Ghost","damage_taken":0,"max_hp_gain":0,"max_hp_loss":36,"event_name":"Ghosts","floor":21,"gold_loss":0,"cards_obtained":["Ghostly","Ghostly","Ghostly"]},{"damage_healed":0,"gold_gain":0,"player_choice":"Got Potions","damage_taken":0,"max_hp_gain":0,"max_hp_loss":0,"event_name":"Lab","floor":24,"gold_loss":0},{"cards_removed":["Zap"],"damage_healed":0,"gold_gain":0,"player_choice":"Card Removal","damage_taken":0,"max_hp_gain":0,"max_hp_loss":0,"event_name":"Wheel of Change","floor":36,"gold_loss":0},{"cards_removed":["Defend_B"],"damage_healed":0,"gold_gain":0,"player_choice":"Removed Skill","damage_taken":0,"max_hp_gain":0,"max_hp_loss":0,"event_name":"Falling","floor":42,"gold_loss":0},{"damage_healed":0,"gold_gain":0,"player_choice":"Fight","damage_taken":0,"max_hp_gain":0,"max_hp_loss":0,"event_name":"Mysterious Sphere","floor":45,"gold_loss":0}],"is_beta":false,"boss_relics":[{"not_picked":["Lizard Tail","White Beast Statue"],"picked":"Snecko Eye"},{"not_picked":["Orrery","FrozenCore"],"picked":"Astrolabe"}],"items_purged_floors":[13,22],"is_endless":false,"potions_floor_spawned":[1,7,12,16,18,20,25,27,29,33,35,40,48],"ascension_level":18}