{"gold_per_floor":[115,115,131,149,149,180,180,214,214,242,78,93,103,120,120,196,196,211,211,211],"floor_reached":20,"playtime":1179,"items_purged":["Strike_R"],"score":388,"play_id":"48223ed4-93f1-4e47-82e1-2570c726a31b","local_time":"20190513211201","is_ascension_mode":true,"campfire_choices":[{"floor":7,"key":"REST"},{"floor":15,"key":"REST"}],"neow_cost":"NONE","seed_source_timestamp":167622040841239,"circlet_count":0,"master_deck":["AscendersBane","Strike_R","Strike_R","Defend_R","Defend_R","Defend_R","Defend_R","Bash","Anger","Flame Barrier","Cleave","Shrug It Off","Fiend Fire","Rampage","Shrug It Off","Metallicize","Juggernaut","Barricade+1","Sentinel+1","Twin Strike+1","Corruption"],"relics":["Burning Blood","Pen Nib","Letter Opener","Strawberry","Orichalcum","Astrolabe"],"potions_floor_usage":[8,10,14,14,16],"damage_taken":[{"damage":6,"enemies":"Small Slimes","floor":1,"turns":4},{"damage":19,"enemies":"Jaw Worm","floor":3,"turns":4},{"damage":1,"enemies":"Cultist","floor":4,"turns":5},{"damage":56,"enemies":"Gremlin Nob","floor":6,"turns":5},{"damage":19,"enemies":"3 Sentries","floor":8,"turns":11},{"damage":24,"enemies":"Gremlin Nob","floor":10,"turns":4},{"damage":3,"enemies":"2 Fungi Beasts","floor":12,"turns":3},{"damage":3,"enemies":"Looter","floor":13,"turns":3},{"damage":24,"enemies":"Exordium Thugs","floor":14,"turns":7},{"damage":34,"enemies":"The Guardian","floor":16,"turns":16},{"damage":27,"enemies":"Chosen","floor":18,"turns":6},{"damage":59,"enemies":"Masked Bandits","floor":20,"turns":3}],"seed_played":"3721555451735307450","potions_obtained":[{"floor":3,"key":"Dexterity Potion"},{"floor":6,"key":"Energy Potion"},{"floor":12,"key":"BloodPotion"},{"floor":13,"key":"Weak Potion"},{"floor":14,"key":"AttackPotion"}],"is_trial":false,"path_per_floor":["M","?","M","M","?","E","R","E","T","E","$","M","M","M","R","B",null,"M","?","?"],"character_chosen":"IRONCLAD","items_purchased":["Rampage"],"campfire_rested":2,"item_purchase_floors":[11],"current_hp_per_floor":[68,68,55,60,65,15,39,26,33,15,15,18,21,11,37,9,68,47,47,0],"gold":211,"neow_bonus":"ONE_RANDOM_RARE_CARD","is_prod":false,"is_daily":false,"chose_seed":false,"campfire_upgraded":0,"win_rate":0,"timestamp":1557778321,"path_taken":["M","?","M","M","?","E","R","E","T","E","?","?","M","M","R","BOSS","M","?","?"],"build_version":"2019-01-23","purchased_purges":1,"victory":false,"max_hp_per_floor":[75,75,75,75,80,80,80,80,87,87,87,87,87,87,87,87,87,87,87,87],"card_choices":[{"not_picked":["Headbutt","Sword Boomerang"],"picked":"Anger","floor":1},{"not_picked":["Clash","Iron Wave"],"picked":"Flame Barrier","floor":3},{"not_picked":["Dropkick","Fire Breathing"],"picked":"Cleave","floor":4},{"not_picked":["Anger","Berserk"],"picked":"Shrug It Off","floor":6},{"not_picked":["Perfected Strike","Warcry"],"picked":"Fiend Fire","floor":8},{"not_picked":["Sword Boomerang","Pummel","Twin Strike"],"picked":"SKIP","floor":10},{"not_picked":["Havoc","Body Slam"],"picked":"Shrug It Off","floor":12},{"not_picked":["Hemokinesis","Carnage","Seeing Red"],"picked":"SKIP","floor":13},{"not_picked":["Clothesline","Twin Strike"],"picked":"Metallicize","floor":14},{"not_picked":["Brutality","Dark Embrace"],"picked":"Juggernaut","floor":16},{"not_picked":["Rupture","Second Wind","Havoc"],"picked":"SKIP","floor":18}],"player_experience":962169,"relics_obtained":[{"floor":6,"key":"Pen Nib"},{"floor":8,"key":"Letter Opener"},{"floor":9,"key":"Strawberry"},{"floor":10,"key":"Orichalcum"}],"event_choices":[{"damage_healed":0,"gold_gain":0,"cards_transformed":["Berserk"],"player_choice":"Change","damage_taken":0,"max_hp_gain":0,"max_hp_loss":0,"event_name":"Living Wall","floor":2,"gold_loss":0,"cards_obtained":["Second Wind"]},{"damage_healed":0,"gold_gain":0,"player_choice":"Donut","damage_taken":0,"max_hp_gain":5,"max_hp_loss":0,"event_name":"Big Fish","floor":5,"gold_loss":0},{"damage_healed":0,"gold_gain":0,"player_choice":"Read","damage_taken":0,"max_hp_gain":0,"max_hp_loss":0,"event_name":"The Library","floor":19,"gold_loss":0,"cards_obtained":["Corruption"]},{"damage_healed":0,"gold_gain":0,"player_choice":"Fought Bandits","damage_taken":0,"max_hp_gain":0,"max_hp_loss":0,"event_name":"Masked Bandits","floor":20,"gold_loss":0}],"is_beta":false,"boss_relics":[{"not_picked":["Runic Pyramid","Fusion Hammer"],"picked":"Astrolabe"}],"items_purged_floors":[11],"is_endless":false,"potions_floor_spawned":[3,6,12,13,14],"killed_by":"Masked Bandits","ascension_level":20}