{"gold_per_floor":[117,117,117,67,67,67,67,67,67,102,118,118,133,151,151,280,280,301,325,600,142,158,158,192,192,245,315,315,353,366,291,291,420,420,439,460,529,654,654,654,687,700,753,753,769,790,468,468,468,468],"floor_reached":51,"playtime":4094,"items_purged":["Regret","Strike_B"],"score":816,"play_id":"7667b76f-ee29-4b16-a9ab-12e9fbcc841e","local_time":"20190801192144","is_ascension_mode":true,"campfire_choices":[{"data":"Zap","floor":6.0,"key":"SMITH"},{"data":"Defend_B","floor":8.0,"key":"SMITH"},{"data":"White Noise","floor":15.0,"key":"SMITH"},{"data":"Defragment","floor":23.0,"key":"SMITH"},{"data":"Electrodynamics","floor":25.0,"key":"SMITH"},{"data":"Tempest","floor":32.0,"key":"SMITH"},{"floor":40,"key":"REST"},{"floor":49,"key":"REST"}],"neow_cost":"NONE","seed_source_timestamp":0,"circlet_count":0,"master_deck":["Strike_B","Defend_B+1","Defend_B+1","Defend_B","Defend_B","Zap+1","Dualcast+1","Leap","Tempest+1","White Noise+1","Self Repair","Electrodynamics+1","Reinforced Body+1","Cold Snap","Defragment+1","Sunder","Conserve Battery+1","Lockon","Heatsinks","Melter+1","Creative AI","Conserve Battery+1","Stack","Consume","Storm+1","Consume","Loop"],"special_seed":0,"relics":["Cracked Core","NeowsBlessing","Golden Idol","Darkstone Periapt","Gambling Chip","Torii","Nuclear Battery","Turnip","Dodecahedron","Tiny Chest","WarpedTongs","Bronze Scales","Inserter","FossilizedHelix","Du-Vu Doll","Omamori","Strawberry","Anchor"],"potions_floor_usage":[37,37,50],"damage_taken":[{"damage":0.0,"enemies":"Jaw Worm","floor":1.0,"turns":1.0},{"damage":0.0,"enemies":"Lagavulin","floor":10.0,"turns":1.0},{"damage":0.0,"enemies":"Small Slimes","floor":11.0,"turns":1.0},{"damage":0.0,"enemies":"Cultist","floor":13.0,"turns":3.0},{"damage":0.0,"enemies":"3 Louse","floor":14.0,"turns":3.0},{"damage":7.0,"enemies":"The Guardian","floor":16.0,"turns":14.0},{"damage":13.0,"enemies":"Shell Parasite","floor":18.0,"turns":3.0},{"damage":0.0,"enemies":"Spheric Guardian","floor":19.0,"turns":3.0},{"damage":11.0,"enemies":"Shelled Parasite and Fungi","floor":22.0,"turns":6.0},{"damage":19.0,"enemies":"Slavers","floor":24.0,"turns":3.0},{"damage":25.0,"enemies":"Book of Stabbing","floor":27.0,"turns":7.0},{"damage":1.0,"enemies":"Slavers","floor":29.0,"turns":3.0},{"damage":5.0,"enemies":"Centurion and Healer","floor":30.0,"turns":3.0},{"damage":50.0,"enemies":"Automaton","floor":33.0,"turns":10.0},{"damage":17.0,"enemies":"3 Darklings","floor":35.0,"turns":4.0},{"damage":15.0,"enemies":"Orb Walker","floor":36.0,"turns":3.0},{"damage":49,"enemies":"2 Orb Walkers","floor":37,"turns":5},{"damage":0,"enemies":"Mind Bloom Boss Battle","floor":38,"turns":6},{"damage":30,"enemies":"Nemesis","floor":41,"turns":5},{"damage":0,"enemies":"Jaw Worm Horde","floor":42,"turns":4},{"damage":0,"enemies":"4 Shapes","floor":45,"turns":2},{"damage":24,"enemies":"Maw","floor":46,"turns":5},{"damage":28,"enemies":"Donu and Deca","floor":50,"turns":6}],"seed_played":"2400324074852295221","potions_obtained":[{"floor":11.0,"key":"Dexterity Potion"},{"floor":13.0,"key":"Dexterity Potion"},{"floor":14.0,"key":"Fire Potion"},{"floor":27.0,"key":"Block Potion"},{"floor":29.0,"key":"FairyPotion"},{"floor":35.0,"key":"Regen Potion"},{"floor":37,"key":"SkillPotion"},{"floor":42,"key":"Energy Potion"}],"is_trial":false,"path_per_floor":["M","$","?","?","?","R","?","R","T","E","M","?","M","M","R","B",null,"M","M","?","$","M","R","E","R","T","E","?","E","M","?","R","B",null,"M","M","?","?","?","R","E","M","T","?","M","M","$","?","R","B",null],"character_chosen":"DEFECT","items_purchased":["Defragment","Turnip","Loop","Anchor"],"campfire_rested":2,"item_purchase_floors":[21,21,47,47],"current_hp_per_floor":[75,75,75,75,60,60,66,66,66,66,66,59,59,59,59,59,81,75,81,87,87,83,83,71,71,71,53,59,65,60,60,60,17,93,76,61,21,28,28,55,39,49,56,56,56,42,42,42,72,44],"gold":468,"neow_bonus":"THREE_ENEMY_KILL","is_prod":false,"is_daily":false,"chose_seed":false,"campfire_upgraded":6,"win_rate":0,"timestamp":1564676504,"path_taken":["M","$","?","?","?","R","?","R","T","E","M","?","M","M","R","BOSS","M","M","?","$","?","R","E","R","T","E","?","E","?","?","R","BOSS","M","M","?","?","?","R","E","M","T","?","?","M","$","?","R","BOSS"],"build_version":"2019-07-17","purchased_purges":2,"victory":true,"max_hp_per_floor":[75,75,75,75,75,75,81,81,81,81,81,81,81,81,81,81,81,81,81,87,87,87,87,87,87,87,87,93,93,93,93,93,93,93,93,93,93,93,93,93,93,93,100,100,100,100,100,100,100,100],"card_choices":[{"not_picked":["Rebound","Hologram","Streamline"],"picked":"SKIP","floor":1.0},{"not_picked":["Reboot","Darkness"],"picked":"Leap","floor":10.0},{"not_picked":["Streamline","Steam"],"picked":"Tempest","floor":11.0},{"not_picked":["Blizzard","Steam"],"picked":"White Noise","floor":13.0},{"not_picked":["Reinforced Body","Double Energy"],"picked":"Self Repair","floor":14.0},{"not_picked":["Thunder Strike","Buffer"],"picked":"Electrodynamics","floor":16.0},{"not_picked":["Barrage","Beam Cell+1"],"picked":"Reinforced Body+1","floor":18.0},{"not_picked":["Gash","Barrage"],"picked":"Cold Snap","floor":19.0},{"not_picked":["Barrage","Ball Lightning"],"picked":"Sunder","floor":22.0},{"not_picked":["Stack","Steam Power"],"picked":"Conserve Battery+1","floor":24.0},{"not_picked":["Coolheaded","Fusion"],"picked":"Lockon","floor":27.0},{"not_picked":["Force Field+1","Meteor Strike"],"picked":"Heatsinks","floor":29.0},{"not_picked":["Rebound","Coolheaded+1"],"picked":"Melter+1","floor":30.0},{"not_picked":["Meteor Strike","Machine Learning"],"picked":"Creative AI","floor":33.0},{"not_picked":["Sunder+1","Compile Driver"],"picked":"Conserve Battery+1","floor":35.0},{"not_picked":["Gash","Redo+1","Doom and Gloom+1"],"picked":"SKIP","floor":36.0},{"not_picked":["Coolheaded","Streamline+1"],"picked":"Stack","floor":37},{"not_picked":["Scrape","Compile Driver"],"picked":"Consume","floor":38},{"not_picked":["Go for the Eyes","Rip and Tear","Conserve Battery+1"],"picked":"SKIP","floor":41},{"not_picked":["Capacitor","Cold Snap"],"picked":"Storm+1","floor":42},{"not_picked":["Creative AI","Leap"],"picked":"Consume","floor":45},{"not_picked":["Ball Lightning","Cold Snap","Rebound"],"picked":"SKIP","floor":46}],"player_experience":149726,"relics_obtained":[{"floor":9.0,"key":"Gambling Chip"},{"floor":10.0,"key":"Torii"},{"floor":24.0,"key":"Dodecahedron"},{"floor":27.0,"key":"Tiny Chest"},{"floor":29.0,"key":"Bronze Scales"},{"floor":37,"key":"FossilizedHelix"},{"floor":38,"key":"Du-Vu Doll"},{"floor":41,"key":"Omamori"},{"floor":43,"key":"Strawberry"}],"event_choices":[{"damage_healed":0.0,"max_hp_gain":0.0,"max_hp_loss":0.0,"gold_gain":0.0,"event_name":"Golden Idol","player_choice":"Take Wound","floor":3.0,"gold_loss":0.0,"damage_taken":0.0,"relics_obtained":["Golden Idol"],"cards_obtained":["Injury"]},{"cards_removed":["Injury"],"damage_healed":0.0,"max_hp_gain":0.0,"max_hp_loss":0.0,"gold_gain":0.0,"event_name":"The Cleric","player_choice":"Card Removal","floor":4.0,"gold_loss":50.0,"damage_taken":0.0},{"damage_healed":0.0,"max_hp_gain":0.0,"max_hp_loss":0.0,"gold_gain":0.0,"event_name":"Shining Light","player_choice":"Entered Light","floor":5.0,"gold_loss":0.0,"damage_taken":15.0,"cards_upgraded":["Dualcast","Defend_B"]},{"damage_healed":0.0,"max_hp_gain":0.0,"max_hp_loss":0.0,"gold_gain":0.0,"event_name":"Big Fish","player_choice":"Box","floor":7.0,"gold_loss":0.0,"damage_taken":0.0,"relics_obtained":["Darkstone Periapt"],"cards_obtained":["Regret"]},{"cards_removed":["Regret"],"damage_healed":0.0,"max_hp_gain":0.0,"max_hp_loss":0.0,"gold_gain":0.0,"event_name":"Golden Wing","player_choice":"Card Removal","floor":12.0,"gold_loss":0.0,"damage_taken":7.0},{"damage_healed":0.0,"max_hp_gain":0.0,"max_hp_loss":0.0,"gold_gain":275.0,"event_name":"Golden Shrine","player_choice":"Desecrate","floor":20.0,"gold_loss":0.0,"damage_taken":0.0,"cards_obtained":["Regret"]},{"damage_healed":0.0,"max_hp_gain":0.0,"max_hp_loss":0.0,"gold_gain":0.0,"event_name":"Accursed Blacksmith","player_choice":"Rummage","floor":28.0,"gold_loss":0.0,"damage_taken":0.0,"relics_obtained":["WarpedTongs"],"cards_obtained":["Pain"]},{"cards_removed":["Pain"],"damage_healed":0.0,"max_hp_gain":0.0,"max_hp_loss":0.0,"gold_gain":0.0,"event_name":"Beggar","player_choice":"Gave Gold","floor":31.0,"gold_loss":75.0,"damage_taken":0.0},{"damage_healed":0,"gold_gain":0,"player_choice":"Fight","damage_taken":0,"max_hp_gain":0,"max_hp_loss":0,"event_name":"Mysterious Sphere","floor":37,"gold_loss":0},{"damage_healed":0,"gold_gain":0,"player_choice":"Fight","damage_taken":0,"max_hp_gain":0,"max_hp_loss":0,"event_name":"MindBloom","floor":38,"gold_loss":0},{"cards_removed":["Strike_B"],"damage_healed":0,"gold_gain":0,"player_choice":"Removed Attack","damage_taken":0,"max_hp_gain":0,"max_hp_loss":0,"event_name":"Falling","floor":39,"gold_loss":0},{"damage_healed":0,"gold_gain":0,"player_choice":"Ignored","damage_taken":0,"max_hp_gain":0,"max_hp_loss":0,"event_name":"Tomb of Lord Red Mask","floor":44,"gold_loss":0},{"cards_removed":["Strike_B"],"damage_healed":0,"gold_gain":0,"player_choice":"Purged","damage_taken":0,"max_hp_gain":0,"max_hp_loss":0,"event_name":"Purifier","floor":48,"gold_loss":0}],"is_beta":false,"boss_relics":[{"not_picked":["White Beast Statue","Sozu"],"picked":"Nuclear Battery"},{"not_picked":["Empty Cage","Fusion Hammer"],"picked":"Inserter"}],"items_purged_floors":[21,47],"is_endless":false,"potions_floor_spawned":[11,13,14,16,18,22,27,29,33,35,37,42],"ascension_level":1}