{"path_per_floor":["M","?","?","M","M","E","M","R","T","M","?","M","M","E","R"],"character_chosen":"THE_SILENT","items_purchased":[],"gold_per_floor":[110,110,110,128,140,168,185,185,267,278,278,292,306,340,340],"floor_reached":16,"campfire_rested":2,"playtime":2259,"current_hp_per_floor":[63,63,63,52,52,23,10,31,31,30,35,34,34,11,33],"items_purged":[],"gold":340,"play_id":"51e5cee3-0806-4eab-ae02-c71cfda55971","is_prod":false,"is_daily":false,"is_ascension_mode":false,"campfire_upgraded":0,"path_taken":["M","?","?","M","M","E","?","R","T","M","?","M","M","E","R","BOSS"],"build_version":"2018-02-01-PROD3","purchased_purges":0,"victory":false,"master_deck":["Defend_G","Defend_G","Defend_G","Defend_G","Defend_G","Strike_G","Strike_G","Strike_G","Strike_G","Strike_G","Survivor","Neutralize","Phantasmal Killer","Backflip","Outmaneuver","Acrobatics","Calculated Gamble","Escape Plan","Acrobatics","Escape Plan"],"max_hp_per_floor":[70,70,70,70,70,70,70,70,70,70,75,75,75,75,75],"relics":["Ring of the Snake","Lantern","Tough Bandages","Orichalcum"],"card_choices":[{"not_picked":["Dagger Spray","Blade Dance"],"picked":"Backflip"},{"not_picked":["All Out Attack","Malaise"],"picked":"Outmaneuver"},{"not_picked":["Caltrops","PiercingWail"],"picked":"Acrobatics"},{"not_picked":["Escape Plan","Backstab"],"picked":"Calculated Gamble"},{"not_picked":["Flying Knee","Crippling Poison"],"picked":"Escape Plan"},{"not_picked":["Slice","Flechettes"],"picked":"Acrobatics"},{"not_picked":["Acrobatics","Deadly Poison"],"picked":"Escape Plan"}],"player_experience":54306,"potions_floor_usage":[14,14,16],"damage_taken":[{"damage":7.0,"enemies":"Jaw Worm","floor":1.0,"turns":6.0},{"damage":11.0,"enemies":"Blue Slaver","floor":4.0,"turns":3.0},{"damage":0.0,"enemies":"2 Louse","floor":5.0,"turns":3.0},{"damage":41.0,"enemies":"Gremlin Nob","floor":6.0,"turns":6.0},{"damage":13.0,"enemies":"Lots of Slimes","floor":7.0,"turns":6.0},{"damage":1.0,"enemies":"Exordium Wildlife","floor":10.0,"turns":4.0},{"damage":1.0,"enemies":"Gremlin Gang","floor":12.0,"turns":5.0},{"damage":0.0,"enemies":"3 Louse","floor":13.0,"turns":6.0},{"damage":23,"enemies":"Lagavulin","floor":14,"turns":9},{"damage":33,"enemies":"Hexaghost","floor":16,"turns":11}],"event_choices":[{"event_name":"Accursed Blacksmith","player_choice":"Ignore","floor":2.0,"damage_taken":0.0},{"event_name":"The Woman in Blue","player_choice":"Bought 0 Potions","floor":3.0,"damage_taken":0.0},{"event_name":"Big Fish","player_choice":"Donut","floor":11.0,"damage_taken":0.0}],"boss_relics":[],"potions_floor_spawned":[4,5,10,12,13],"seed_played":"-4535070103053470665","killed_by":"Hexaghost","ascension_level":0,"is_trial":false}