{"gold_per_floor":[118,293,312,50,65,65,142,142,142,92,107,107,107,148,148,278,278,293,316,316,340,363,363,388,388,415,415,440,455,455,455,455,578,578,592,608,608,508,508,508],"floor_reached":40,"playtime":3034,"items_purged":["Doubt","Strike_G"],"score":668,"play_id":"6260156e-5ef2-43c9-a409-34ed077fda97","local_time":"20190727095152","is_ascension_mode":true,"campfire_choices":[{"data":"Footwork","floor":6,"key":"SMITH"},{"data":"Neutralize","floor":8,"key":"SMITH"},{"data":"Well Laid Plans","floor":13,"key":"SMITH"},{"data":"Impatience","floor":15,"key":"SMITH"},{"data":"Footwork","floor":23,"key":"SMITH"},{"data":"Caltrops","floor":25,"key":"SMITH"},{"floor":27,"key":"REST"},{"data":"After Image","floor":30,"key":"SMITH"},{"data":"Ghostly","floor":32,"key":"SMITH"}],"neow_cost":"NONE","seed_source_timestamp":498871596509800,"circlet_count":0,"master_deck":["AscendersBane","Strike_G","Strike_G","Strike_G","Defend_G","Defend_G","Defend_G","Defend_G","Defend_G","Survivor","Neutralize+1","Sucker Punch","Dagger Throw","PiercingWail","Well Laid Plans+1","Backflip","Footwork+1","Underhanded Strike","Impatience+1","Deadly Poison+1","Adrenaline","Injury","Adrenaline","Heel Hook","Blur+1","Footwork+1","Caltrops+1","Doubt","Outmaneuver+1","After Image+1","Ghostly+1","Ghostly","Ghostly","Ghostly","Ghostly","Doppelganger","Tactician"],"relics":["Orrery","Tiny Chest","Blue Candle","Golden Idol","Girya","Cursed Key","Boot","Busted Crown"],"potions_floor_usage":[14,16,22],"damage_taken":[{"damage":0,"enemies":"Small Slimes","floor":1,"turns":4},{"damage":0,"enemies":"Jaw Worm","floor":3,"turns":4},{"damage":5,"enemies":"2 Louse","floor":5,"turns":3},{"damage":0,"enemies":"Exordium Thugs","floor":11,"turns":6},{"damage":39,"enemies":"Gremlin Nob","floor":14,"turns":5},{"damage":11,"enemies":"Hexaghost","floor":16,"turns":15},{"damage":12,"enemies":"Chosen","floor":18,"turns":7},{"damage":9,"enemies":"Spheric Guardian","floor":19,"turns":7},{"damage":6,"enemies":"3 Cultists","floor":21,"turns":9},{"damage":19,"enemies":"Sentry and Sphere","floor":22,"turns":10},{"damage":1,"enemies":"Snake Plant","floor":24,"turns":7},{"damage":4,"enemies":"Shelled Parasite and Fungi","floor":28,"turns":8},{"damage":4,"enemies":"Cultist and Chosen","floor":29,"turns":10},{"damage":33,"enemies":"Champ","floor":33,"turns":18},{"damage":2,"enemies":"3 Darklings","floor":35,"turns":10},{"damage":2,"enemies":"Orb Walker","floor":36,"turns":6},{"damage":25,"enemies":"Giant Head","floor":40,"turns":9}],"seed_played":"9158122475289990493","potions_obtained":[{"floor":1,"key":"LiquidBronze"},{"floor":5,"key":"Weak Potion"},{"floor":21,"key":"Regen Potion"},{"floor":28,"key":"Energy Potion"},{"floor":29,"key":"SteroidPotion"},{"floor":35,"key":"Energy Potion"},{"floor":36,"key":"EssenceOfSteel"}],"is_trial":false,"path_per_floor":["M","?","M","$","M","R","T","R","T","?","M","?","R","E","R","B",null,"M","M","?","M","M","R","M","R","T","R","M","M","R","?","R","B",null,"M","M","?","$","?","E"],"character_chosen":"THE_SILENT","items_purchased":["Footwork","Underhanded Strike","Impatience"],"campfire_rested":1,"item_purchase_floors":[4,4,4],"current_hp_per_floor":[63,63,63,63,58,58,58,58,58,58,58,58,58,19,19,8,55,43,34,34,28,24,24,23,23,23,44,40,36,36,35,35,2,27,25,23,23,23,23,0],"gold":508,"neow_bonus":"BOSS_RELIC","is_prod":false,"is_daily":false,"chose_seed":false,"campfire_upgraded":8,"win_rate":0,"timestamp":1564235512,"path_taken":["M","?","M","$","M","R","?","R","T","?","M","?","R","E","R","BOSS","M","M","?","M","M","R","M","R","T","R","?","M","R","?","R","BOSS","M","M","?","$","?","E"],"build_version":"2019-07-17","purchased_purges":2,"victory":false,"max_hp_per_floor":[70,70,70,70,70,70,70,70,70,70,70,70,70,70,70,70,70,70,70,70,70,70,70,70,70,70,70,70,70,70,35,35,35,35,35,35,35,35,35,35],"card_choices":[{"not_picked":["Endless Agony","Riddle With Holes"],"picked":"Sucker Punch","floor":0},{"not_picked":["Dodge and Roll","Acrobatics"],"picked":"Dagger Throw","floor":0},{"not_picked":["Bane","All Out Attack"],"picked":"PiercingWail","floor":0},{"not_picked":["Riddle With Holes","Backstab"],"picked":"Well Laid Plans","floor":0},{"not_picked":["Riddle With Holes","Blade Dance","Setup"],"picked":"SKIP","floor":1},{"not_picked":["Prepared","Catalyst"],"picked":"Backflip","floor":3},{"not_picked":["Flying Knee","Crippling Poison"],"picked":"Deadly Poison","floor":5},{"not_picked":["Prepared","Poisoned Stab"],"picked":"Adrenaline","floor":11},{"not_picked":["Slice","Finisher","Wraith Form v2"],"picked":"SKIP","floor":14},{"not_picked":["Die Die Die","Envenom"],"picked":"Adrenaline","floor":16},{"not_picked":["Escape Plan","Bouncing Flask+1"],"picked":"Heel Hook","floor":18},{"not_picked":["Infinite Blades","Blade Dance","Flying Knee"],"picked":"SKIP","floor":19},{"not_picked":["All Out Attack","Poisoned Stab"],"picked":"Blur+1","floor":21},{"not_picked":["Calculated Gamble+1","Prepared"],"picked":"Footwork","floor":22},{"not_picked":["Backstab","Sucker Punch"],"picked":"Caltrops","floor":24},{"not_picked":["Flying Knee","Bouncing Flask"],"picked":"Outmaneuver+1","floor":28},{"not_picked":["Bane","Expertise"],"picked":"After Image","floor":29},{"not_picked":["Bullet Time","Storm of Steel"],"picked":"Doppelganger","floor":33},{"not_picked":[],"picked":"Tactician","floor":35},{"not_picked":["Slice"],"picked":"SKIP","floor":36}],"player_experience":541175,"relics_obtained":[{"floor":7,"key":"Tiny Chest"},{"floor":9,"key":"Blue Candle"},{"floor":14,"key":"Girya"},{"floor":26,"key":"Boot"}],"event_choices":[{"damage_healed":0,"gold_gain":175,"player_choice":"AGREE","damage_taken":0,"max_hp_gain":0,"max_hp_loss":0,"event_name":"Liars Game","floor":2,"gold_loss":0,"cards_obtained":["Doubt"]},{"cards_removed":["Strike_G"],"damage_healed":0,"gold_gain":0,"player_choice":"Card Removal","damage_taken":0,"max_hp_gain":0,"max_hp_loss":0,"event_name":"The Cleric","floor":10,"gold_loss":50},{"damage_healed":0,"gold_gain":0,"player_choice":"Take Wound","damage_taken":0,"relics_obtained":["Golden Idol"],"max_hp_gain":0,"max_hp_loss":0,"event_name":"Golden Idol","floor":12,"gold_loss":0,"cards_obtained":["Injury"]},{"damage_healed":0,"gold_gain":0,"player_choice":"Forge","damage_taken":0,"max_hp_gain":0,"max_hp_loss":0,"event_name":"Accursed Blacksmith","floor":20,"gold_loss":0,"cards_upgraded":["Deadly Poison"]},{"damage_healed":0,"gold_gain":0,"player_choice":"Became a Ghost","damage_taken":0,"max_hp_gain":0,"max_hp_loss":35,"event_name":"Ghosts","floor":31,"gold_loss":0,"cards_obtained":["Ghostly","Ghostly","Ghostly","Ghostly","Ghostly"]},{"damage_healed":0,"gold_gain":0,"player_choice":"Ignored","damage_taken":0,"max_hp_gain":0,"max_hp_loss":0,"event_name":"Tomb of Lord Red Mask","floor":37,"gold_loss":0},{"damage_healed":0,"gold_gain":0,"player_choice":"Memory 1","damage_taken":0,"max_hp_gain":0,"max_hp_loss":0,"event_name":"SensoryStone","floor":39,"gold_loss":0}],"is_beta":false,"boss_relics":[{"not_picked":["Coffee Dripper","Snecko Eye"],"picked":"Cursed Key"},{"not_picked":["Fusion Hammer","Tiny House"],"picked":"Busted Crown"}],"items_purged_floors":[4,38],"is_endless":false,"potions_floor_spawned":[1,5,21,28,29,33,35,36],"killed_by":"Giant Head","ascension_level":12}