{"gold_per_floor":[109,122,72,72,92,92,108,123,123,123,33,33,8,23,23,126,126,141,154,154,154,67,67,87,87,87,87,102,114,139,19,19,19],"floor_reached":33,"playtime":1688,"items_purged":[],"score":262,"play_id":"801de739-62d5-44f4-8338-e8fbe987536b","local_time":"20190106220934","is_ascension_mode":false,"campfire_choices":[{"data":"Zap","floor":6,"key":"SMITH"},{"data":"Hologram","floor":10,"key":"SMITH"},{"data":"Dualcast","floor":12,"key":"SMITH"},{"data":"Echo Form","floor":15,"key":"SMITH"},{"data":"Hello World","floor":23,"key":"SMITH"},{"floor":25,"key":"RECALL"},{"floor":27,"key":"REST"},{"floor":32,"key":"REST"}],"neow_cost":"NONE","seed_source_timestamp":683310011072120,"circlet_count":0,"master_deck":["Zap+1","Dualcast+1","Hologram+1","Melter","Steam","Loop","Cold Snap","White Noise+1","Turbo+1","Ball Lightning","Echo Form+1","Seek+1","Force Field+1","Reprogram+1","Cold Snap","Rebound","Biased Cognition","Hologram+1","Conserve Battery+1","Reboot+1","Heatsinks","Hello World+1","Hologram+1","Chaos+1","Capacitor+1","Undo+1","All For One+1","Hologram+1"],"relics":["Cracked Core","NeowsBlessing","Toxic Egg 2","Pandora\u0027s Box","Molten Egg 2"],"potions_floor_usage":[7,8,16,28,29,29,33,33],"damage_taken":[{"damage":0,"enemies":"Jaw Worm","floor":1,"turns":1},{"damage":0,"enemies":"Small Slimes","floor":2,"turns":1},{"damage":0,"enemies":"Cultist","floor":5,"turns":1},{"damage":12,"enemies":"Gremlin Gang","floor":7,"turns":2},{"damage":0,"enemies":"Blue Slaver","floor":8,"turns":3},{"damage":3,"enemies":"Looter","floor":14,"turns":3},{"damage":44,"enemies":"Hexaghost","floor":16,"turns":6},{"damage":30,"enemies":"2 Thieves","floor":18,"turns":5},{"damage":0,"enemies":"Spheric Guardian","floor":19,"turns":2},{"damage":29,"enemies":"Colosseum Slavers","floor":20,"turns":3},{"damage":7,"enemies":"Centurion and Healer","floor":24,"turns":8},{"damage":0,"enemies":"3 Cultists","floor":28,"turns":4},{"damage":29,"enemies":"Shelled Parasite and Fungi","floor":29,"turns":4},{"damage":25,"enemies":"Automaton","floor":33,"turns":4}],"seed_played":"-7596648773120029350","potions_obtained":[{"floor":2,"key":"AttackPotion"},{"floor":5,"key":"Explosive Potion"},{"floor":8,"key":"PowerPotion"},{"floor":18,"key":"EssenceOfSteel"},{"floor":24,"key":"SkillPotion"},{"floor":28,"key":"EntropicBrew"}],"is_trial":false,"path_per_floor":["M","M","?","?","M","R","M","M","T","R","$","R","$","M","R","B",null,"M","M","?","?","$","R","M","R","T","R","M","M","T","$","R","B"],"character_chosen":"DEFECT","items_purchased":["White Noise+1","Turbo+1","Ball Lightning","Hello World","Hologram+1","All For One+1","Hologram+1"],"campfire_rested":2,"item_purchase_floors":[11,11,13,22,22,31,31],"current_hp_per_floor":[75,75,75,75,75,75,63,63,63,63,63,63,63,60,60,16,75,45,45,16,16,16,16,9,9,9,31,31,2,2,2,24,0],"gold":19,"neow_bonus":"THREE_ENEMY_KILL","is_prod":false,"is_daily":false,"chose_seed":false,"campfire_upgraded":5,"win_rate":0,"timestamp":1546812574,"path_taken":["M","M","?","?","?","R","M","M","T","R","$","R","$","M","R","BOSS","M","?","?","?","?","R","M","R","T","R","?","M","?","$","R","BOSS"],"build_version":"2019-01-03v4","purchased_purges":0,"victory":false,"max_hp_per_floor":[75,75,75,75,75,75,75,75,75,75,75,75,75,75,75,75,75,75,75,75,75,75,75,75,75,75,75,75,75,75,75,75,75],"card_choices":[{"not_picked":["Chill","Chaos"],"picked":"Hologram","floor":1},{"not_picked":["Ball Lightning","Beam Cell"],"picked":"Melter","floor":2},{"not_picked":["Reinforced Body","Heatsinks"],"picked":"Steam","floor":5},{"not_picked":["Storm","Coolheaded"],"picked":"Loop","floor":7},{"not_picked":["Aggregate","Turbo"],"picked":"Cold Snap","floor":8},{"not_picked":["Beam Cell","Lockon"],"picked":"Echo Form","floor":14},{"not_picked":["Creative AI","Core Surge"],"picked":"Seek+1","floor":16},{"not_picked":["Chaos+1","Skim+1"],"picked":"Hologram+1","floor":18},{"not_picked":["Stack+1","Fission+1"],"picked":"Conserve Battery+1","floor":19},{"not_picked":["Ball Lightning","Gash"],"picked":"Chaos+1","floor":24},{"not_picked":["Rip and Tear+1","Scrape+1"],"picked":"Capacitor+1","floor":28},{"not_picked":["Storm","Cold Snap+1"],"picked":"Undo+1","floor":29}],"player_experience":0,"relics_obtained":[{"floor":9,"key":"Toxic Egg 2"},{"floor":26,"key":"Molten Egg 2"}],"event_choices":[{"cards_removed":["Strike_B"],"damage_healed":0,"gold_gain":0,"player_choice":"Card Removal","damage_taken":0,"max_hp_gain":0,"max_hp_loss":0,"event_name":"The Cleric","floor":3,"gold_loss":50},{"damage_healed":0,"gold_gain":0,"player_choice":"Bought 0 Potions","damage_taken":0,"max_hp_gain":0,"max_hp_loss":0,"event_name":"The Woman in Blue","floor":4,"gold_loss":0},{"damage_healed":0,"gold_gain":0,"player_choice":"Fight","damage_taken":0,"max_hp_gain":0,"max_hp_loss":0,"event_name":"Colosseum","floor":20,"gold_loss":0},{"damage_healed":0,"gold_gain":0,"player_choice":"Fled From Nobs","damage_taken":0,"max_hp_gain":0,"max_hp_loss":0,"event_name":"Colosseum","floor":20,"gold_loss":0},{"damage_healed":0,"gold_gain":0,"cards_transformed":["Gash","Amplify"],"player_choice":"Became Test Subject","damage_taken":0,"max_hp_gain":0,"max_hp_loss":0,"event_name":"Drug Dealer","floor":21,"gold_loss":0,"cards_obtained":["Reboot","Heatsinks"]}],"is_beta":false,"boss_relics":[{"not_picked":["Philosopher\u0027s Stone","Lizard Tail"],"picked":"Pandora\u0027s Box"}],"items_purged_floors":[],"is_endless":false,"potions_floor_spawned":[2,5,8,18,24,28],"killed_by":"Automaton","ascension_level":0}