{"gold_per_floor":[111,129,16,29,49,75,75,95,144,144,163,195,195,195,195,293,293,277,287,39,57,73,73],"floor_reached":23,"playtime":1607,"items_purged":["Strike_G"],"score":246,"play_id":"c8754290-aba7-4ebd-8c0f-e4b565d9a719","local_time":"20190718201224","is_ascension_mode":true,"campfire_choices":[{"floor":7,"key":"REST"},{"floor":10,"key":"REST"},{"data":"Blade Dance","floor":15,"key":"SMITH"}],"neow_cost":"TEN_PERCENT_HP_LOSS","seed_source_timestamp":171239128223700,"circlet_count":0,"master_deck":["Strike_G","Strike_G","Strike_G","Defend_G","Defend_G","Defend_G","Defend_G","Defend_G","Survivor","Neutralize","Riddle With Holes","PiercingWail","Footwork","Backflip","Cloak And Dagger","Crippling Poison","Terror","Caltrops","Masterful Stab","Blade Dance+1","Tools of the Trade","Dagger Spray","Blade Dance+1","Infinite Blades","Glass Knife","Well Laid Plans","Accuracy"],"relics":["Ring of the Snake","Ginger","Blood Vial","Bronze Scales","Singing Bowl","Philosopher\u0027s Stone"],"potions_floor_usage":[5,16,22,23],"damage_taken":[{"damage":5,"enemies":"Cultist","floor":1,"turns":5},{"damage":0,"enemies":"2 Louse","floor":2,"turns":3},{"damage":2,"enemies":"Jaw Worm","floor":4,"turns":4},{"damage":24,"enemies":"Exordium Thugs","floor":5,"turns":7},{"damage":21,"enemies":"3 Sentries","floor":6,"turns":13},{"damage":3,"enemies":"Looter","floor":8,"turns":4},{"damage":4,"enemies":"Exordium Wildlife","floor":11,"turns":4},{"damage":3,"enemies":"Lagavulin","floor":12,"turns":9},{"damage":15,"enemies":"The Guardian","floor":16,"turns":12},{"damage":18,"enemies":"2 Thieves","floor":18,"turns":4},{"damage":15,"enemies":"Spheric Guardian","floor":19,"turns":4},{"damage":13,"enemies":"Centurion and Healer","floor":21,"turns":7},{"damage":6,"enemies":"Cultist and Chosen","floor":22,"turns":6},{"damage":27,"enemies":"Book of Stabbing","floor":23,"turns":4}],"seed_played":"8857338999421646120","potions_obtained":[{"floor":2,"key":"Explosive Potion"},{"floor":8,"key":"Energy Potion"},{"floor":11,"key":"Explosive Potion"},{"floor":18,"key":"Energy Potion"}],"is_trial":false,"path_per_floor":["M","M","$","M","M","E","R","M","T","R","M","E","?","?","R","B",null,"M","M","$","M","M","E"],"character_chosen":"THE_SILENT","items_purchased":["Footwork","Backflip","Infinite Blades","Glass Knife"],"campfire_rested":2,"item_purchase_floors":[3,3,20,20],"current_hp_per_floor":[58,58,58,56,32,11,29,28,28,46,44,43,43,43,43,30,63,45,32,32,21,17,0],"gold":73,"neow_bonus":"ONE_RARE_RELIC","is_prod":false,"is_daily":false,"chose_seed":false,"campfire_upgraded":1,"win_rate":0,"timestamp":1563495144,"path_taken":["M","M","$","M","M","E","R","M","T","R","M","E","?","?","R","BOSS","M","?","$","M","M","E"],"build_version":"2019-07-17","purchased_purges":1,"victory":false,"max_hp_per_floor":[63,63,63,63,63,63,63,63,63,63,63,63,63,63,63,63,63,63,63,63,63,63,63],"card_choices":[{"not_picked":["Quick Slash","Masterful Stab"],"picked":"Riddle With Holes","floor":1},{"not_picked":["Outmaneuver","Masterful Stab"],"picked":"PiercingWail","floor":2},{"not_picked":["Blur","Bane"],"picked":"Cloak And Dagger","floor":4},{"not_picked":["Dagger Spray","Underhanded Strike"],"picked":"Crippling Poison","floor":5},{"not_picked":["Deflect","Eviscerate"],"picked":"Terror","floor":6},{"not_picked":["Distraction","Riddle With Holes"],"picked":"Caltrops","floor":8},{"not_picked":["Dodge and Roll","Blade Dance"],"picked":"Masterful Stab","floor":11},{"not_picked":["Night Terror","Prepared"],"picked":"Blade Dance","floor":12},{"not_picked":["Glass Knife","Grand Finale"],"picked":"Tools of the Trade","floor":16},{"not_picked":["Deflect","Finisher"],"picked":"Dagger Spray","floor":18},{"not_picked":["Quick Slash+1","Slice"],"picked":"Blade Dance+1","floor":19},{"not_picked":["Blade Dance","Blur"],"picked":"Well Laid Plans","floor":21},{"not_picked":["Deflect","Dagger Spray+1"],"picked":"Accuracy","floor":22}],"player_experience":404241,"relics_obtained":[{"floor":6,"key":"Blood Vial"},{"floor":9,"key":"Bronze Scales"},{"floor":12,"key":"Singing Bowl"}],"event_choices":[{"damage_healed":0,"gold_gain":0,"player_choice":"Ignored","damage_taken":0,"max_hp_gain":0,"max_hp_loss":0,"event_name":"Golden Idol","floor":13,"gold_loss":0},{"cards_removed":["Strike_G"],"damage_healed":0,"gold_gain":0,"player_choice":"Offered Basic","damage_taken":0,"max_hp_gain":0,"max_hp_loss":0,"event_name":"Bonfire Elementals","floor":14,"gold_loss":0}],"is_beta":false,"boss_relics":[{"not_picked":["Calling Bell","Sozu"],"picked":"Philosopher\u0027s Stone"}],"items_purged_floors":[20],"is_endless":false,"potions_floor_spawned":[2,8,11,18],"killed_by":"Book of Stabbing","ascension_level":4}