{"gold_per_floor":[110,110,127,302,302,302,336,355,424,424,438,438,465,475,475,475],"floor_reached":16,"playtime":1064,"items_purged":[],"score":138,"play_id":"6d8c6db0-93b4-4488-ad31-3e8a0813beca","local_time":"20190802202219","is_ascension_mode":true,"campfire_choices":[{"data":"Backflip","floor":6,"key":"SMITH"},{"data":"All Out Attack","floor":12,"key":"SMITH"},{"data":"Prepared","floor":15,"key":"SMITH"}],"neow_cost":"CURSE","seed_source_timestamp":1928364301962880,"circlet_count":0,"master_deck":["Strike_G","Strike_G","Strike_G","Strike_G","Defend_G","Defend_G","Defend_G","Survivor","Neutralize","Clumsy","All Out Attack+1","Backflip+1","Backflip+1","Doubt","Die Die Die","Malaise+1","Malaise","Heel Hook","Prepared+1"],"relics":["Ring of the Snake","PreservedInsect","Ninja Scroll","War Paint"],"potions_floor_usage":[16,16],"damage_taken":[{"damage":0,"enemies":"Small Slimes","floor":1,"turns":3},{"damage":0,"enemies":"Cultist","floor":3,"turns":5},{"damage":29,"enemies":"3 Sentries","floor":7,"turns":8},{"damage":0,"enemies":"2 Louse","floor":8,"turns":1},{"damage":0,"enemies":"2 Fungi Beasts","floor":11,"turns":1},{"damage":12,"enemies":"Lagavulin","floor":13,"turns":9},{"damage":0,"enemies":"Exordium Thugs","floor":14,"turns":4},{"damage":49,"enemies":"Slime Boss","floor":16,"turns":14}],"seed_played":"-1703053254763167039","potions_obtained":[{"floor":13,"key":"PowerPotion"},{"floor":14,"key":"Dexterity Potion"}],"is_trial":false,"path_per_floor":["M","?","M","?","?","R","E","M","T","?","M","R","E","M","R","B"],"character_chosen":"THE_SILENT","items_purchased":[],"campfire_rested":0,"item_purchase_floors":[],"current_hp_per_floor":[70,80,80,80,80,80,51,51,51,51,51,51,39,39,39,0],"gold":475,"neow_bonus":"TRANSFORM_TWO_CARDS","is_prod":false,"is_daily":false,"chose_seed":false,"campfire_upgraded":3,"win_rate":0,"timestamp":1564766539,"path_taken":["M","?","?","?","?","R","E","?","T","?","?","R","E","M","R","BOSS"],"build_version":"2019-07-17","purchased_purges":0,"victory":false,"max_hp_per_floor":[70,80,80,80,80,80,80,80,80,80,80,80,80,80,80,80],"card_choices":[{"not_picked":["Deflect","Reflex"],"picked":"Backflip","floor":1},{"not_picked":["Quick Slash","Predator"],"picked":"Backflip","floor":3},{"not_picked":["Outmaneuver","Dagger Throw"],"picked":"Malaise","floor":7},{"not_picked":["Distraction","Bouncing Flask","Deflect"],"picked":"SKIP","floor":8},{"not_picked":["Underhanded Strike","Acrobatics","Dagger Throw"],"picked":"SKIP","floor":11},{"not_picked":["Storm of Steel","Masterful Stab"],"picked":"Heel Hook","floor":13},{"not_picked":["Blur","Expertise"],"picked":"Prepared","floor":14}],"player_experience":161980,"relics_obtained":[{"floor":7,"key":"PreservedInsect"},{"floor":9,"key":"Ninja Scroll"},{"floor":13,"key":"War Paint"}],"event_choices":[{"cards_removed":["Bullet Time"],"damage_healed":0,"gold_gain":0,"player_choice":"Offered Rare","damage_taken":0,"max_hp_gain":10,"max_hp_loss":0,"event_name":"Bonfire Elementals","floor":2,"gold_loss":0},{"damage_healed":0,"gold_gain":175,"player_choice":"AGREE","damage_taken":0,"max_hp_gain":0,"max_hp_loss":0,"event_name":"Liars Game","floor":4,"gold_loss":0,"cards_obtained":["Doubt"]},{"damage_healed":0,"gold_gain":0,"cards_transformed":["Defend_G"],"player_choice":"Change","damage_taken":0,"max_hp_gain":0,"max_hp_loss":0,"event_name":"Living Wall","floor":5,"gold_loss":0,"cards_obtained":["Die Die Die"]},{"damage_healed":0,"gold_gain":0,"player_choice":"1 cards matched","damage_taken":0,"max_hp_gain":0,"max_hp_loss":0,"event_name":"Match and Keep!","floor":10,"gold_loss":0,"cards_obtained":["Malaise"]}],"is_beta":false,"boss_relics":[],"items_purged_floors":[],"is_endless":false,"potions_floor_spawned":[13,14],"killed_by":"Slime Boss","ascension_level":5}