{"gold_per_floor":[114,114,15,30,40,75,90,90,113,63,11,23,23,50,50,50],"floor_reached":16,"playtime":768,"items_purged":[],"score":182,"play_id":"32c727ed-fa44-4d1e-b0cc-1c0b7581c808","local_time":"20190728120816","is_ascension_mode":true,"campfire_choices":[{"data":"Well Laid Plans","floor":8,"key":"SMITH"},{"floor":15,"key":"REST"}],"neow_cost":"TEN_PERCENT_HP_LOSS","seed_source_timestamp":595722834512700,"circlet_count":0,"master_deck":["AscendersBane","Strike_G","Strike_G","Strike_G","Strike_G","Defend_G","Defend_G","Defend_G","Defend_G","Defend_G","Survivor","Neutralize+1","Masterful Stab","Well Laid Plans+1","Slice","Deadly Poison","Cloak And Dagger","Backflip","Sucker Punch","Decay","Footwork"],"relics":["Ring of the Snake","Thread and Needle","Orichalcum","Pen Nib","Art of War"],"potions_floor_usage":[6,14,16],"damage_taken":[{"damage":0,"enemies":"Cultist","floor":1,"turns":4},{"damage":0,"enemies":"2 Louse","floor":4,"turns":3},{"damage":0,"enemies":"Jaw Worm","floor":5,"turns":4},{"damage":15,"enemies":"Gremlin Nob","floor":6,"turns":4},{"damage":0,"enemies":"3 Louse","floor":7,"turns":2},{"damage":0,"enemies":"2 Fungi Beasts","floor":12,"turns":4},{"damage":18,"enemies":"Lagavulin","floor":14,"turns":8},{"damage":51,"enemies":"Slime Boss","floor":16,"turns":11}],"seed_played":"3110835247453123574","potions_obtained":[{"floor":1,"key":"Strength Potion"},{"floor":4,"key":"SkillPotion"},{"floor":7,"key":"Explosive Potion"},{"floor":12,"key":"Weak Potion"}],"is_trial":false,"path_per_floor":["M","?","$","M","M","E","M","R","T","?","$","M","?","E","R","B"],"character_chosen":"THE_SILENT","items_purchased":["Well Laid Plans","Slice","Backflip"],"campfire_rested":1,"item_purchase_floors":[3,3,11],"current_hp_per_floor":[63,63,63,63,63,48,48,48,48,48,48,48,48,30,48,0],"gold":50,"neow_bonus":"ONE_RARE_RELIC","is_prod":false,"is_daily":false,"chose_seed":false,"campfire_upgraded":1,"win_rate":0,"timestamp":1564330096,"path_taken":["M","?","$","M","M","E","M","R","T","?","$","M","?","E","R","BOSS"],"build_version":"2019-07-17","purchased_purges":0,"victory":false,"max_hp_per_floor":[63,63,63,63,63,63,63,63,63,63,63,63,63,63,63,63],"card_choices":[{"not_picked":["Riddle With Holes","Infinite Blades"],"picked":"Masterful Stab","floor":1},{"not_picked":["Blade Dance","Dagger Throw"],"picked":"Deadly Poison","floor":4},{"not_picked":["Finisher","Underhanded Strike"],"picked":"Cloak And Dagger","floor":5},{"not_picked":["Setup","Accuracy","Envenom"],"picked":"SKIP","floor":6},{"not_picked":["Bouncing Flask","Deadly Poison","Flying Knee"],"picked":"SKIP","floor":7},{"not_picked":["Concentrate","Reflex"],"picked":"Sucker Punch","floor":12},{"not_picked":["Quick Slash","Dodge and Roll"],"picked":"Footwork","floor":14}],"player_experience":563583,"relics_obtained":[{"floor":6,"key":"Orichalcum"},{"floor":9,"key":"Pen Nib"},{"floor":14,"key":"Art of War"}],"event_choices":[{"damage_healed":0,"gold_gain":0,"player_choice":"Grow","damage_taken":0,"max_hp_gain":0,"max_hp_loss":0,"event_name":"Living Wall","floor":2,"gold_loss":0,"cards_upgraded":["Neutralize"]},{"cards_removed":["Strike_G"],"damage_healed":0,"gold_gain":0,"player_choice":"Card Removal","damage_taken":0,"max_hp_gain":0,"max_hp_loss":0,"event_name":"The Cleric","floor":10,"gold_loss":50},{"damage_healed":0,"gold_gain":0,"player_choice":"Cursed","damage_taken":0,"max_hp_gain":0,"max_hp_loss":0,"event_name":"Wheel of Change","floor":13,"gold_loss":0,"cards_obtained":["Decay"]}],"is_beta":false,"boss_relics":[],"items_purged_floors":[],"is_endless":false,"potions_floor_spawned":[1,4,7,12],"killed_by":"Slime Boss","ascension_level":13}