{"gold_per_floor":[119,119,119,66,90,125,125,158,205,217,232,232,266,281,281,352,352,366,36,36,56,56,83,83,112,112,137,137,151,151,162,162,240,240,255,306,306,2,52,87,87,121,147,180,194,224,242,256,256,256,256,256,256,45,71,71],"floor_reached":57,"playtime":5625,"items_purged":["Strike_G","Strike_G+1"],"score":3138,"play_id":"d7e48dad-362e-40a5-802d-a03f23e18299","local_time":"20190711234202","is_ascension_mode":true,"campfire_choices":[{"data":"Crippling Poison","floor":7.0,"key":"SMITH"},{"data":"Noxious Fumes","floor":12.0,"key":"SMITH"},{"data":"Deadly Poison","floor":15.0,"key":"SMITH"},{"floor":24.0,"key":"REST"},{"data":"Footwork","floor":30.0,"key":"SMITH"},{"floor":32.0,"key":"REST"},{"floor":41.0,"key":"REST"},{"floor":49,"key":"RECALL"},{"floor":53,"key":"REST"}],"neow_cost":"NONE","seed_source_timestamp":85883927250850,"circlet_count":0,"master_deck":["AscendersBane","Strike_G+1","Strike_G+1","Strike_G+1","Defend_G+1","Defend_G+1","Defend_G+1","Defend_G+1","Defend_G+1","Survivor","Neutralize+1","Crippling Poison+1","PiercingWail","Quick Slash","Leg Sweep","Deadly Poison+1","Noxious Fumes+1","PiercingWail","Adrenaline","Dodge and Roll","Footwork+1","Blur","Choke+1","PiercingWail","Dagger Spray+1","Crippling Poison+1","Footwork","Bane+1","Leg Sweep","Caltrops","Noxious Fumes+1","Blur","Well Laid Plans+1","Dodge and Roll+1","PiercingWail+1","Footwork+1","Corpse Explosion","Dark Shackles","Blur+1"],"special_seed":0,"relics":["Ring of the Snake","NeowsBlessing","Happy Flower","Lantern","Mummified Hand","Potion Belt","Oddly Smooth Stone","Snecko Eye","Membership Card","StoneCalendar","Dead Branch","Nunchaku","Bottled Lightning","Fusion Hammer","Ginger","Whetstone","Medical Kit","Tingsha","Frozen Egg 2","Paper Crane","Incense Burner","Letter Opener"],"potions_floor_usage":[56,56,56,56],"damage_taken":[{"damage":0.0,"enemies":"2 Louse","floor":1.0,"turns":1.0},{"damage":0.0,"enemies":"Gremlin Nob","floor":6.0,"turns":1.0},{"damage":0.0,"enemies":"Lagavulin","floor":8.0,"turns":1.0},{"damage":0.0,"enemies":"Jaw Worm","floor":10.0,"turns":4.0},{"damage":0.0,"enemies":"Cultist","floor":11.0,"turns":3.0},{"damage":34.0,"enemies":"Gremlin Nob","floor":13.0,"turns":5.0},{"damage":0.0,"enemies":"3 Louse","floor":14.0,"turns":2.0},{"damage":28.0,"enemies":"The Guardian","floor":16.0,"turns":10.0},{"damage":17.0,"enemies":"Chosen","floor":18.0,"turns":5.0},{"damage":0.0,"enemies":"3 Byrds","floor":21.0,"turns":4.0},{"damage":23.0,"enemies":"Book of Stabbing","floor":23.0,"turns":8.0},{"damage":0.0,"enemies":"Slavers","floor":25.0,"turns":5.0},{"damage":3.0,"enemies":"Book of Stabbing","floor":27.0,"turns":7.0},{"damage":0.0,"enemies":"Cultist and Chosen","floor":29.0,"turns":4.0},{"damage":0.0,"enemies":"Chosen and Byrds","floor":31.0,"turns":2.0},{"damage":0.0,"enemies":"Collector","floor":33.0,"turns":11.0},{"damage":0.0,"enemies":"3 Darklings","floor":35.0,"turns":4.0},{"damage":15.0,"enemies":"2 Orb Walkers","floor":36.0,"turns":3.0},{"damage":0.0,"enemies":"Reptomancer","floor":40.0,"turns":4.0},{"damage":8.0,"enemies":"Nemesis","floor":42.0,"turns":7.0},{"damage":6.0,"enemies":"Giant Head","floor":44.0,"turns":7.0},{"damage":4.0,"enemies":"3 Shapes","floor":45.0,"turns":3.0},{"damage":12.0,"enemies":"Reptomancer","floor":46.0,"turns":5.0},{"damage":0.0,"enemies":"Writhing Mass","floor":47.0,"turns":7.0},{"damage":0,"enemies":"4 Shapes","floor":48,"turns":5},{"damage":12,"enemies":"Awakened One","floor":50,"turns":16},{"damage":6,"enemies":"Donu and Deca","floor":51,"turns":9},{"damage":2,"enemies":"Shield and Spear","floor":55,"turns":7},{"damage":43,"enemies":"The Heart","floor":56,"turns":10}],"seed_played":"8109288077285787008","potions_obtained":[{"floor":1.0,"key":"SteroidPotion"},{"floor":11.0,"key":"EssenceOfSteel"},{"floor":21.0,"key":"Block Potion"},{"floor":23.0,"key":"Strength Potion"},{"floor":40.0,"key":"Regen Potion"},{"floor":42.0,"key":"Poison Potion"},{"floor":45.0,"key":"LiquidBronze"}],"is_trial":false,"path_per_floor":["M","?","?","$","T","E","R","E","T","M","M","R","E","M","R","B",null,"M","$","?","M","?","E","R","E","T","E","?","M","R","M","R","B",null,"M","?","?","$","?","E","R","E","T","E","M","E","M","M","R","B","B",null,"R","$","E","B",null],"character_chosen":"THE_SILENT","items_purchased":["PiercingWail","Membership Card","Footwork","Blur","Whetstone","Medical Kit","Strength Potion","PowerPotion","Leg Sweep","Caltrops","Footwork+1","Corpse Explosion","Dexterity Potion","Dark Shackles"],"campfire_rested":4,"item_purchase_floors":[4,19,19,19,38,38,38,38,38,38,54,54,54,54],"current_hp_per_floor":[59,64,64,64,64,64,64,64,64,64,64,64,30,30,30,2,54,37,37,37,37,37,14,35,35,35,32,32,32,32,32,53,53,67,67,52,52,52,52,52,71,63,63,57,53,56,56,56,56,44,38,63,71,71,69,26],"gold":71,"neow_bonus":"THREE_ENEMY_KILL","is_prod":false,"is_daily":false,"chose_seed":false,"campfire_upgraded":4,"win_rate":0,"timestamp":1562884922,"path_taken":["M","?","?","$","?","E","R","E","T","M","?","R","E","M","R","BOSS","M","?","?","M","?","E","R","E","T","E","?","?","R","M","R","BOSS","M","?","?","$","?","E","R","E","T","E","M","E","M","M","R","BOSS","BOSS","R","$","E","BOSS"],"build_version":"2019-07-05","purchased_purges":2,"victory":true,"max_hp_per_floor":[66,71,71,71,71,71,71,71,71,71,71,71,71,71,71,71,71,71,71,71,71,71,71,71,71,71,71,71,71,71,71,71,71,71,71,71,71,71,71,71,71,71,71,71,71,71,71,71,71,71,71,71,71,71,71,71],"card_choices":[{"not_picked":["Infinite Blades","Bane"],"picked":"Crippling Poison","floor":1.0},{"not_picked":["Escape Plan","Blade Dance"],"picked":"Quick Slash","floor":6.0},{"not_picked":["Dodge and Roll","Dagger Spray"],"picked":"Leg Sweep","floor":8.0},{"not_picked":["Sucker Punch","Calculated Gamble"],"picked":"Deadly Poison","floor":10.0},{"not_picked":["Caltrops","Dagger Throw"],"picked":"Noxious Fumes","floor":11.0},{"not_picked":["Poisoned Stab","Deadly Poison","Eviscerate"],"picked":"SKIP","floor":13.0},{"not_picked":["Skewer","Endless Agony"],"picked":"PiercingWail","floor":14.0},{"not_picked":["Grand Finale","Storm of Steel"],"picked":"Adrenaline","floor":16.0},{"not_picked":["Slice","PiercingWail"],"picked":"Dodge and Roll","floor":18.0},{"not_picked":["Dagger Throw","Sucker Punch","Heel Hook"],"picked":"SKIP","floor":21.0},{"not_picked":["Slice","Tactician"],"picked":"Choke","floor":23.0},{"not_picked":["Flying Knee","Terror"],"picked":"PiercingWail","floor":25.0},{"not_picked":["Well Laid Plans","Sucker Punch"],"picked":"Dagger Spray+1","floor":27.0},{"not_picked":["Concentrate","Bane","Tactician"],"picked":"SKIP","floor":29.0},{"not_picked":["Dagger Throw","Heel Hook"],"picked":"Footwork","floor":31.0},{"not_picked":["Infinite Blades","Concentrate","Masterful Stab"],"picked":"SKIP","floor":35.0},{"not_picked":["Outmaneuver","Blade Dance"],"picked":"Bane+1","floor":36.0},{"not_picked":["Distraction","Underhanded Strike","Expertise"],"picked":"SKIP","floor":40.0},{"not_picked":["Deadly Poison+1","Expertise"],"picked":"Noxious Fumes","floor":42.0},{"not_picked":["Escape Plan","Underhanded Strike+1"],"picked":"Blur","floor":44.0},{"not_picked":["Venomology","Dagger Spray"],"picked":"Well Laid Plans+1","floor":45.0},{"not_picked":["Underhanded Strike","Acrobatics"],"picked":"Dodge and Roll+1","floor":46.0},{"not_picked":["Flechettes","Setup","Quick Slash"],"picked":"SKIP","floor":47.0},{"not_picked":["Predator","Terror+1"],"picked":"PiercingWail+1","floor":48},{"not_picked":["Dash","Slice"],"picked":"Blur+1","floor":55}],"player_experience":1009178,"relics_obtained":[{"floor":5.0,"key":"Happy Flower"},{"floor":6.0,"key":"Lantern"},{"floor":8.0,"key":"Mummified Hand"},{"floor":9.0,"key":"Potion Belt"},{"floor":13.0,"key":"Oddly Smooth Stone"},{"floor":23.0,"key":"StoneCalendar"},{"floor":25.0,"key":"Dead Branch"},{"floor":26.0,"key":"Nunchaku"},{"floor":27.0,"key":"Bottled Lightning"},{"floor":36.0,"key":"Ginger"},{"floor":40.0,"key":"Tingsha"},{"floor":42.0,"key":"Frozen Egg 2"},{"floor":44.0,"key":"Paper Crane"},{"floor":46.0,"key":"Incense Burner"},{"floor":55,"key":"Letter Opener"}],"event_choices":[{"damage_healed":0.0,"max_hp_gain":5.0,"max_hp_loss":0.0,"gold_gain":0.0,"event_name":"Big Fish","player_choice":"Donut","floor":2.0,"gold_loss":0.0,"damage_taken":0.0},{"damage_healed":0.0,"max_hp_gain":0.0,"max_hp_loss":0.0,"gold_gain":0.0,"event_name":"The Cleric","player_choice":"Leave","floor":3.0,"gold_loss":0.0,"damage_taken":0.0},{"damage_healed":0.0,"max_hp_gain":0.0,"max_hp_loss":0.0,"gold_gain":0.0,"event_name":"Back to Basics","player_choice":"Simplicity","floor":20.0,"gold_loss":0.0,"damage_taken":0.0,"cards_upgraded":["Strike_G","Strike_G","Strike_G","Strike_G","Defend_G","Defend_G","Defend_G","Defend_G","Defend_G"]},{"damage_healed":0.0,"max_hp_gain":0.0,"max_hp_loss":0.0,"gold_gain":0.0,"event_name":"Duplicator","player_choice":"Copied","floor":28.0,"gold_loss":0.0,"damage_taken":0.0,"cards_obtained":["Crippling Poison"]},{"damage_healed":0.0,"max_hp_gain":0.0,"max_hp_loss":0.0,"gold_gain":0.0,"event_name":"Mysterious Sphere","player_choice":"Fight","floor":36.0,"gold_loss":0.0,"damage_taken":0.0},{"damage_healed":0.0,"max_hp_gain":0.0,"max_hp_loss":0.0,"gold_gain":0.0,"event_name":"SensoryStone","player_choice":"Memory 1","floor":37.0,"gold_loss":0.0,"damage_taken":0.0},{"damage_healed":0.0,"max_hp_gain":0.0,"max_hp_loss":0.0,"gold_gain":50.0,"event_name":"Golden Shrine","player_choice":"Pray","floor":39.0,"gold_loss":0.0,"damage_taken":0.0}],"is_beta":false,"boss_relics":[{"not_picked":["HoveringKite","White Beast Statue"],"picked":"Snecko Eye"},{"not_picked":["Eternal Feather","Philosopher\u0027s Stone"],"picked":"Fusion Hammer"}],"items_purged_floors":[19,54],"is_endless":false,"potions_floor_spawned":[1,11,21,23,40,42,45],"ascension_level":20}