{"gold_per_floor":[114,114,129,129,144,144,159,174,174,204,204,219,234,309,309,409,409,424,349,349,364,379,394,394,409,409,424,424,439,469,94,94,194,194,209,209,209,224,239,269,269,269,269,284,284,299,149,164,164,164],"floor_reached":51,"playtime":3110,"items_purged":[],"score":1055,"play_id":"82a45d8a-96da-4677-a36a-3ca9c3e00243","local_time":"20180710221736","daily_mods":["Diverse","Vintage","Hoarder"],"is_ascension_mode":false,"campfire_choices":[{"data":"Neutralize","floor":6,"key":"SMITH"},{"data":"Reinforced Body","floor":15,"key":"SMITH"},{"floor":28,"key":"REST"},{"floor":32,"key":"REST"},{"data":"Poisoned Stab","floor":41,"key":"PURGE"},{"data":"Poisoned Stab","floor":45,"key":"PURGE"},{"data":"Strike_G","floor":49,"key":"PURGE"}],"neow_cost":"","seed_source_timestamp":0,"circlet_count":0,"master_deck":["Defend_G","Defend_G+1","Defend_G","Strike_G","Strike_G","Strike_G","Survivor","Neutralize+1","Reinforced Body+1","Reinforced Body+1","Reinforced Body+1","Demon Form+1","Demon Form+1","Demon Form+1","Seek","Seek","Seek","Sword Boomerang","Sword Boomerang","Sword Boomerang+1","Blade Dance+1","Blade Dance+1","Blade Dance+1","Doppelganger+1","Doppelganger+1","Doppelganger+1","Terror+1","Terror+1","Poisoned Stab+1","Madness+1","Madness+1","Madness+1","Madness+1","Madness+1","Madness+1"],"special_seed":17722,"relics":["Ring of the Snake","Darkstone Periapt","Happy Flower","Mercury Hourglass","Bottled Flame","Orichalcum","Pen Nib","Letter Opener","Frozen Egg 2","Pantograph","Bronze Scales","Du-Vu Doll","Fusion Hammer","Blood Vial","Smiling Mask","The Specimen","Vajra","Toxic Egg 2","Tough Bandages","Centennial Puzzle","Kunai","Ornamental Fan","Paper Crane","Potion Belt","Sozu","War Paint","Peace Pipe","Omamori","Bag of Marbles","Sundial","Strawberry","Oddly Smooth Stone","Lantern","Whetstone","The Courier"],"potions_floor_usage":[16,16,16,25,50,50,50],"damage_taken":[{"damage":6,"enemies":"Cultist","floor":1,"turns":3},{"damage":0,"enemies":"Small Slimes","floor":3,"turns":4},{"damage":3,"enemies":"Jaw Worm","floor":5,"turns":3},{"damage":0,"enemies":"Looter","floor":7,"turns":4},{"damage":0,"enemies":"3 Louse","floor":8,"turns":3},{"damage":3,"enemies":"3 Sentries","floor":10,"turns":6},{"damage":0,"enemies":"2 Fungi Beasts","floor":12,"turns":4},{"damage":0,"enemies":"Blue Slaver","floor":13,"turns":4},{"damage":25,"enemies":"The Guardian","floor":16,"turns":12},{"damage":0,"enemies":"Chosen","floor":18,"turns":4},{"damage":11,"enemies":"2 Thieves","floor":21,"turns":4},{"damage":10,"enemies":"Snake Plant","floor":22,"turns":4},{"damage":11,"enemies":"Centurion and Healer","floor":23,"turns":5},{"damage":21,"enemies":"3 Cultists","floor":25,"turns":6},{"damage":9,"enemies":"Snake Plant","floor":27,"turns":4},{"damage":0,"enemies":"Snecko","floor":29,"turns":5},{"damage":0,"enemies":"Gremlin Leader","floor":30,"turns":6},{"damage":5,"enemies":"Champ","floor":33,"turns":6},{"damage":0,"enemies":"Orb Walker","floor":35,"turns":2},{"damage":0,"floor":36,"turns":3},{"damage":4,"enemies":"3 Darklings","floor":38,"turns":3},{"damage":3,"enemies":"Sphere and 2 Shapes","floor":39,"turns":4},{"damage":13,"enemies":"2 Orb Walkers","floor":40,"turns":4},{"damage":0,"enemies":"Maw","floor":44,"turns":4},{"damage":9,"enemies":"4 Shapes","floor":46,"turns":3},{"damage":0,"enemies":"Sphere and 2 Shapes","floor":48,"turns":4},{"damage":7,"enemies":"Awakened One","floor":50,"turns":4}],"seed_played":"-163716102511872118","potions_obtained":[{"floor":3,"key":"Energy Potion"},{"floor":7,"key":"Strength Potion"},{"floor":12,"key":"Poison Potion"},{"floor":22,"key":"Energy Potion"},{"floor":23,"key":"GamblersBrew"},{"floor":29,"key":"Explosive Potion"},{"floor":30,"key":"PowerPotion"},{"floor":33,"key":"Regen Potion"}],"is_trial":false,"path_per_floor":["M","?","M","?","M","R","M","M","T","E","?","M","M","?","R","B",null,"M","?","?","M","M","M","?","M","T","M","R","M","E","$","R","B",null,"M","?","?","M","M","E","R","?","T","M","R","M","$","M","R","B"],"character_chosen":"THE_SILENT","items_purchased":["Dexterity Potion","Blade Dance+1","Paper Crane","Whetstone"],"campfire_rested":2,"item_purchase_floors":[31,31,31,47],"current_hp_per_floor":[64,57,57,50,47,47,47,47,47,44,44,44,44,33,33,33,70,70,70,70,59,51,42,29,10,10,3,25,27,29,29,51,70,75,75,75,75,71,70,59,59,50,57,59,59,52,52,54,54,82],"gold":164,"neow_bonus":"","is_prod":false,"is_daily":true,"chose_seed":false,"campfire_upgraded":2,"win_rate":0,"timestamp":1531257456,"path_taken":["M","?","M","?","M","R","M","M","T","E","?","?","M","?","R","BOSS","M","?","?","M","M","M","?","M","T","M","R","M","E","$","R","BOSS","M","?","?","?","M","E","R","?","T","M","R","?","$","M","R","BOSS"],"build_version":"2018-07-05","purchased_purges":0,"victory":true,"max_hp_per_floor":[70,70,70,70,70,70,70,70,70,70,70,70,70,70,70,70,70,70,70,70,70,70,70,75,75,75,75,75,75,75,75,75,75,75,75,75,75,75,75,75,75,75,82,82,82,82,82,82,82,82],"card_choices":[{"not_picked":["Headbutt","Acrobatics"],"picked":"Reinforced Body","floor":10},{"not_picked":["Night Terror","Venomology"],"picked":"Demon Form+1","floor":16},{"not_picked":["Deflect+1","Reinforced Body+1"],"picked":"Sword Boomerang","floor":30},{"not_picked":["Envenom+1","Multi-Cast+1"],"picked":"Doppelganger+1","floor":33},{"not_picked":["Hologram+1","Storm+1"],"picked":"Terror+1","floor":36},{"not_picked":["Compile Driver+1","Cleave+1","Fire Breathing+1"],"picked":"SKIP","floor":40}],"player_experience":354086,"relics_obtained":[{"floor":1,"key":"Darkstone Periapt"},{"floor":3,"key":"Happy Flower"},{"floor":5,"key":"Bottled Flame"},{"floor":7,"key":"Orichalcum"},{"floor":8,"key":"Pen Nib"},{"floor":9,"key":"Letter Opener"},{"floor":10,"key":"Frozen Egg 2"},{"floor":12,"key":"Pantograph"},{"floor":13,"key":"Bronze Scales"},{"floor":16,"key":"Du-Vu Doll"},{"floor":18,"key":"Blood Vial"},{"floor":21,"key":"Smiling Mask"},{"floor":22,"key":"The Specimen"},{"floor":23,"key":"Vajra"},{"floor":25,"key":"Toxic Egg 2"},{"floor":26,"key":"Tough Bandages"},{"floor":27,"key":"Centennial Puzzle"},{"floor":29,"key":"Kunai"},{"floor":30,"key":"Ornamental Fan"},{"floor":33,"key":"Potion Belt"},{"floor":35,"key":"War Paint"},{"floor":36,"key":"Peace Pipe"},{"floor":38,"key":"Omamori"},{"floor":39,"key":"Bag of Marbles"},{"floor":40,"key":"Sundial"},{"floor":43,"key":"Strawberry"},{"floor":44,"key":"Oddly Smooth Stone"},{"floor":46,"key":"Lantern"},{"floor":48,"key":"The Courier"}],"event_choices":[{"event_name":"Golden Wing","player_choice":"Card Removal","floor":2,"damage_taken":0},{"event_name":"Scrap Ooze","player_choice":"success","floor":4,"damage_taken":7},{"event_name":"Accursed Blacksmith","player_choice":"Forge","floor":11,"damage_taken":0},{"event_name":"World of Goop","player_choice":"Gather Gold","floor":14,"damage_taken":0},{"event_name":"Beggar","player_choice":"Gave Gold","floor":19,"damage_taken":0},{"event_name":"Transmorgrifier","player_choice":"Transform","floor":20,"damage_taken":0},{"event_name":"Forgotten Altar","player_choice":"Shed Blood","floor":24,"damage_taken":0},{"event_name":"MindBloom","player_choice":"Fight","floor":36,"damage_taken":0},{"event_name":"Transmorgrifier","player_choice":"Transform","floor":37,"damage_taken":0},{"event_name":"Winding Halls","player_choice":"Embrace Madness","floor":42,"damage_taken":0}],"boss_relics":[{"not_picked":["Calling Bell","Philosopher\u0027s Stone"],"picked":"Fusion Hammer"},{"not_picked":["Orrery","Empty Cage"],"picked":"Sozu"}],"items_purged_floors":[],"is_endless":false,"potions_floor_spawned":[3,7,12,13,22,23,29,30,33,35,38,44],"ascension_level":0}