{"gold_per_floor":[361,84,98,273,283,313,328,353,378,413,413,363,379,402,402,500,500,520,538,88,88,108,137,156,185,185,204,224,224,249,28,28,131,131,143,143,198,198,198,198,216,243,243,262,294,311,225,243,243,243,243,243,5,38,38],"floor_reached":56,"playtime":9730,"items_purged":["Pain","Doubt","Decay","Injury"],"score":1411,"play_id":"b313189c-4991-4c79-a8d6-2fe90b5528e7","local_time":"20190405200552","is_ascension_mode":true,"campfire_choices":[{"data":"Noxious Fumes","floor":11,"key":"SMITH"},{"data":"Malaise","floor":15,"key":"SMITH"},{"data":"Apotheosis","floor":29,"key":"SMITH"},{"data":"Footwork","floor":32,"key":"SMITH"},{"floor":40,"key":"RECALL"},{"data":"After Image","floor":49,"key":"SMITH"},{"data":"Well Laid Plans","floor":52,"key":"SMITH"}],"neow_cost":"CURSE","seed_source_timestamp":191061255306314,"circlet_count":0,"master_deck":["Defend_G","Defend_G","Defend_G","Defend_G","Defend_G","Strike_G","Strike_G","Strike_G","Strike_G","Survivor","Neutralize","Predator","Leg Sweep","Noxious Fumes+1","PiercingWail","Cloak And Dagger","Dagger Spray","Malaise+1","Escape Plan","Backstab","Doppelganger","Bouncing Flask","Leg Sweep","Adrenaline","Deflect","Escape Plan+1","Apotheosis+1","Footwork+1","Finesse","Prepared+1","Footwork+1","Die Die Die","Well Laid Plans+1","Noxious Fumes","Finesse","Tools of the Trade","Prepared+1","Madness","Madness","A Thousand Cuts","After Image+1","Terror","Footwork+1","Footwork","Thinking Ahead","Escape Plan"],"relics":["Ring of the Snake","Meat on the Bone","Bag of Preparation","Bronze Scales","Odd Mushroom","Cursed Key","Nloth\u0027s Gift","Pen Nib","PreservedInsect","Incense Burner","Philosopher\u0027s Stone","Bird Faced Urn","Regal Pillow","Bottled Flame","Smiling Mask","Orichalcum"],"potions_floor_usage":[6,55,55,55],"damage_taken":[{"damage":2,"enemies":"2 Louse","floor":1,"turns":2},{"damage":1,"enemies":"Small Slimes","floor":3,"turns":4},{"damage":7,"enemies":"Jaw Worm","floor":5,"turns":6},{"damage":15,"enemies":"Gremlin Nob","floor":6,"turns":5},{"damage":4,"enemies":"2 Fungi Beasts","floor":7,"turns":4},{"damage":19,"enemies":"Lagavulin","floor":8,"turns":11},{"damage":6,"enemies":"3 Sentries","floor":10,"turns":6},{"damage":5,"enemies":"Looter","floor":13,"turns":4},{"damage":8,"enemies":"The Mushroom Lair","floor":14,"turns":4},{"damage":18,"enemies":"The Guardian","floor":16,"turns":12},{"damage":9,"enemies":"Spheric Guardian","floor":18,"turns":6},{"damage":0,"enemies":"Shell Parasite","floor":19,"turns":5},{"damage":6,"enemies":"Snake Plant","floor":22,"turns":5},{"damage":1,"enemies":"Book of Stabbing","floor":23,"turns":6},{"damage":12,"enemies":"Shelled Parasite and Fungi","floor":24,"turns":6},{"damage":32,"enemies":"Slavers","floor":25,"turns":6},{"damage":0,"enemies":"Chosen and Byrds","floor":27,"turns":6},{"damage":0,"enemies":"Centurion and Healer","floor":28,"turns":7},{"damage":10,"enemies":"Gremlin Leader","floor":30,"turns":7},{"damage":7,"enemies":"Collector","floor":33,"turns":10},{"damage":0,"enemies":"3 Shapes","floor":35,"turns":3},{"damage":0,"enemies":"2 Orb Walkers","floor":37,"turns":5},{"damage":0,"enemies":"Orb Walker","floor":41,"turns":3},{"damage":13,"enemies":"Reptomancer","floor":42,"turns":6},{"damage":0,"enemies":"3 Darklings","floor":44,"turns":4},{"damage":0,"enemies":"Nemesis","floor":45,"turns":8},{"damage":2,"enemies":"Sphere and 2 Shapes","floor":46,"turns":5},{"damage":11,"enemies":"Maw","floor":48,"turns":9},{"damage":18,"enemies":"Time Eater","floor":50,"turns":16},{"damage":6,"enemies":"Shield and Spear","floor":54,"turns":9},{"damage":50,"enemies":"The Heart","floor":55,"turns":12}],"seed_played":"6569726292753757046","potions_obtained":[{"floor":5,"key":"AttackPotion"},{"floor":6,"key":"Weak Potion"},{"floor":8,"key":"Fire Potion"},{"floor":10,"key":"Regen Potion"},{"floor":18,"key":"Explosive Potion"},{"floor":24,"key":"GhostInAJar"},{"floor":41,"key":"LiquidBronze"},{"floor":42,"key":"Dexterity Potion"}],"is_trial":false,"path_per_floor":["M","$","M","?","M","E","M","E","T","E","R","?","M","?","R","B",null,"M","M","$","?","M","E","M","E","T","M","M","R","E","$","R","B",null,"M","$","?","?","?","R","M","E","T","M","E","M","$","M","R","B",null,"R","$","E","B",null],"character_chosen":"THE_SILENT","items_purchased":["Leg Sweep","Noxious Fumes","PiercingWail","Apotheosis","Footwork","Finesse","Finesse","Footwork","Thinking Ahead","Escape Plan"],"campfire_rested":0,"item_purchase_floors":[2,2,2,20,20,20,31,47,53,53],"current_hp_per_floor":[68,68,67,67,60,45,41,34,34,40,40,40,47,39,39,33,70,61,61,61,61,55,54,42,22,22,34,46,46,36,36,36,41,70,70,70,70,61,61,61,63,62,62,70,70,70,70,70,70,52,70,70,70,70,41],"gold":38,"neow_bonus":"TWO_FIFTY_GOLD","is_prod":false,"is_daily":false,"chose_seed":false,"campfire_upgraded":6,"win_rate":0,"timestamp":1554483952,"path_taken":["M","$","M","?","M","E","M","E","T","E","R","?","?","?","R","BOSS","M","M","$","?","?","E","M","E","T","M","M","R","E","$","R","BOSS","M","$","?","?","?","R","M","E","T","M","E","M","$","M","R","BOSS","R","$","E","BOSS"],"build_version":"2019-01-23","purchased_purges":4,"victory":true,"max_hp_per_floor":[70,70,70,70,70,70,70,70,70,70,70,70,70,70,70,70,70,70,70,70,70,70,70,70,70,70,70,70,70,70,70,70,70,70,70,70,70,70,70,70,70,70,70,70,70,70,70,70,70,70,70,70,70,70,70],"card_choices":[{"not_picked":["Flying Knee","Prepared"],"picked":"Predator","floor":1},{"not_picked":["Skewer","Sucker Punch"],"picked":"Cloak And Dagger","floor":3},{"not_picked":["Sucker Punch","Quick Slash"],"picked":"Dagger Spray","floor":5},{"not_picked":["Infinite Blades","Dodge and Roll"],"picked":"Malaise","floor":6},{"not_picked":["Dodge and Roll","Outmaneuver"],"picked":"Escape Plan","floor":7},{"not_picked":["Calculated Gamble","Dagger Throw"],"picked":"Backstab","floor":8},{"not_picked":["Outmaneuver","Tactician"],"picked":"Doppelganger","floor":10},{"not_picked":["Dagger Throw","Distraction"],"picked":"Bouncing Flask","floor":13},{"not_picked":["Poisoned Stab","Blade Dance"],"picked":"Leg Sweep","floor":14},{"not_picked":["Night Terror","Malaise"],"picked":"Adrenaline","floor":16},{"not_picked":["Outmaneuver","Dagger Spray"],"picked":"Deflect","floor":18},{"not_picked":["PiercingWail","Bane"],"picked":"Escape Plan+1","floor":19},{"not_picked":["Outmaneuver","Blade Dance+1"],"picked":"Prepared+1","floor":22},{"not_picked":["Deadly Poison","Bane"],"picked":"Footwork+1","floor":23},{"not_picked":["Sucker Punch","Deadly Poison","Underhanded Strike"],"picked":"SKIP","floor":24},{"not_picked":["Deadly Poison","Underhanded Strike"],"picked":"Die Die Die","floor":25},{"not_picked":["Flying Knee+1","Outmaneuver+1"],"picked":"Well Laid Plans","floor":27},{"not_picked":["Eviscerate+1","Calculated Gamble+1"],"picked":"Noxious Fumes","floor":28},{"not_picked":["Outmaneuver","Flying Knee","Wraith Form v2"],"picked":"SKIP","floor":30},{"not_picked":["Adrenaline","Envenom"],"picked":"Tools of the Trade","floor":33},{"not_picked":["Masterful Stab","Riddle With Holes","Sucker Punch+1"],"picked":"SKIP","floor":35},{"not_picked":["Accuracy+1","Blade Dance+1"],"picked":"Prepared+1","floor":37},{"not_picked":["Dagger Spray+1","Outmaneuver+1","Expertise"],"picked":"SKIP","floor":41},{"not_picked":["Prepared+1","Slice+1"],"picked":"A Thousand Cuts","floor":42},{"not_picked":["PiercingWail+1","Slice"],"picked":"After Image","floor":44},{"not_picked":["Quick Slash+1","Outmaneuver"],"picked":"Terror","floor":45},{"not_picked":["All Out Attack+1","Distraction"],"picked":"Footwork+1","floor":46},{"not_picked":["Catalyst","Dagger Spray","Crippling Poison+1"],"picked":"SKIP","floor":48},{"not_picked":["Finisher+1","Leg Sweep+1","Terror+1"],"picked":"SKIP","floor":54}],"player_experience":52834,"relics_obtained":[{"floor":6,"key":"Meat on the Bone"},{"floor":8,"key":"Anchor"},{"floor":9,"key":"Bag of Preparation"},{"floor":10,"key":"Bronze Scales"},{"floor":14,"key":"Odd Mushroom"},{"floor":23,"key":"Pen Nib"},{"floor":25,"key":"PreservedInsect"},{"floor":30,"key":"Incense Burner"},{"floor":37,"key":"Bird Faced Urn"},{"floor":42,"key":"Regal Pillow"},{"floor":43,"key":"Bottled Flame"},{"floor":45,"key":"Smiling Mask"},{"floor":54,"key":"Orichalcum"}],"event_choices":[{"damage_healed":0,"gold_gain":175,"player_choice":"AGREE","damage_taken":0,"max_hp_gain":0,"max_hp_loss":0,"event_name":"Liars Game","floor":4,"gold_loss":0,"cards_obtained":["Doubt"]},{"cards_removed":["Strike_G"],"damage_healed":0,"gold_gain":0,"player_choice":"Card Removal","damage_taken":0,"max_hp_gain":0,"max_hp_loss":0,"event_name":"The Cleric","floor":12,"gold_loss":50},{"damage_healed":0,"gold_gain":0,"player_choice":"Fought Mushrooms","damage_taken":0,"max_hp_gain":0,"max_hp_loss":0,"event_name":"Mushrooms","floor":14,"gold_loss":0},{"damage_healed":0,"gold_gain":0,"player_choice":"Traded Relic","damage_taken":0,"relics_obtained":["Nloth\u0027s Gift"],"max_hp_gain":0,"max_hp_loss":0,"event_name":"N\u0027loth","floor":21,"relics_lost":["Anchor"],"gold_loss":0},{"damage_healed":0,"gold_gain":0,"player_choice":"Fight","damage_taken":0,"max_hp_gain":0,"max_hp_loss":0,"event_name":"Mysterious Sphere","floor":37,"gold_loss":0},{"damage_healed":0,"gold_gain":0,"player_choice":"Embrace Madness","damage_taken":9,"max_hp_gain":0,"max_hp_loss":0,"event_name":"Winding Halls","floor":38,"gold_loss":0,"cards_obtained":["Madness","Madness"]},{"damage_healed":0,"gold_gain":0,"player_choice":"0 cards matched","damage_taken":0,"max_hp_gain":0,"max_hp_loss":0,"event_name":"Match and Keep!","floor":39,"gold_loss":0,"cards_obtained":[]}],"is_beta":false,"boss_relics":[{"not_picked":["Ectoplasm","Calling Bell"],"picked":"Cursed Key"},{"not_picked":["HoveringKite","Sozu"],"picked":"Philosopher\u0027s Stone"}],"items_purged_floors":[2,20,31,47],"is_endless":false,"potions_floor_spawned":[5,6,8,10,18,24,27,33,37,41,42,44,54],"ascension_level":2}