{"gold_per_floor":[115,115,115,135,146,175,188,215,215,215,242,242,253,264,264,264],"floor_reached":16,"playtime":1653,"items_purged":[],"score":118,"play_id":"f2344bb0-62dc-4dcc-b9f9-6b3b51aafd31","local_time":"20190404205320","is_ascension_mode":true,"campfire_choices":[{"floor":12,"key":"REST"},{"data":"Tactician","floor":15,"key":"SMITH"}],"neow_cost":"TEN_PERCENT_HP_LOSS","seed_source_timestamp":115624591554312,"circlet_count":0,"master_deck":["Defend_G","Defend_G","Defend_G","Defend_G","Strike_G","Strike_G","Strike_G","Survivor","Neutralize","Skewer","Doppelganger","Catalyst","Dash","Tactician+1","Backflip","Blade Dance","Blade Dance","Quick Slash","Dagger Throw","Sucker Punch"],"relics":["Ring of the Snake","Snake Skull","PreservedInsect","Bronze Scales","Potion Belt"],"potions_floor_usage":[8,8,16],"damage_taken":[{"damage":0,"enemies":"Small Slimes","floor":1,"turns":4},{"damage":0,"enemies":"Cultist","floor":4,"turns":4},{"damage":0,"enemies":"2 Louse","floor":5,"turns":2},{"damage":12,"enemies":"3 Sentries","floor":6,"turns":10},{"damage":0,"enemies":"Blue Slaver","floor":7,"turns":6},{"damage":44,"enemies":"Lagavulin","floor":8,"turns":8},{"damage":4,"enemies":"3 Louse","floor":13,"turns":3},{"damage":7,"enemies":"Exordium Wildlife","floor":14,"turns":5},{"damage":14,"enemies":"Hexaghost","floor":16,"turns":14}],"seed_played":"5652183646384422427","potions_obtained":[{"floor":4,"key":"Swift Potion"},{"floor":5,"key":"Fire Potion"},{"floor":7,"key":"SteroidPotion"},{"floor":8,"key":"Swift Potion"}],"is_trial":false,"path_per_floor":["M","?","?","M","M","E","M","E","T","?","T","R","M","M","R","B"],"character_chosen":"THE_SILENT","items_purchased":[],"campfire_rested":1,"item_purchase_floors":[],"current_hp_per_floor":[63,63,63,63,63,51,51,7,7,7,7,25,21,14,14,0],"gold":264,"neow_bonus":"TRANSFORM_TWO_CARDS","is_prod":false,"is_daily":false,"chose_seed":false,"campfire_upgraded":1,"win_rate":0,"timestamp":1554400400,"path_taken":["M","?","?","?","M","E","M","E","T","?","?","R","M","M","R","BOSS"],"build_version":"2019-01-23","purchased_purges":0,"victory":false,"max_hp_per_floor":[63,63,63,63,63,63,63,63,63,63,63,63,63,63,63,63],"card_choices":[{"not_picked":["Deflect","Bouncing Flask"],"picked":"Catalyst","floor":1},{"not_picked":["Riddle With Holes","Flechettes"],"picked":"Tactician","floor":4},{"not_picked":["Slice","Blade Dance"],"picked":"Backflip","floor":5},{"not_picked":["Terror","Night Terror"],"picked":"Blade Dance","floor":6},{"not_picked":["Sucker Punch","Expertise"],"picked":"Blade Dance","floor":7},{"not_picked":["Poisoned Stab","Bouncing Flask"],"picked":"Quick Slash","floor":8},{"not_picked":["Slice","Deflect"],"picked":"Dagger Throw","floor":13},{"not_picked":["Flechettes","Dagger Spray"],"picked":"Sucker Punch","floor":14}],"player_experience":43887,"relics_obtained":[{"floor":6,"key":"Snake Skull"},{"floor":8,"key":"PreservedInsect"},{"floor":9,"key":"Bronze Scales"},{"floor":11,"key":"Potion Belt"}],"event_choices":[{"damage_healed":0,"gold_gain":0,"cards_transformed":["Strike_G"],"player_choice":"Change","damage_taken":0,"max_hp_gain":0,"max_hp_loss":0,"event_name":"Living Wall","floor":2,"gold_loss":0,"cards_obtained":["Dash"]},{"damage_healed":0,"gold_gain":0,"player_choice":"Full Heal","damage_taken":0,"max_hp_gain":0,"max_hp_loss":0,"event_name":"Wheel of Change","floor":3,"gold_loss":0},{"damage_healed":0,"gold_gain":0,"player_choice":"Ignored","damage_taken":0,"max_hp_gain":0,"max_hp_loss":0,"event_name":"Shining Light","floor":10,"gold_loss":0}],"is_beta":false,"boss_relics":[],"items_purged_floors":[],"is_endless":false,"potions_floor_spawned":[4,5,7,8],"killed_by":"Hexaghost","ascension_level":1}