{"gold_per_floor":[119,135,135,153,153,153,10,21,75,86,86,101,101,128,128,223,223,234,27,44,44,44,44,57,57,57,57,84,84,84,104,104,209,209,229,329,346,346,66,66,66,92,92,92,92,110,30,63,63,63],"floor_reached":50,"playtime":3360,"items_purged":["Strike_G","Decay"],"score":697,"play_id":"19ea11f6-9da1-495e-97e1-214ede4998b5","local_time":"20190721110518","is_ascension_mode":true,"campfire_choices":[{"data":"Neutralize","floor":6,"key":"SMITH"},{"data":"Cloak And Dagger","floor":11,"key":"SMITH"},{"data":"Underhanded Strike","floor":13,"key":"SMITH"},{"data":"Cloak And Dagger","floor":15,"key":"SMITH"},{"data":"Tools of the Trade","floor":23,"key":"SMITH"},{"data":"Sucker Punch","floor":25,"key":"SMITH"},{"data":"Caltrops","floor":27,"key":"SMITH"},{"floor":30,"key":"REST"},{"data":"Acrobatics","floor":32,"key":"SMITH"},{"data":"Well Laid Plans","floor":40,"key":"SMITH"},{"data":"Eviscerate","floor":41,"key":"SMITH"},{"data":"Prepared","floor":44,"key":"SMITH"},{"data":"After Image","floor":45,"key":"SMITH"},{"data":"Tactician","floor":49,"key":"SMITH"}],"neow_cost":"TEN_PERCENT_HP_LOSS","seed_source_timestamp":395871996636000,"circlet_count":0,"master_deck":["Strike_G+1","Defend_G","Defend_G","Defend_G","Defend_G","Survivor","Neutralize+1","Backflip","Underhanded Strike+1","Outmaneuver","Dagger Spray","Dagger Throw","Cloak And Dagger+1","Cloak And Dagger+1","Tactician+1","Tools of the Trade+1","Acrobatics+1","Sucker Punch+1","Corpse Explosion","Caltrops+1","Tactician","Deflect","After Image+1","Doppelganger","PiercingWail","Prepared+1","Eviscerate+1","Writhe","Well Laid Plans+1","Riddle With Holes+1","Heel Hook","Underhanded Strike"],"relics":["Ring of the Snake","Incense Burner","Boot","Oddly Smooth Stone","Snake Skull","Tingsha","Philosopher\u0027s Stone","Blue Candle","Bag of Preparation","Empty Cage","WingedGreaves","Pen Nib","Letter Opener","Whetstone","Sundial"],"potions_floor_usage":[16,24,33,33,33,50,50,50,50],"damage_taken":[{"damage":6,"enemies":"Cultist","floor":1,"turns":5},{"damage":1,"enemies":"Small Slimes","floor":2,"turns":6},{"damage":1,"enemies":"Jaw Worm","floor":4,"turns":4},{"damage":0,"enemies":"Blue Slaver","floor":8,"turns":4},{"damage":0,"enemies":"2 Fungi Beasts","floor":10,"turns":3},{"damage":0,"enemies":"3 Louse","floor":12,"turns":2},{"damage":4,"enemies":"3 Sentries","floor":14,"turns":6},{"damage":29,"enemies":"Slime Boss","floor":16,"turns":14},{"damage":1,"enemies":"Shell Parasite","floor":18,"turns":5},{"damage":6,"enemies":"2 Thieves","floor":20,"turns":4},{"damage":11,"enemies":"Centurion and Healer","floor":24,"turns":5},{"damage":35,"enemies":"Book of Stabbing","floor":28,"turns":6},{"damage":2,"enemies":"Chosen and Byrds","floor":31,"turns":5},{"damage":12,"enemies":"Collector","floor":33,"turns":13},{"damage":1,"enemies":"Orb Walker","floor":35,"turns":3},{"damage":1,"enemies":"Mind Bloom Boss Battle","floor":36,"turns":9},{"damage":1,"enemies":"3 Shapes","floor":37,"turns":4},{"damage":9,"enemies":"Nemesis","floor":42,"turns":7},{"damage":1,"enemies":"Jaw Worm Horde","floor":46,"turns":1},{"damage":9,"enemies":"Reptomancer","floor":48,"turns":5},{"damage":47,"enemies":"Time Eater","floor":50,"turns":11}],"seed_played":"-8352186783928189555","potions_obtained":[{"floor":1,"key":"SpeedPotion"},{"floor":2,"key":"EssenceOfSteel"},{"floor":12,"key":"SpeedPotion"},{"floor":20,"key":"Dexterity Potion"},{"floor":31,"key":"Poison Potion"},{"floor":35,"key":"Block Potion"},{"floor":37,"key":"EntropicBrew"},{"floor":42,"key":"LiquidBronze"}],"is_trial":false,"path_per_floor":["M","M","?","M","?","R","$","M","T","M","R","M","R","E","R","B",null,"M","$","M","?","?","R","M","R","T","R","E","?","R","M","R","B",null,"M","?","M","?","$","R","R","E","T","R","R","M","$","E","R","B"],"character_chosen":"THE_SILENT","items_purchased":["Oddly Smooth Stone","Regen Potion","Sucker Punch","Well Laid Plans","Pen Nib","Heel Hook"],"campfire_rested":1,"item_purchase_floors":[7,19,19,39,39,47],"current_hp_per_floor":[57,56,56,55,55,55,55,55,55,55,55,55,55,51,51,22,53,52,52,46,46,46,46,47,47,47,47,12,12,30,28,28,16,51,50,49,48,63,63,63,63,54,54,54,54,53,53,44,44,0],"gold":63,"neow_bonus":"ONE_RARE_RELIC","is_prod":false,"is_daily":false,"chose_seed":false,"campfire_upgraded":13,"win_rate":0,"timestamp":1563721518,"path_taken":["M","M","?","?","?","R","$","M","T","?","R","M","R","E","R","BOSS","M","$","M","?","?","R","M","R","T","R","E","?","R","M","R","BOSS","M","?","M","?","$","R","R","E","T","R","R","M","$","E","R","BOSS"],"build_version":"2019-07-17","purchased_purges":2,"victory":false,"max_hp_per_floor":[63,63,63,63,63,63,63,63,63,63,63,63,63,63,63,63,63,63,63,63,63,63,63,63,63,63,63,63,63,63,63,63,63,63,63,63,63,63,63,63,63,63,63,63,63,63,63,63,63,63],"card_choices":[{"not_picked":["Accuracy","Deflect"],"picked":"Backflip","floor":1},{"not_picked":["Backflip","Riddle With Holes"],"picked":"Underhanded Strike","floor":2},{"not_picked":["Quick Slash","Bane"],"picked":"Dagger Spray","floor":4},{"not_picked":["Distraction","Slice"],"picked":"Dagger Throw","floor":8},{"not_picked":["Quick Slash","Setup"],"picked":"Cloak And Dagger","floor":10},{"not_picked":["Dagger Throw","Dodge and Roll"],"picked":"Cloak And Dagger","floor":12},{"not_picked":["Dodge and Roll","After Image"],"picked":"Tactician","floor":14},{"not_picked":["Storm of Steel","After Image"],"picked":"Tools of the Trade","floor":16},{"not_picked":["Blade Dance","Distraction"],"picked":"Acrobatics","floor":18},{"not_picked":["Escape Plan","Dagger Spray","Outmaneuver+1"],"picked":"SKIP","floor":20},{"not_picked":["Deflect","Sucker Punch"],"picked":"Tactician","floor":24},{"not_picked":["Bane","Caltrops+1"],"picked":"Deflect","floor":28},{"not_picked":["Quick Slash","Sucker Punch+1"],"picked":"After Image","floor":31},{"not_picked":["Bullet Time","Night Terror"],"picked":"Doppelganger","floor":33},{"not_picked":["Poisoned Stab+1","Blade Dance"],"picked":"PiercingWail","floor":35},{"not_picked":["Flying Knee","Slice"],"picked":"Prepared","floor":36},{"not_picked":["Dodge and Roll","After Image"],"picked":"Eviscerate","floor":37},{"not_picked":["Deadly Poison","Endless Agony+1"],"picked":"Riddle With Holes","floor":42},{"not_picked":["PiercingWail+1","Quick Slash","Deadly Poison"],"picked":"SKIP","floor":46},{"not_picked":["Deadly Poison","Dodge and Roll+1"],"picked":"Underhanded Strike","floor":48}],"player_experience":459257,"relics_obtained":[{"floor":5,"key":"Boot"},{"floor":9,"key":"Snake Skull"},{"floor":14,"key":"Tingsha"},{"floor":26,"key":"Blue Candle"},{"floor":28,"key":"Bag of Preparation"},{"floor":36,"key":"WingedGreaves"},{"floor":42,"key":"Letter Opener"},{"floor":43,"key":"Whetstone"},{"floor":48,"key":"Sundial"}],"event_choices":[{"damage_healed":0,"gold_gain":0,"player_choice":"1 cards matched","damage_taken":0,"max_hp_gain":0,"max_hp_loss":0,"event_name":"Match and Keep!","floor":3,"gold_loss":0,"cards_obtained":["Outmaneuver"]},{"damage_healed":0,"gold_gain":0,"player_choice":"Relic","damage_taken":0,"max_hp_gain":0,"max_hp_loss":0,"event_name":"Wheel of Change","floor":5,"gold_loss":0},{"damage_healed":0,"gold_gain":0,"cards_transformed":["Strike_G","Strike_G"],"player_choice":"Became Test Subject","damage_taken":0,"max_hp_gain":0,"max_hp_loss":0,"event_name":"Drug Dealer","floor":21,"gold_loss":0,"cards_obtained":["Corpse Explosion","Caltrops"]},{"damage_healed":0,"gold_gain":0,"player_choice":"Ignored","damage_taken":0,"max_hp_gain":0,"max_hp_loss":0,"event_name":"Vampires","floor":22,"gold_loss":0},{"damage_healed":0,"gold_gain":0,"player_choice":"Smashed Altar","damage_taken":0,"max_hp_gain":0,"max_hp_loss":0,"event_name":"Forgotten Altar","floor":29,"gold_loss":0,"cards_obtained":["Decay"]},{"damage_healed":0,"gold_gain":0,"player_choice":"Fight","damage_taken":0,"max_hp_gain":0,"max_hp_loss":0,"event_name":"MindBloom","floor":36,"gold_loss":0},{"damage_healed":16,"gold_gain":0,"player_choice":"Writhe","damage_taken":0,"max_hp_gain":0,"max_hp_loss":0,"event_name":"Winding Halls","floor":38,"gold_loss":0,"cards_obtained":["Writhe"]}],"is_beta":false,"boss_relics":[{"not_picked":["Lizard Tail","Runic Pyramid"],"picked":"Philosopher\u0027s Stone"},{"not_picked":["HoveringKite","WristBlade"],"picked":"Empty Cage"}],"items_purged_floors":[19,39],"is_endless":false,"potions_floor_spawned":[1,2,12,20,31,35,37,42],"killed_by":"Time Eater","ascension_level":7}