{"gold_per_floor":[109,122,122,141,51,51,92,92,115,135,150,225,269,285,285,375,375,398,398],"floor_reached":19,"playtime":1276,"items_purged":[],"score":331,"play_id":"6f9e2ddc-cf08-4912-aba6-8dfe19d39efa","local_time":"20190411003442","is_ascension_mode":true,"campfire_choices":[{"data":"Bash","floor":6.0,"key":"SMITH"},{"data":"Spot Weakness","floor":8.0,"key":"SMITH"},{"data":"1","floor":15,"key":"LIFT"}],"neow_cost":"TEN_PERCENT_HP_LOSS","seed_source_timestamp":1127426455875702,"circlet_count":0,"master_deck":["AscendersBane","Strike_R","Strike_R","Strike_R","Defend_R","Defend_R","Defend_R","Defend_R","Bash+1","Iron Wave","Disarm","Shockwave","Spot Weakness+1","Sword Boomerang","True Grit","Armaments","Clothesline","Double Tap","Cleave"],"special_seed":0,"relics":["Burning Blood","Golden Idol","Omamori","Strawberry","Girya","Snecko Eye"],"potions_floor_usage":[19],"damage_taken":[{"damage":0.0,"enemies":"2 Louse","floor":1.0,"turns":4.0},{"damage":4.0,"enemies":"Jaw Worm","floor":2.0,"turns":6.0},{"damage":6.0,"enemies":"Small Slimes","floor":4.0,"turns":4.0},{"damage":12.0,"enemies":"Lagavulin","floor":7.0,"turns":8.0},{"damage":12.0,"enemies":"2 Fungi Beasts","floor":10.0,"turns":5.0},{"damage":12.0,"enemies":"Looter","floor":11.0,"turns":3.0},{"damage":3.0,"enemies":"Gremlin Nob","floor":13.0,"turns":4.0},{"damage":31,"enemies":"Gremlin Gang","floor":14,"turns":5},{"damage":9,"enemies":"Hexaghost","floor":16,"turns":9},{"damage":10,"enemies":"3 Byrds","floor":18,"turns":5},{"damage":55,"enemies":"Masked Bandits","floor":19,"turns":3}],"seed_played":"-8710134090157021520","potions_obtained":[{"floor":1.0,"key":"Poison Potion"},{"floor":4.0,"key":"PowerPotion"},{"floor":7.0,"key":"Block Potion"},{"floor":13.0,"key":"SpeedPotion"},{"floor":16,"key":"Swift Potion"}],"is_trial":false,"path_per_floor":["M","M","?","M","$","R","E","R","T","M","M","?","E","M","R","B",null,"M","?"],"character_chosen":"IRONCLAD","items_purchased":["Shockwave"],"campfire_rested":0,"item_purchase_floors":[5],"current_hp_per_floor":[68,68,62,62,62,62,56,56,63,57,51,40,43,18,18,15,56,52,0],"gold":398,"neow_bonus":"REMOVE_TWO","is_prod":false,"is_daily":false,"chose_seed":false,"campfire_upgraded":2,"win_rate":0,"timestamp":1554939282,"path_taken":["M","M","?","M","$","R","E","R","T","M","M","?","E","M","R","BOSS","M","?"],"build_version":"2019-01-23","purchased_purges":0,"victory":false,"max_hp_per_floor":[68,68,62,62,62,62,62,62,69,69,69,69,69,69,69,69,69,69,69],"card_choices":[{"not_picked":["Burning Pact","Feel No Pain"],"picked":"Iron Wave","floor":1.0},{"not_picked":["Warcry","Sword Boomerang","Reckless Charge"],"picked":"SKIP","floor":2.0},{"not_picked":["Wild Strike","Power Through"],"picked":"Disarm","floor":4.0},{"not_picked":["Searing Blow","Anger"],"picked":"Spot Weakness","floor":7.0},{"not_picked":["Combust","Carnage"],"picked":"Sword Boomerang","floor":10.0},{"not_picked":["Sword Boomerang","Berserk"],"picked":"True Grit","floor":11.0},{"not_picked":["Perfected Strike","Warcry"],"picked":"Armaments","floor":13.0},{"not_picked":["Rampage","Body Slam"],"picked":"Clothesline","floor":14},{"not_picked":["Exhume","Juggernaut"],"picked":"Double Tap","floor":16},{"not_picked":["Wild Strike+1","Bloodletting"],"picked":"Cleave","floor":18}],"player_experience":771917,"relics_obtained":[{"floor":7.0,"key":"Omamori"},{"floor":9.0,"key":"Strawberry"},{"floor":13.0,"key":"Girya"}],"event_choices":[{"damage_healed":0.0,"max_hp_gain":0.0,"max_hp_loss":6.0,"gold_gain":0.0,"event_name":"Golden Idol","player_choice":"Lose Max HP","floor":3.0,"gold_loss":0.0,"damage_taken":0.0,"relics_obtained":["Golden Idol"]},{"damage_healed":0.0,"max_hp_gain":0.0,"max_hp_loss":0.0,"gold_gain":75.0,"event_name":"World of Goop","player_choice":"Gather Gold","floor":12.0,"gold_loss":0.0,"damage_taken":11.0},{"damage_healed":0,"gold_gain":0,"player_choice":"Fought Bandits","damage_taken":0,"max_hp_gain":0,"max_hp_loss":0,"event_name":"Masked Bandits","floor":19,"gold_loss":0}],"is_beta":false,"boss_relics":[{"not_picked":["Runic Dome","Astrolabe"],"picked":"Snecko Eye"}],"items_purged_floors":[],"is_endless":false,"potions_floor_spawned":[1,4,7,13,16],"killed_by":"Masked Bandits","ascension_level":17}