{"path_per_floor":["M","M","?","?","M","$","R","?","T","$","E","M","R","?","R","B",null,"M","M","?","M","?","R","$","R","T","M","?","?","M","$","R","B",null,"M","?","?","$","?","?","E","?","T","M","E","M","R","E","R"],"character_chosen":"IRONCLAD","items_purchased":["Metallicize","Bludgeon"],"gold_per_floor":[118,137,87,262,281,125,125,125,125,25,57,75,75,101,101,197,197,212,228,228,243,243,243,103,103,103,114,114,114,128,3,3,106,106,125,125,180,30,30,30,55,55,55,75,108,123,123,157,157],"floor_reached":50,"campfire_rested":3,"playtime":4501,"current_hp_per_floor":[78,80,80,80,58,58,58,63,63,63,33,23,23,13,38,24,70,27,10,10,28,28,28,28,28,28,28,28,18,30,30,49,56,62,56,56,40,40,32,32,19,58,58,49,52,56,56,42,60],"items_purged":["Doubt","Bash","Bite","Anger"],"gold":157,"score":593,"play_id":"bb431de3-27bb-4de1-8451-f27d217a76e2","is_prod":false,"is_daily":false,"is_ascension_mode":true,"campfire_upgraded":5,"path_taken":["M","M","?","?","M","$","R","?","T","$","E","M","R","?","R","BOSS","M","M","?","M","?","R","$","R","T","M","?","?","M","$","R","BOSS","M","?","?","$","?","?","E","?","T","M","E","M","R","E","R","BOSS"],"build_version":"2018-02-15-PROD1","purchased_purges":4,"victory":false,"master_deck":["Sword Boomerang","Barricade+1","Metallicize+1","Iron Wave+1","Demon Form+1","Armaments+1","Bite","Bite","Shockwave+1","Bludgeon","Intimidate","Headbutt","Sword Boomerang","Clothesline+1","Madness","Madness","Shrug It Off+1","Metallicize+1"],"max_hp_per_floor":[80,80,80,80,80,80,80,85,85,85,85,85,85,85,85,85,85,85,85,59,59,59,59,59,59,59,59,59,64,64,64,64,64,64,64,64,64,64,64,64,66,58,58,58,60,60,60,62,62],"relics":["Burning Blood","Gambling Chip","Orichalcum","Odd Mushroom","Snecko Eye","Juzu Bracelet","Pandora\u0027s Box","Calipers","Singing Bowl","Meat on the Bone","Lantern","Unceasing Top"],"card_choices":[{"not_picked":["Corruption","Iron Wave"],"picked":"Sword Boomerang"},{"not_picked":["Armaments","Inflame"],"picked":"Barricade"},{"not_picked":["Whirlwind","Pommel Strike"],"picked":"Iron Wave"},{"not_picked":["Limit Break","Offering"],"picked":"Demon Form"},{"not_picked":["Havoc","Heavy Blade"],"picked":"Armaments"},{"not_picked":["Perfected Strike","Infernal Blade"],"picked":"Shockwave"},{"not_picked":["Metallicize","Wild Strike"],"picked":"Clothesline"},{"not_picked":["Reckless Charge","Sword Boomerang"],"picked":"Shrug It Off"},{"not_picked":["Anger","Clothesline"],"picked":"Metallicize"}],"player_experience":180848,"potions_floor_usage":[11,14,16,21,33,41,50,50,50],"damage_taken":[{"damage":8,"enemies":"2 Louse","floor":1,"turns":2},{"damage":2,"enemies":"Jaw Worm","floor":2,"turns":3},{"damage":28,"enemies":"Cultist","floor":5,"turns":6},{"damage":36,"enemies":"Lagavulin","floor":11,"turns":13},{"damage":16,"enemies":"Exordium Wildlife","floor":12,"turns":8},{"damage":16,"enemies":"The Mushroom Lair","floor":14,"turns":7},{"damage":20,"enemies":"Slime Boss","floor":16,"turns":20},{"damage":49,"enemies":"2 Thieves","floor":18,"turns":5},{"damage":23,"enemies":"3 Byrds","floor":19,"turns":7},{"damage":8,"enemies":"Cultist and Chosen","floor":21,"turns":7},{"damage":11,"enemies":"Snake Plant","floor":27,"turns":4},{"damage":0,"enemies":"Snecko","floor":30,"turns":3},{"damage":16,"enemies":"Automaton","floor":33,"turns":8},{"damage":14,"enemies":"3 Shapes","floor":35,"turns":5},{"damage":27,"enemies":"Mysterious Sphere","floor":37,"turns":4},{"damage":27,"enemies":"2 Orb Walkers","floor":41,"turns":4},{"damage":20,"enemies":"3 Darklings","floor":44,"turns":4},{"damage":9,"enemies":"Nemesis","floor":45,"turns":3},{"damage":10,"enemies":"Sphere and 2 Shapes","floor":46,"turns":9},{"damage":28,"enemies":"2 Orb Walkers","floor":48,"turns":4},{"damage":85,"enemies":"Donu and Deca","floor":50,"turns":6}],"event_choices":[{"event_name":"The Cleric","player_choice":"Card Removal","floor":3,"damage_taken":0},{"event_name":"Liars Game","player_choice":"agreed","floor":4,"damage_taken":0},{"event_name":"Big Fish","player_choice":"Donut","floor":8,"damage_taken":0},{"event_name":"Mushrooms","player_choice":"Fought Mushrooms","floor":14,"damage_taken":0},{"event_name":"Vampires","player_choice":"Became a vampire","floor":20,"damage_taken":0},{"event_name":"Back to Basics","player_choice":"Elegance","floor":22,"damage_taken":0},{"event_name":"Upgrade Shrine","player_choice":"Upgraded","floor":28,"damage_taken":0},{"event_name":"Forgotten Altar","player_choice":"Shed Blood","floor":29,"damage_taken":0},{"event_name":"Tomb of Lord Red Mask","player_choice":"Ignored","floor":36,"damage_taken":0},{"event_name":"Mysterious Sphere","player_choice":"Fight","floor":37,"damage_taken":0},{"event_name":"Winding Halls","player_choice":"Embrace Madness","floor":39,"damage_taken":0},{"event_name":"The Moai Head","player_choice":"Heal","floor":42,"damage_taken":0}],"boss_relics":[{"not_picked":["Velvet Choker","White Beast Statue"],"picked":"Snecko Eye"},{"not_picked":["Runic Cube","Eternal Feather"],"picked":"Pandora\u0027s Box"}],"potions_floor_spawned":[5,11,14,19,21,30,41,44,46],"seed_played":"1534668142924661264","killed_by":"Donu and Deca","ascension_level":5,"is_trial":false}