{"path_per_floor":["M","?","?","M","M","E","R","E","T","E","M","?","M","M","R","B",null,"M","$","M","$","M","R","E","?","T","R","$","?","M","E","R","B",null,"M","?","?","?","M","R","E","M","T","R","M","?","E","$","R","B"],"character_chosen":"DEFECT","items_purchased":["Toxic Egg 2","Double Energy","Anchor","Reboot+1","Capacitor+1","War Paint","Hologram+1","Fission+1"],"gold_per_floor":[109,109,209,223,233,567,567,598,598,624,636,586,604,624,624,720,720,734,259,275,197,215,215,249,249,300,300,34,34,44,76,76,173,173,192,192,0,0,20,20,46,62,62,62,72,72,107,33,33,33],"floor_reached":51,"campfire_rested":3,"playtime":7098,"item_purchase_floors":[19,19,19,21,28,28,28,48],"current_hp_per_floor":[70,52,52,46,46,37,37,25,25,17,14,14,9,7,29,15,75,45,45,42,42,34,34,16,16,23,47,47,47,47,30,54,53,82,82,72,72,72,62,62,64,78,78,78,84,84,86,86,86,62],"items_purged":[],"gold":33,"score":851,"play_id":"9a70ecf9-9134-440d-b138-14f75f03606a","local_time":"20180621140926","is_prod":false,"is_daily":false,"chose_seed":false,"is_ascension_mode":true,"campfire_upgraded":5,"win_rate":0,"timestamp":1529586566,"campfire_choices":[{"data":"Coolheaded","floor":7,"key":"SMITH"},{"floor":15,"key":"REST"},{"data":"White Noise","floor":23,"key":"SMITH"},{"floor":27,"key":"REST"},{"floor":32,"key":"REST"},{"data":"Zap","floor":40,"key":"SMITH"},{"data":"Skim","floor":44,"key":"SMITH"},{"data":"Gash","floor":49,"key":"SMITH"}],"path_taken":["M","?","?","M","M","E","R","E","T","E","M","?","M","M","R","BOSS","M","$","M","$","M","R","E","?","T","R","$","?","M","E","R","BOSS","M","?","?","?","?","R","E","M","T","R","M","?","E","$","R","BOSS"],"build_version":"2018-06-14v2","seed_source_timestamp":3244708898396393,"purchased_purges":0,"victory":true,"master_deck":["Defend_B+1","Defend_B+1","Defend_B+1","Defend_B+1","Zap+1","Dualcast+1","Gash+1","Coolheaded+1","Glacier+1","Machine Learning+1","Static Discharge+1","Streamline","Gash","White Noise+1","Skim+1","Machine Learning+1","Cold Snap+1","Heatsinks+1","Compile Driver+1","Double Energy+1","Gash+1","Reboot+1","Hologram+1","Defragment+1","Capacitor+1","Hologram+1","All For One","White Noise+1","Seek+1","Steam Power+1","Madness+1","Madness+1","Stack+1","Force Field+1","Fission+1"],"max_hp_per_floor":[75,75,75,75,75,75,75,75,75,75,75,75,75,75,75,75,75,75,75,75,75,75,75,75,75,82,82,82,82,82,82,82,82,82,82,82,82,82,82,82,82,82,82,82,84,84,86,86,86,86],"relics":["Cracked Core","Happy Flower","Frozen Egg 2","Old Coin","Boot","Ginger","Orichalcum","Astrolabe","Toxic Egg 2","Anchor","Darkstone Periapt","Strawberry","War Paint","Matryoshka","Sozu","Red Mask","Regal Pillow","Singing Bowl","Dead Branch","Calipers","Blue Candle"],"card_choices":[{"not_picked":["Barrage","Ball Lightning"],"picked":"Gash","floor":1},{"not_picked":["Barrage","Blizzard"],"picked":"Coolheaded","floor":4},{"not_picked":["Barrage","Fusion"],"picked":"Glacier","floor":5},{"not_picked":["Auto Shields","Self Repair+1"],"picked":"Machine Learning+1","floor":6},{"not_picked":["Stack","Beam Cell"],"picked":"Static Discharge+1","floor":8},{"not_picked":["Stack","Chaos"],"picked":"Streamline","floor":10},{"not_picked":["Coolheaded","Force Field"],"picked":"Gash","floor":11},{"not_picked":["Static Discharge+1","Barrage"],"picked":"White Noise","floor":13},{"not_picked":["Auto Shields","Go for the Eyes"],"picked":"Skim","floor":14},{"not_picked":["Core Surge","Multi-Cast"],"picked":"Machine Learning+1","floor":16},{"not_picked":["Barrage","Redo","Ball Lightning"],"picked":"SKIP","floor":18},{"not_picked":["Hologram+1","Reprogram+1"],"picked":"Gash+1","floor":20},{"not_picked":["Reboot+1","Conserve Battery+1"],"picked":"Hologram+1","floor":22},{"not_picked":["Melter","Rebound"],"picked":"Defragment+1","floor":24},{"not_picked":["Coolheaded+1","Conserve Battery+1"],"picked":"All For One","floor":30},{"not_picked":["Rebound","Scrape"],"picked":"White Noise+1","floor":31},{"not_picked":["Fission+1","Biased Cognition+1"],"picked":"Seek+1","floor":33},{"not_picked":["Compile Driver","Cold Snap"],"picked":"Steam Power+1","floor":35},{"not_picked":["Lockon","Beam Cell+1","Barrage"],"picked":"SKIP","floor":39},{"not_picked":["Compile Driver","Barrage"],"picked":"Stack+1","floor":41},{"not_picked":["Leap+1","Go for the Eyes"],"picked":"Force Field+1","floor":42},{"not_picked":["Steam+1","Stack+1","Streamline+1"],"picked":"Singing Bowl","floor":45},{"not_picked":["Hello World+1","Ball Lightning","Barrage+1"],"picked":"Singing Bowl","floor":47}],"player_experience":281422,"potions_floor_usage":[16,22,24,31],"damage_taken":[{"damage":5,"enemies":"Small Slimes","floor":1,"turns":3},{"damage":6,"enemies":"Jaw Worm","floor":4,"turns":3},{"damage":0,"enemies":"Cultist","floor":5,"turns":3},{"damage":9,"enemies":"3 Sentries","floor":6,"turns":13},{"damage":12,"enemies":"Gremlin Nob","floor":8,"turns":5},{"damage":8,"enemies":"3 Sentries","floor":10,"turns":5},{"damage":3,"enemies":"2 Fungi Beasts","floor":11,"turns":3},{"damage":5,"enemies":"Looter","floor":13,"turns":4},{"damage":2,"enemies":"3 Louse","floor":14,"turns":4},{"damage":14,"enemies":"Slime Boss","floor":16,"turns":8},{"damage":30,"enemies":"2 Thieves","floor":18,"turns":4},{"damage":3,"enemies":"Chosen","floor":20,"turns":5},{"damage":8,"enemies":"Snecko","floor":22,"turns":4},{"damage":18,"enemies":"Gremlin Leader","floor":24,"turns":6},{"damage":0,"enemies":"Sentry and Sphere","floor":30,"turns":4},{"damage":17,"enemies":"Slavers","floor":31,"turns":4},{"damage":1,"enemies":"Automaton","floor":33,"turns":7},{"damage":0,"enemies":"Orb Walker","floor":35,"turns":2},{"damage":10,"enemies":"3 Darklings","floor":39,"turns":3},{"damage":5,"enemies":"2 Orb Walkers","floor":41,"turns":3},{"damage":0,"enemies":"4 Shapes","floor":42,"turns":4},{"damage":0,"enemies":"Sphere and 2 Shapes","floor":45,"turns":5},{"damage":0,"enemies":"Giant Head","floor":47,"turns":4},{"damage":24,"enemies":"Donu and Deca","floor":50,"turns":7}],"relics_obtained":[{"floor":6,"key":"Old Coin"},{"floor":8,"key":"Boot"},{"floor":9,"key":"Ginger"},{"floor":10,"key":"Orichalcum"},{"floor":24,"key":"Darkstone Periapt"},{"floor":26,"key":"Strawberry"},{"floor":31,"key":"Matryoshka"},{"floor":41,"key":"Regal Pillow"},{"floor":43,"key":"Singing Bowl"},{"floor":43,"key":"Dead Branch"},{"floor":47,"key":"Blue Candle"}],"event_choices":[{"event_name":"Scrap Ooze","player_choice":"success","floor":2,"damage_taken":18},{"event_name":"Golden Shrine","player_choice":"Pray","floor":3,"damage_taken":0},{"event_name":"The Cleric","player_choice":"Card Removal","floor":12,"damage_taken":0},{"event_name":"Back to Basics","player_choice":"Simplicity","floor":25,"damage_taken":0},{"event_name":"The Mausoleum","player_choice":"No","floor":29,"damage_taken":0},{"event_name":"Winding Halls","player_choice":"Embrace Madness","floor":36,"damage_taken":0},{"event_name":"Tomb of Lord Red Mask","player_choice":"Paid","floor":37,"damage_taken":0},{"event_name":"SensoryStone","player_choice":"Memory 1","floor":38,"damage_taken":0},{"event_name":"Wheel of Change","player_choice":"Relic","floor":46,"damage_taken":0}],"boss_relics":[{"not_picked":["Cursed Key","Tiny House"],"picked":"Astrolabe"},{"not_picked":["Black Star","Runic Pyramid"],"picked":"Sozu"}],"items_purged_floors":[],"is_endless":false,"potions_floor_spawned":[8,10,14,20,22,30,41],"seed_played":"3389920777380501393","ascension_level":1,"potions_obtained":[{"floor":8,"key":"SteroidPotion"},{"floor":10,"key":"SpeedPotion"},{"floor":14,"key":"SpeedPotion"},{"floor":20,"key":"AttackPotion"},{"floor":22,"key":"SteroidPotion"},{"floor":30,"key":"Ancient Potion"}],"is_trial":false}