{"gold_per_floor":[144,161,161,173,185,185,218,238,265,276,276,306,325,337,337,439,439,455,466,466,478,173,173,173,173,173,190,224,75,103,69,69,164,164,178,178,178],"floor_reached":38,"playtime":905,"items_purged":["Defend_R","Strike_R"],"score":666,"play_id":"feb88943-dcb5-435f-be8d-8101b8988e1d","local_time":"20190302153450","is_ascension_mode":false,"campfire_choices":[{"data":"Whirlwind","floor":6,"key":"SMITH"},{"data":"Flex","floor":11,"key":"SMITH"},{"data":"Bash","floor":15,"key":"SMITH"},{"data":"Limit Break","floor":23,"key":"SMITH"},{"data":"Offering","floor":25,"key":"SMITH"},{"floor":32,"key":"REST"}],"neow_cost":"NONE","seed_source_timestamp":741609327762851,"circlet_count":0,"master_deck":["Strike_R","Strike_R","Strike_R","Strike_R","Defend_R","Defend_R","Defend_R","Bash+1","Whirlwind+1","Flex+1","Reaper","Battle Trance","Metallicize","Seeing Red","Limit Break+1","Heavy Blade+1","Inflame","Offering+1","Flex","Battle Trance"],"relics":["Burning Blood","Tiny Chest","Pantograph","Vajra","Odd Mushroom","Busted Crown","Dodecahedron","Pear","Ancient Tea Set","Lantern","Sozu"],"potions_floor_usage":[7,28,37,37,37],"damage_taken":[{"damage":7,"enemies":"Small Slimes","floor":1,"turns":6},{"damage":6,"enemies":"Cultist","floor":2,"turns":3},{"damage":0,"enemies":"2 Louse","floor":4,"turns":2},{"damage":18,"enemies":"Exordium Wildlife","floor":5,"turns":3},{"damage":32,"enemies":"Lagavulin","floor":7,"turns":6},{"damage":13,"enemies":"Red Slaver","floor":8,"turns":4},{"damage":15,"enemies":"Exordium Thugs","floor":10,"turns":4},{"damage":0,"enemies":"The Mushroom Lair","floor":12,"turns":1},{"damage":11,"enemies":"3 Louse","floor":13,"turns":3},{"damage":0,"enemies":"Lots of Slimes","floor":14,"turns":1},{"damage":54,"enemies":"Hexaghost","floor":16,"turns":8},{"damage":12,"enemies":"Chosen","floor":18,"turns":4},{"damage":5,"enemies":"3 Byrds","floor":19,"turns":2},{"damage":26,"enemies":"Cultist and Chosen","floor":21,"turns":5},{"damage":23,"enemies":"Shelled Parasite and Fungi","floor":27,"turns":4},{"damage":18,"enemies":"Book of Stabbing","floor":28,"turns":2},{"damage":6,"enemies":"Slavers","floor":30,"turns":1},{"damage":33,"enemies":"Automaton","floor":33,"turns":4},{"damage":0,"enemies":"3 Darklings","floor":35,"turns":1},{"damage":80,"enemies":"Donu and Deca","floor":37,"turns":5}],"seed_played":"5310439052323905727","potions_obtained":[{"floor":4,"key":"Block Potion"},{"floor":7,"key":"Dexterity Potion"},{"floor":8,"key":"LiquidBronze"},{"floor":16,"key":"Ancient Potion"},{"floor":21,"key":"Strength Potion"},{"floor":28,"key":"Dexterity Potion"}],"is_trial":false,"path_per_floor":["M","M","?","M","M","R","E","M","T","M","R","?","M","M","R","B",null,"M","M","?","M","$","R","T","R","T","M","E","$","E","$","R","B",null,"M","?","B",null],"character_chosen":"IRONCLAD","items_purchased":["Inflame","Offering","Flex","Battle Trance"],"campfire_rested":1,"item_purchase_floors":[22,22,29,31],"current_hp_per_floor":[79,79,79,80,68,68,42,35,35,30,30,36,46,77,77,32,80,74,80,80,60,60,60,60,60,70,56,44,44,44,44,71,90,90,90,90,67],"gold":178,"neow_bonus":"RANDOM_COMMON_RELIC","is_prod":false,"is_daily":false,"chose_seed":false,"campfire_upgraded":5,"win_rate":0,"timestamp":1551540890,"path_taken":["M","M","?","M","M","R","E","M","T","?","R","?","M","M","R","BOSS","M","M","?","M","$","R","?","R","T","?","E","?","E","?","R","BOSS","M","?","BOSS"],"build_version":"2019-01-23","purchased_purges":2,"victory":true,"max_hp_per_floor":[80,80,80,80,80,80,80,80,80,80,80,80,80,80,80,80,80,80,80,80,80,80,80,80,80,90,90,90,90,90,90,90,90,90,90,90,90],"card_choices":[{"not_picked":["Wild Strike","Headbutt"],"picked":"Whirlwind","floor":1},{"not_picked":["Dual Wield","Sword Boomerang","Warcry"],"picked":"SKIP","floor":2},{"not_picked":["Pommel Strike","Warcry","Heavy Blade"],"picked":"SKIP","floor":4},{"not_picked":["Shrug It Off","Heavy Blade"],"picked":"Flex","floor":5},{"not_picked":["Flame Barrier","Dual Wield"],"picked":"Reaper","floor":7},{"not_picked":["Havoc","Bloodletting","Anger"],"picked":"SKIP","floor":8},{"not_picked":["Sever Soul","Havoc"],"picked":"Battle Trance","floor":10},{"not_picked":["Clothesline","Heavy Blade"],"picked":"Metallicize","floor":12},{"not_picked":["Impervious","Sever Soul"],"picked":"Seeing Red","floor":13},{"not_picked":["Havoc","Clash","Sentinel"],"picked":"SKIP","floor":14},{"not_picked":["Dark Embrace","Barricade"],"picked":"Limit Break","floor":16},{"not_picked":["Cleave"],"picked":"SKIP","floor":18},{"not_picked":[],"picked":"Heavy Blade+1","floor":19},{"not_picked":["Hemokinesis"],"picked":"SKIP","floor":21},{"not_picked":["Twin Strike"],"picked":"SKIP","floor":27},{"not_picked":["Clash+1"],"picked":"SKIP","floor":28},{"not_picked":["Dark Embrace"],"picked":"SKIP","floor":30},{"not_picked":["Battle Trance"],"picked":"SKIP","floor":35}],"player_experience":541048,"relics_obtained":[{"floor":7,"key":"Pantograph"},{"floor":9,"key":"Vajra"},{"floor":12,"key":"Odd Mushroom"},{"floor":24,"key":"Dodecahedron"},{"floor":26,"key":"Pear"},{"floor":28,"key":"Ancient Tea Set"},{"floor":30,"key":"Lantern"}],"event_choices":[{"damage_healed":0,"gold_gain":0,"player_choice":"Ignored","damage_taken":0,"max_hp_gain":0,"max_hp_loss":0,"event_name":"NoteForYourself","floor":3,"gold_loss":0},{"damage_healed":0,"gold_gain":0,"player_choice":"Fought Mushrooms","damage_taken":0,"max_hp_gain":0,"max_hp_loss":0,"event_name":"Mushrooms","floor":12,"gold_loss":0},{"damage_healed":0,"gold_gain":0,"player_choice":"Ignored","damage_taken":0,"max_hp_gain":0,"max_hp_loss":0,"event_name":"The Mausoleum","floor":20,"gold_loss":0},{"damage_healed":0,"gold_gain":0,"player_choice":"Took Portal","damage_taken":0,"max_hp_gain":0,"max_hp_loss":0,"event_name":"SecretPortal","floor":36,"gold_loss":0}],"is_beta":false,"boss_relics":[{"not_picked":["Philosopher\u0027s Stone","Snecko Eye"],"picked":"Busted Crown"},{"not_picked":["Runic Dome","Tiny House"],"picked":"Sozu"}],"items_purged_floors":[22,29],"is_endless":false,"potions_floor_spawned":[4,7,8,16,21,28,33],"ascension_level":0}