{"gold_per_floor":[112,123,23,43,16,41,66,66,66,86,106,106,140,159,159,279,279,279,279,279,279,279,279,279,204,204,204],"floor_reached":27,"playtime":1578,"items_purged":[],"score":340,"play_id":"37b0e5a0-868f-45e1-b9f5-223d75ce9008","local_time":"20190224074509","is_ascension_mode":true,"campfire_choices":[{"floor":12,"key":"REST"},{"data":"Armaments","floor":15,"key":"SMITH"},{"data":"Double Tap","floor":24,"key":"SMITH"}],"neow_cost":"NONE","seed_source_timestamp":194348502370317,"circlet_count":0,"master_deck":["Strike_R","Strike_R","Strike_R","Strike_R","Defend_R","Defend_R","Defend_R","Defend_R","Bash","Rage","Wild Strike","Flex","Clash","Metallicize","Body Slam","Uppercut","Dual Wield","Whirlwind","Rampage","Ghostly Armor","Armaments+1","Double Tap+1","Headbutt","Warcry+1","True Grit","Power Through+1"],"relics":["Burning Blood","NeowsBlessing","Mercury Hourglass","Odd Mushroom","Golden Idol","Pantograph","Vajra","Ectoplasm","MutagenicStrength","SsserpentHead","Juzu Bracelet","Oddly Smooth Stone"],"potions_floor_usage":[6,7,13,16,23,27],"damage_taken":[{"damage":0,"enemies":"Cultist","floor":1,"turns":1},{"damage":0,"enemies":"Small Slimes","floor":2,"turns":1},{"damage":0,"enemies":"Jaw Worm","floor":4,"turns":1},{"damage":57,"enemies":"Lagavulin","floor":6,"turns":12},{"damage":11,"enemies":"The Mushroom Lair","floor":7,"turns":4},{"damage":0,"enemies":"Looter","floor":10,"turns":3},{"damage":21,"enemies":"Large Slime","floor":11,"turns":5},{"damage":15,"enemies":"3 Sentries","floor":13,"turns":7},{"damage":3,"enemies":"Lots of Slimes","floor":14,"turns":3},{"damage":48,"enemies":"Hexaghost","floor":16,"turns":8},{"damage":25,"enemies":"Spheric Guardian","floor":18,"turns":4},{"damage":0,"enemies":"Chosen","floor":19,"turns":3},{"damage":1,"enemies":"3 Cultists","floor":21,"turns":4},{"damage":14,"enemies":"Book of Stabbing","floor":23,"turns":3},{"damage":43,"enemies":"Gremlin Leader","floor":27,"turns":5}],"seed_played":"8630568312110392016","potions_obtained":[{"floor":1,"key":"Weak Potion"},{"floor":4,"key":"Swift Potion"},{"floor":6,"key":"SteroidPotion"},{"floor":11,"key":"Energy Potion"},{"floor":13,"key":"Fire Potion"},{"floor":18,"key":"AttackPotion"},{"floor":21,"key":"Poison Potion"},{"floor":23,"key":"PowerPotion"}],"is_trial":false,"path_per_floor":["M","M","$","M","$","E","?","?","T","M","M","R","E","M","R","B",null,"M","M","?","M","?","E","R","?","T","E"],"character_chosen":"IRONCLAD","items_purchased":["Flex","Clash","Body Slam"],"campfire_rested":1,"item_purchase_floors":[3,3,5],"current_hp_per_floor":[78,80,80,80,80,29,24,24,24,30,15,37,28,31,31,14,59,40,46,46,51,51,43,43,43,43,0],"gold":204,"neow_bonus":"THREE_ENEMY_KILL","is_prod":false,"is_daily":false,"chose_seed":false,"campfire_upgraded":2,"win_rate":0,"timestamp":1550994309,"path_taken":["M","?","?","M","$","E","?","?","T","?","M","R","E","M","R","BOSS","M","M","?","M","?","E","R","?","T","E"],"build_version":"2019-01-23","purchased_purges":0,"victory":false,"max_hp_per_floor":[80,80,80,80,80,80,80,74,74,74,74,74,74,74,74,74,74,74,74,74,74,74,74,74,74,74,74],"card_choices":[{"not_picked":["Uppercut","Armaments"],"picked":"Rage","floor":1},{"not_picked":["Heavy Blade","Feel No Pain"],"picked":"Wild Strike","floor":2},{"not_picked":["Warcry","Hemokinesis"],"picked":"Metallicize","floor":4},{"not_picked":["Bloodletting","Twin Strike"],"picked":"Uppercut","floor":6},{"not_picked":["Twin Strike","Berserk"],"picked":"Dual Wield","floor":7},{"not_picked":["Shockwave","Hemokinesis"],"picked":"Whirlwind","floor":10},{"not_picked":["Wild Strike","Evolve"],"picked":"Rampage","floor":11},{"not_picked":["Sword Boomerang","Flex"],"picked":"Ghostly Armor","floor":13},{"not_picked":["Body Slam","Headbutt"],"picked":"Armaments","floor":14},{"not_picked":["Impervious","Offering"],"picked":"Double Tap","floor":16},{"not_picked":["Perfected Strike","Corruption"],"picked":"Headbutt","floor":18},{"not_picked":["Iron Wave","Juggernaut"],"picked":"Warcry+1","floor":19},{"not_picked":["Sword Boomerang","Havoc"],"picked":"True Grit","floor":21},{"not_picked":["Armaments","Bloodletting+1"],"picked":"Power Through+1","floor":23}],"player_experience":470748,"relics_obtained":[{"floor":6,"key":"Mercury Hourglass"},{"floor":7,"key":"Odd Mushroom"},{"floor":9,"key":"Pantograph"},{"floor":13,"key":"Vajra"},{"floor":23,"key":"Juzu Bracelet"},{"floor":26,"key":"Oddly Smooth Stone"}],"event_choices":[{"damage_healed":0,"gold_gain":0,"player_choice":"Fought Mushrooms","damage_taken":0,"max_hp_gain":0,"max_hp_loss":0,"event_name":"Mushrooms","floor":7,"gold_loss":0},{"damage_healed":0,"gold_gain":0,"player_choice":"Lose Max HP","damage_taken":0,"relics_obtained":["Golden Idol"],"max_hp_gain":0,"max_hp_loss":6,"event_name":"Golden Idol","floor":8,"gold_loss":0},{"damage_healed":0,"gold_gain":0,"player_choice":"Inject Mutagens","damage_taken":0,"relics_obtained":["MutagenicStrength"],"max_hp_gain":0,"max_hp_loss":0,"event_name":"Drug Dealer","floor":20,"gold_loss":0},{"damage_healed":0,"gold_gain":0,"player_choice":"Trade","damage_taken":0,"relics_obtained":["SsserpentHead"],"max_hp_gain":0,"max_hp_loss":0,"event_name":"FaceTrader","floor":22,"gold_loss":0},{"cards_removed":["Strike_R"],"damage_healed":0,"gold_gain":0,"player_choice":"Gave Gold","damage_taken":0,"max_hp_gain":0,"max_hp_loss":0,"event_name":"Beggar","floor":25,"gold_loss":75}],"is_beta":false,"boss_relics":[{"not_picked":["Runic Dome","Runic Pyramid"],"picked":"Ectoplasm"}],"items_purged_floors":[],"is_endless":false,"potions_floor_spawned":[1,4,6,11,13,18,21,23],"killed_by":"Gremlin Leader","ascension_level":8}