{"gold_per_floor":[113,124,144,144,144,177,31,57,84,84,34,34,34,54,54,159,159,178,194,194,194,194,194,226,226,226,226,238,238,252,265,265,370,370,382,78,89,100,0,0,0,0,78,78,110,126,2,13,13,13,13,13,13,38,38],"floor_reached":55,"playtime":4189,"items_purged":["Defend_R"],"score":778,"play_id":"0353a890-ae90-4140-908d-626d87013343","local_time":"20181229163335","is_ascension_mode":false,"campfire_choices":[{"floor":10,"key":"RECALL"},{"data":"Rampage","floor":12,"key":"SMITH"},{"data":"Havoc","floor":15,"key":"SMITH"},{"data":"Double Tap","floor":27,"key":"SMITH"},{"data":"Disarm","floor":29,"key":"SMITH"},{"data":"Spot Weakness","floor":32,"key":"SMITH"},{"data":"Armaments","floor":40,"key":"SMITH"},{"data":"Limit Break","floor":42,"key":"SMITH"},{"data":"Brutality","floor":44,"key":"SMITH"},{"data":"Heavy Blade","floor":49,"key":"SMITH"},{"data":"Rupture","floor":52,"key":"SMITH"}],"neow_cost":"NONE","seed_source_timestamp":753739603820833,"circlet_count":0,"master_deck":["Bash+1","Iron Wave","Clash","Havoc+1","Disarm+1","Feed","Rampage+1","Combust","Double Tap+1","Bite","Bite","Bite","Bite","Bite","Headbutt","Cleave+1","Spot Weakness+1","Brutality+1","Armaments+1","Rupture+1","Limit Break+1","Combust+1","Pain","Flex+1","Sword Boomerang+1","Heavy Blade+1"],"relics":["Burning Blood","NeowsBlessing","Bag of Preparation","Orichalcum","Gremlin Horn","Runic Cube","Lantern","Mummified Hand","Pen Nib","Empty Cage","Red Mask","WarpedTongs","Paper Frog","Ornamental Fan","Dream Catcher","Blue Candle"],"potions_floor_usage":[6,16,24,46,50,50,55],"damage_taken":[{"damage":0,"enemies":"Cultist","floor":1,"turns":1},{"damage":0,"enemies":"Small Slimes","floor":2,"turns":1},{"damage":0,"enemies":"2 Louse","floor":3,"turns":1},{"damage":42,"enemies":"3 Sentries","floor":6,"turns":15},{"damage":22,"enemies":"Lagavulin","floor":8,"turns":5},{"damage":5,"enemies":"Blue Slaver","floor":14,"turns":5},{"damage":7,"enemies":"Hexaghost","floor":16,"turns":6},{"damage":4,"enemies":"Chosen","floor":18,"turns":4},{"damage":8,"enemies":"Shell Parasite","floor":19,"turns":4},{"damage":28,"enemies":"Colosseum Slavers","floor":20,"turns":4},{"damage":44,"enemies":"Gremlin Leader","floor":24,"turns":6},{"damage":10,"enemies":"3 Cultists","floor":28,"turns":4},{"damage":5,"enemies":"Centurion and Healer","floor":30,"turns":3},{"damage":14,"enemies":"Snake Plant","floor":31,"turns":5},{"damage":76,"enemies":"Automaton","floor":33,"turns":8},{"damage":14,"enemies":"3 Darklings","floor":35,"turns":3},{"damage":17,"enemies":"3 Shapes","floor":37,"turns":2},{"damage":9,"enemies":"Spire Growth","floor":38,"turns":3},{"damage":19,"enemies":"Giant Head","floor":45,"turns":5},{"damage":19,"enemies":"4 Shapes","floor":46,"turns":2},{"damage":17,"enemies":"Maw","floor":48,"turns":4},{"damage":66,"enemies":"Awakened One","floor":50,"turns":6},{"damage":43,"enemies":"Shield and Spear","floor":54,"turns":3},{"damage":75,"enemies":"The Heart","floor":55,"turns":2}],"seed_played":"-81676041737520263","potions_obtained":[{"floor":1,"key":"Dexterity Potion"},{"floor":6,"key":"Block Potion"},{"floor":8,"key":"Energy Potion"},{"floor":24,"key":"GamblersBrew"},{"floor":31,"key":"SteroidPotion"},{"floor":33,"key":"Fire Potion"},{"floor":45,"key":"AttackPotion"},{"floor":48,"key":"SkillPotion"}],"is_trial":false,"path_per_floor":["M","M","M","?","?","E","$","E","T","R","?","R","T","M","R","B",null,"M","M","?","?","?","?","E","T","T","R","M","R","M","M","R","B",null,"M","$","M","M","?","R","?","R","T","R","E","M","?","M","R","B",null,"R","$","E","B"],"character_chosen":"IRONCLAD","items_purchased":["Feed","Rampage","Rupture","Limit Break"],"campfire_rested":0,"item_purchase_floors":[7,7,36,36],"current_hp_per_floor":[80,80,80,80,73,37,37,24,24,24,24,24,24,28,28,27,86,86,87,68,64,53,53,31,31,31,31,46,46,58,67,67,25,78,74,74,72,73,73,73,73,73,73,73,78,78,78,83,83,38,96,96,96,66,0],"gold":38,"neow_bonus":"THREE_ENEMY_KILL","is_prod":false,"is_daily":false,"chose_seed":false,"campfire_upgraded":10,"win_rate":0,"timestamp":1546101215,"path_taken":["M","M","?","?","?","E","$","E","T","R","?","R","?","M","R","BOSS","M","M","?","?","?","?","E","?","T","R","M","R","M","M","R","BOSS","M","$","M","M","?","R","?","R","T","R","E","?","?","M","R","BOSS","R","$","E","BOSS"],"build_version":"2018-12-20","purchased_purges":1,"victory":false,"max_hp_per_floor":[80,80,80,80,80,80,80,83,83,83,83,83,83,86,86,86,86,86,89,92,64,69,69,69,69,69,69,72,72,75,78,78,78,78,81,81,84,84,84,84,84,84,84,84,88,92,92,92,92,96,96,96,96,99,99],"card_choices":[{"not_picked":["Corruption","Sword Boomerang"],"picked":"Iron Wave","floor":1},{"not_picked":["Iron Wave","Flex"],"picked":"Clash","floor":2},{"not_picked":["Entrench","Body Slam"],"picked":"Havoc","floor":3},{"not_picked":["Warcry","Evolve"],"picked":"Disarm","floor":6},{"not_picked":["Intimidate","Rage","Pummel"],"picked":"SKIP","floor":8},{"not_picked":["Warcry","Perfected Strike"],"picked":"Combust","floor":14},{"not_picked":["Berserk","Demon Form"],"picked":"Double Tap","floor":16},{"not_picked":["Armaments","Heavy Blade","Perfected Strike"],"picked":"SKIP","floor":18},{"not_picked":["Flex","Rage","Dual Wield"],"picked":"SKIP","floor":19},{"not_picked":["True Grit","Twin Strike","Hemokinesis+1"],"picked":"SKIP","floor":24},{"not_picked":["Entrench+1","Body Slam+1"],"picked":"Cleave+1","floor":28},{"not_picked":["Body Slam","Reaper","Shrug It Off"],"picked":"SKIP","floor":30},{"not_picked":["Thunderclap","Whirlwind"],"picked":"Spot Weakness","floor":31},{"not_picked":["Demon Form","Feed"],"picked":"Brutality","floor":33},{"not_picked":["Infernal Blade+1","Twin Strike+1"],"picked":"Armaments","floor":35},{"not_picked":["Havoc+1","Anger","Wild Strike"],"picked":"SKIP","floor":37},{"not_picked":["Wild Strike","Thunderclap+1"],"picked":"Combust+1","floor":38},{"not_picked":["Dual Wield","Reaper"],"picked":"Flex+1","floor":45},{"not_picked":["Bloodletting+1","Pommel Strike+1"],"picked":"Sword Boomerang+1","floor":46},{"not_picked":["Juggernaut","Wild Strike+1"],"picked":"Heavy Blade","floor":48},{"not_picked":["Iron Wave+1","Clash+1","Bludgeon"],"picked":"SKIP","floor":54}],"player_experience":415608,"relics_obtained":[{"floor":6,"key":"Bag of Preparation"},{"floor":8,"key":"Orichalcum"},{"floor":13,"key":"Gremlin Horn"},{"floor":24,"key":"Lantern"},{"floor":25,"key":"Mummified Hand"},{"floor":26,"key":"Pen Nib"},{"floor":43,"key":"Paper Frog"},{"floor":45,"key":"Ornamental Fan"},{"floor":54,"key":"Blue Candle"}],"event_choices":[{"damage_healed":0,"gold_gain":0,"player_choice":"Grow","damage_taken":0,"max_hp_gain":0,"max_hp_loss":0,"event_name":"Living Wall","floor":4,"gold_loss":0,"cards_upgraded":["Bash"]},{"cards_removed":["Defend_R"],"damage_healed":0,"gold_gain":0,"player_choice":"Card Removal","damage_taken":7,"max_hp_gain":0,"max_hp_loss":0,"event_name":"Golden Wing","floor":5,"gold_loss":0},{"cards_removed":["Strike_R"],"damage_healed":0,"gold_gain":0,"player_choice":"Card Removal","damage_taken":0,"max_hp_gain":0,"max_hp_loss":0,"event_name":"The Cleric","floor":11,"gold_loss":50},{"damage_healed":0,"gold_gain":0,"player_choice":"Fight","damage_taken":0,"max_hp_gain":0,"max_hp_loss":0,"event_name":"Colosseum","floor":20,"gold_loss":0},{"damage_healed":0,"gold_gain":0,"player_choice":"Fled From Nobs","damage_taken":0,"max_hp_gain":0,"max_hp_loss":0,"event_name":"Colosseum","floor":20,"gold_loss":0},{"damage_healed":0,"gold_gain":0,"player_choice":"Became a vampire","damage_taken":0,"max_hp_gain":0,"max_hp_loss":28,"event_name":"Vampires","floor":21,"gold_loss":0,"cards_obtained":["Bite","Bite","Bite","Bite","Bite"]},{"damage_healed":0,"gold_gain":0,"player_choice":"Shed Blood","damage_taken":16,"max_hp_gain":5,"max_hp_loss":0,"event_name":"Forgotten Altar","floor":22,"gold_loss":0},{"damage_healed":0,"gold_gain":0,"player_choice":"Read","damage_taken":0,"max_hp_gain":0,"max_hp_loss":0,"event_name":"The Library","floor":23,"gold_loss":0,"cards_obtained":["Headbutt"]},{"damage_healed":0,"gold_gain":0,"player_choice":"Paid","damage_taken":0,"relics_obtained":["Red Mask"],"max_hp_gain":0,"max_hp_loss":0,"event_name":"Tomb of Lord Red Mask","floor":39,"gold_loss":100},{"damage_healed":0,"gold_gain":0,"player_choice":"Rummage","damage_taken":0,"relics_obtained":["WarpedTongs"],"max_hp_gain":0,"max_hp_loss":0,"event_name":"Accursed Blacksmith","floor":41,"gold_loss":0,"cards_obtained":["Pain"]},{"damage_healed":0,"gold_gain":0,"player_choice":"Paid Gold","damage_taken":0,"relics_obtained":["Dream Catcher"],"max_hp_gain":0,"max_hp_loss":0,"event_name":"WeMeetAgain","floor":47,"gold_loss":124}],"is_beta":false,"boss_relics":[{"not_picked":["Sozu","Calling Bell"],"picked":"Runic Cube"},{"not_picked":["Velvet Choker","Snecko Eye"],"picked":"Empty Cage"}],"items_purged_floors":[36],"is_endless":false,"potions_floor_spawned":[1,6,8,24,31,33,45,48],"killed_by":"The Heart","ascension_level":0}