{"gold_per_floor":[118,118,133,133,150,150,161,193,193,15,33,65,85,99,99,198,198,212,212,224,241,24,24,44,77,103,114,114,130,130,130,130,225,225,244,244,261,261,261,288,22,22,22,41,74,89,89,0,0,0,0,0,0,30,30],"floor_reached":55,"playtime":4291,"items_purged":[],"score":809,"play_id":"0a01cfaa-43fe-4d45-a9e8-0b930cc5c39e","local_time":"20190105161237","is_ascension_mode":false,"campfire_choices":[{"data":"Cloak And Dagger","floor":6,"key":"SMITH"},{"floor":15,"key":"RECALL"},{"data":"Footwork","floor":23,"key":"SMITH"},{"data":"Cloak And Dagger","floor":28,"key":"SMITH"},{"data":"Cloak And Dagger","floor":30,"key":"SMITH"},{"floor":32,"key":"REST"},{"data":"Apotheosis","floor":42,"key":"SMITH"},{"data":"Infinite Blades","floor":49,"key":"SMITH"},{"data":"Madness","floor":52,"key":"SMITH"}],"neow_cost":"NONE","seed_source_timestamp":572878532334624,"circlet_count":0,"master_deck":["Defend_G","Defend_G","Defend_G","Defend_G","Strike_G","Strike_G+1","Strike_G","Survivor","Neutralize","Cloak And Dagger+1","Leg Sweep","Endless Agony","Backstab+1","Underhanded Strike","Reflex","Prepared","Backflip","Slice","Terror","Cloak And Dagger+1","A Thousand Cuts+1","Blade Dance","Distraction","Dagger Throw","Acrobatics","Cloak And Dagger+1","Tactician+1","Quick Slash+1","Footwork+1","Backflip+1","Glass Knife+1","Flying Knee+1","Escape Plan+1","Bullet Time","Underhanded Strike+1","Well Laid Plans+1","Madness+1","Madness","Apotheosis+1","Infinite Blades+1","Endless Agony+1","Acrobatics+1","Dodge and Roll+1","Distraction+1"],"relics":["Ring of the Snake","Shuriken","Whetstone","Letter Opener","Orrery","Molten Egg 2","Oddly Smooth Stone","Juzu Bracelet","Bag of Preparation","MutagenicStrength","Sozu","Anchor","Kunai","Darkstone Periapt","Red Mask","Nunchaku"],"potions_floor_usage":[8,16,18,24,25,25,25,33,33,55],"damage_taken":[{"damage":0,"enemies":"Cultist","floor":1,"turns":4},{"damage":0,"enemies":"Small Slimes","floor":3,"turns":6},{"damage":0,"enemies":"Jaw Worm","floor":5,"turns":3},{"damage":1,"enemies":"Exordium Thugs","floor":7,"turns":5},{"damage":2,"enemies":"3 Sentries","floor":8,"turns":7},{"damage":0,"enemies":"3 Louse","floor":11,"turns":2},{"damage":7,"enemies":"Lagavulin","floor":12,"turns":6},{"damage":0,"enemies":"2 Fungi Beasts","floor":13,"turns":2},{"damage":0,"enemies":"Looter","floor":14,"turns":1},{"damage":0,"enemies":"Slime Boss","floor":16,"turns":6},{"damage":7,"enemies":"2 Thieves","floor":18,"turns":3},{"damage":10,"enemies":"3 Byrds","floor":20,"turns":4},{"damage":18,"enemies":"Snake Plant","floor":21,"turns":3},{"damage":14,"enemies":"Centurion and Healer","floor":24,"turns":5},{"damage":9,"enemies":"Slavers","floor":25,"turns":5},{"damage":2,"enemies":"3 Cultists","floor":27,"turns":4},{"damage":5,"enemies":"Snake Plant","floor":29,"turns":3},{"damage":26,"enemies":"Champ","floor":33,"turns":8},{"damage":13,"enemies":"3 Darklings","floor":35,"turns":4},{"damage":0,"enemies":"Orb Walker","floor":37,"turns":1},{"damage":2,"enemies":"Nemesis","floor":40,"turns":5},{"damage":17,"enemies":"Maw","floor":44,"turns":5},{"damage":18,"enemies":"Giant Head","floor":45,"turns":6},{"damage":0,"enemies":"Transient","floor":46,"turns":5},{"damage":2,"enemies":"Awakened One","floor":50,"turns":8},{"damage":0,"enemies":"Shield and Spear","floor":54,"turns":5},{"damage":95,"enemies":"The Heart","floor":55,"turns":3}],"seed_played":"-569494381005657209","potions_obtained":[{"floor":3,"key":"Energy Potion"},{"floor":5,"key":"Strength Potion"},{"floor":7,"key":"Fire Potion"},{"floor":12,"key":"Regen Potion"},{"floor":16,"key":"PowerPotion"},{"floor":21,"key":"Fire Potion"},{"floor":24,"key":"SkillPotion"},{"floor":25,"key":"FearPotion"},{"floor":27,"key":"Ancient Potion"},{"floor":33,"key":"Dexterity Potion"}],"is_trial":false,"path_per_floor":["M","?","M","?","M","R","M","E","T","$","M","E","M","M","R","B",null,"M","?","M","M","$","R","M","E","T","M","R","M","R","?","R","B",null,"M","?","M","?","?","E","$","R","T","M","E","M","?","?","R","B",null,"R","$","E","B"],"character_chosen":"THE_SILENT","items_purchased":["Whetstone","Prepared","Oddly Smooth Stone","Footwork","Apotheosis","Infinite Blades"],"campfire_rested":1,"item_purchase_floors":[10,10,22,22,41,41],"current_hp_per_floor":[70,70,70,70,70,70,69,67,67,67,67,60,60,60,60,60,70,63,63,53,35,35,35,33,24,24,22,22,17,17,17,38,12,70,57,57,57,57,48,46,46,46,46,29,11,11,61,61,61,59,61,61,61,61,0],"gold":30,"neow_bonus":"TRANSFORM_CARD","is_prod":false,"is_daily":false,"chose_seed":false,"campfire_upgraded":7,"win_rate":0,"timestamp":1546704757,"path_taken":["M","?","?","?","?","R","M","E","T","$","M","E","M","M","R","BOSS","M","?","M","M","?","R","M","E","T","M","R","M","R","?","R","BOSS","M","?","M","?","?","E","$","R","T","M","E","M","?","?","R","BOSS","R","$","E","BOSS"],"build_version":"2019-01-03v4","purchased_purges":0,"victory":false,"max_hp_per_floor":[70,70,70,70,70,70,70,70,70,70,70,70,70,70,70,70,70,70,70,70,70,70,70,70,70,70,70,70,70,70,70,70,70,70,70,70,70,70,70,70,70,70,70,70,70,70,61,61,61,61,61,61,61,61,61],"card_choices":[{"not_picked":["Sucker Punch","Dash"],"picked":"Leg Sweep","floor":1},{"not_picked":["Expertise","Eviscerate"],"picked":"Underhanded Strike","floor":3},{"not_picked":["All Out Attack","Blade Dance"],"picked":"Backstab","floor":5},{"not_picked":["Poisoned Stab","Bane"],"picked":"Underhanded Strike","floor":7},{"not_picked":["Prepared","A Thousand Cuts"],"picked":"Reflex","floor":8},{"not_picked":["Expertise","Calculated Gamble"],"picked":"Backflip","floor":11},{"not_picked":["Deadly Poison","Quick Slash"],"picked":"Slice","floor":12},{"not_picked":["Calculated Gamble","PiercingWail"],"picked":"Terror","floor":13},{"not_picked":["Sucker Punch","Backflip"],"picked":"Cloak And Dagger","floor":14},{"not_picked":["Night Terror","Grand Finale"],"picked":"A Thousand Cuts","floor":16},{"not_picked":["Quick Slash","Concentrate"],"picked":"Blade Dance","floor":17},{"not_picked":["Dash","Predator"],"picked":"Distraction","floor":17},{"not_picked":["Underhanded Strike","Acrobatics"],"picked":"Flying Knee","floor":17},{"not_picked":["Expertise","Crippling Poison"],"picked":"Dagger Throw","floor":17},{"not_picked":["Slice","Skewer"],"picked":"Acrobatics","floor":17},{"not_picked":["Bane","Quick Slash"],"picked":"Cloak And Dagger","floor":18},{"not_picked":["Escape Plan","Deflect+1"],"picked":"Tactician+1","floor":20},{"not_picked":["Leg Sweep+1","Acrobatics"],"picked":"Quick Slash+1","floor":21},{"not_picked":["Blur","PiercingWail"],"picked":"Backflip+1","floor":24},{"not_picked":["Slice+1","Catalyst"],"picked":"Glass Knife+1","floor":25},{"not_picked":["Deflect","Underhanded Strike+1"],"picked":"Flying Knee+1","floor":27},{"not_picked":["Cloak And Dagger","Slice+1"],"picked":"Escape Plan+1","floor":29},{"not_picked":["Grand Finale+1","Phantasmal Killer"],"picked":"Bullet Time","floor":33},{"not_picked":["Backflip+1","Deflect+1"],"picked":"Underhanded Strike+1","floor":35},{"not_picked":["Expertise","Bouncing Flask+1"],"picked":"Well Laid Plans+1","floor":37},{"not_picked":["Crippling Poison+1","Dodge and Roll","Grand Finale+1"],"picked":"SKIP","floor":40},{"not_picked":["Acrobatics","Quick Slash+1"],"picked":"Endless Agony+1","floor":44},{"not_picked":["Bane+1","Escape Plan+1"],"picked":"Acrobatics+1","floor":45},{"not_picked":["Underhanded Strike+1","Dagger Spray+1"],"picked":"Dodge and Roll+1","floor":46},{"not_picked":["Corpse Explosion","Glass Knife+1"],"picked":"Distraction+1","floor":54}],"player_experience":437557,"relics_obtained":[{"floor":8,"key":"Shuriken"},{"floor":12,"key":"Letter Opener"},{"floor":25,"key":"Juzu Bracelet"},{"floor":26,"key":"Bag of Preparation"},{"floor":40,"key":"Anchor"},{"floor":43,"key":"Kunai"},{"floor":45,"key":"Darkstone Periapt"},{"floor":54,"key":"Nunchaku"}],"event_choices":[{"cards_removed":["Strike_G"],"damage_healed":0,"gold_gain":0,"player_choice":"Offered Basic","damage_taken":0,"max_hp_gain":0,"max_hp_loss":0,"event_name":"Bonfire Elementals","floor":2,"gold_loss":0},{"damage_healed":0,"gold_gain":0,"cards_transformed":["Strike_G"],"player_choice":"Transformed","damage_taken":0,"max_hp_gain":0,"max_hp_loss":0,"event_name":"Transmorgrifier","floor":4,"gold_loss":0,"cards_obtained":["Endless Agony"]},{"cards_removed":["Flying Knee"],"damage_healed":0,"gold_gain":0,"player_choice":"Gave Card","damage_taken":0,"relics_obtained":["Molten Egg 2"],"max_hp_gain":0,"max_hp_loss":0,"event_name":"WeMeetAgain","floor":19,"gold_loss":0},{"damage_healed":0,"gold_gain":0,"player_choice":"Inject Mutagens","damage_taken":0,"relics_obtained":["MutagenicStrength"],"max_hp_gain":0,"max_hp_loss":0,"event_name":"Drug Dealer","floor":31,"gold_loss":0},{"cards_removed":["Underhanded Strike"],"damage_healed":0,"gold_gain":0,"player_choice":"Removed Attack","damage_taken":0,"max_hp_gain":0,"max_hp_loss":0,"event_name":"Falling","floor":36,"gold_loss":0},{"damage_healed":0,"gold_gain":0,"player_choice":"Upgraded","damage_taken":0,"max_hp_gain":0,"max_hp_loss":0,"event_name":"Upgrade Shrine","floor":38,"gold_loss":0,"cards_upgraded":["A Thousand Cuts"]},{"damage_healed":0,"gold_gain":0,"player_choice":"Embrace Madness","damage_taken":9,"max_hp_gain":0,"max_hp_loss":0,"event_name":"Winding Halls","floor":39,"gold_loss":0,"cards_obtained":["Madness","Madness"]},{"damage_healed":61,"gold_gain":0,"player_choice":"Heal","damage_taken":0,"max_hp_gain":0,"max_hp_loss":9,"event_name":"The Moai Head","floor":47,"gold_loss":0},{"damage_healed":0,"gold_gain":0,"player_choice":"Paid","damage_taken":0,"relics_obtained":["Red Mask"],"max_hp_gain":0,"max_hp_loss":0,"event_name":"Tomb of Lord Red Mask","floor":48,"gold_loss":89}],"is_beta":false,"boss_relics":[{"not_picked":["Philosopher\u0027s Stone","Runic Pyramid"],"picked":"Orrery"},{"not_picked":["Fusion Hammer","Velvet Choker"],"picked":"Sozu"}],"items_purged_floors":[],"is_endless":false,"potions_floor_spawned":[3,5,7,12,16,21,24,25,27,33,44,45,54],"killed_by":"The Heart","ascension_level":0}