{"gold_per_floor":[109,13,13,13,32,32,42,71,71,71,83,83,100,165,165,261,261,278,312,324,334,334,361,361,375,375,385,385,385,385,385,385,490,490,500,519,460,75,92,124,124,143,143,143,160,186,199,211,211,211],"floor_reached":51,"playtime":3766,"items_purged":["Defend_G"],"score":1000,"play_id":"b3541cd9-0a4d-4f32-97b3-1729fe714443","local_time":"20181224145313","is_ascension_mode":true,"campfire_choices":[{"data":"Footwork","floor":6,"key":"SMITH"},{"data":"Blade Dance","floor":10,"key":"SMITH"},{"floor":15,"key":"REST"},{"floor":24,"key":"REST"},{"data":"Doubt","floor":29,"key":"PURGE"},{"data":"Shame","floor":32,"key":"PURGE"},{"floor":41,"key":"DIG"},{"data":"Noxious Fumes","floor":44,"key":"SMITH"},{"floor":49,"key":"DIG"}],"neow_cost":"NONE","seed_source_timestamp":316101152783839,"circlet_count":0,"master_deck":["Defend_G","Defend_G","Defend_G","Defend_G","Strike_G","Strike_G","Strike_G+1","Strike_G+1","Survivor","Neutralize","All Out Attack","Cloak And Dagger+1","Footwork+1","Blade Dance+1","Tactician","Dodge and Roll","Accuracy","Tools of the Trade","Infinite Blades","Backstab+1","Ghostly","Ghostly","Ghostly","Ghostly","Ghostly","Backstab","RitualDagger","Adrenaline","Infinite Blades","Endless Agony","Finesse","Panache","Noxious Fumes+1","Regret","Backflip"],"relics":["Ring of the Snake","Singing Bowl","Kunai","Whetstone","Peace Pipe","Cursed Key","Red Mask","Ancient Tea Set","Meat on the Bone","Unceasing Top","Letter Opener","Shovel","Nunchaku","Boot","Ornamental Fan","The Specimen"],"potions_floor_usage":[8,14,16,23,42,45,50,50,50],"damage_taken":[{"damage":5,"enemies":"Small Slimes","floor":1,"turns":4},{"damage":16,"enemies":"Jaw Worm","floor":5,"turns":5},{"damage":0,"enemies":"Cultist","floor":7,"turns":4},{"damage":38,"enemies":"Gremlin Nob","floor":8,"turns":5},{"damage":2,"enemies":"Exordium Thugs","floor":11,"turns":6},{"damage":0,"enemies":"Blue Slaver","floor":13,"turns":2},{"damage":5,"enemies":"Lagavulin Event","floor":14,"turns":6},{"damage":10,"enemies":"Hexaghost","floor":16,"turns":10},{"damage":0,"enemies":"Spheric Guardian","floor":18,"turns":4},{"damage":36,"enemies":"Masked Bandits","floor":19,"turns":4},{"damage":7,"enemies":"Chosen","floor":20,"turns":5},{"damage":16,"enemies":"3 Cultists","floor":21,"turns":5},{"damage":6,"enemies":"Book of Stabbing","floor":23,"turns":8},{"damage":5,"enemies":"Centurion and Healer","floor":25,"turns":10},{"damage":1,"enemies":"Chosen and Byrds","floor":27,"turns":9},{"damage":22,"enemies":"Champ","floor":33,"turns":17},{"damage":2,"enemies":"3 Shapes","floor":35,"turns":6},{"damage":0,"enemies":"3 Darklings","floor":36,"turns":6},{"damage":0,"enemies":"Transient","floor":39,"turns":5},{"damage":22,"enemies":"Giant Head","floor":40,"turns":9},{"damage":5,"enemies":"4 Shapes","floor":42,"turns":4},{"damage":26,"enemies":"Writhing Mass","floor":45,"turns":6},{"damage":0,"enemies":"Reptomancer","floor":46,"turns":6},{"damage":1,"enemies":"Maw","floor":47,"turns":7},{"damage":0,"enemies":"Jaw Worm Horde","floor":48,"turns":4},{"damage":27,"enemies":"Time Eater","floor":50,"turns":13}],"seed_played":"-1136758182603430062","potions_obtained":[{"floor":1,"key":"Fire Potion"},{"floor":13,"key":"PowerPotion"},{"floor":14,"key":"LiquidBronze"},{"floor":18,"key":"Energy Potion"},{"floor":21,"key":"FairyPotion"},{"floor":25,"key":"Dexterity Potion"},{"floor":33,"key":"SkillPotion"},{"floor":35,"key":"SteroidPotion"},{"floor":42,"key":"SkillPotion"},{"floor":45,"key":"AttackPotion"}],"is_trial":false,"path_per_floor":["M","$","?","?","M","R","M","E","T","R","M","T","M","?","R","B",null,"M","?","M","M","?","E","R","M","T","M","?","R","?","T","R","B",null,"M","M","?","$","M","E","R","M","T","R","M","E","M","M","R","B",null],"character_chosen":"THE_SILENT","items_purchased":["Footwork","Blade Dance","Endless Agony","Finesse","Panache"],"campfire_rested":2,"item_purchase_floors":[2,2,38,38,38],"current_hp_per_floor":[58,58,63,63,47,47,47,11,11,11,9,9,11,8,32,22,66,66,32,27,11,11,7,20,17,17,28,22,22,15,15,15,17,43,41,43,43,43,45,37,37,32,32,32,20,34,35,35,35,20],"gold":211,"neow_bonus":"TRANSFORM_CARD","is_prod":false,"is_daily":false,"chose_seed":false,"campfire_upgraded":3,"win_rate":0,"timestamp":1545663193,"path_taken":["M","$","?","?","M","R","M","E","T","R","?","?","M","?","R","BOSS","M","?","M","M","?","E","R","?","T","M","?","R","?","?","R","BOSS","M","?","?","$","M","E","R","M","T","R","M","E","M","M","R","BOSS"],"build_version":"2018-12-20","purchased_purges":1,"victory":true,"max_hp_per_floor":[70,70,75,75,75,75,75,77,77,77,77,77,79,81,81,81,81,81,83,85,85,42,44,44,46,46,46,46,46,51,51,51,51,51,51,53,53,53,55,57,57,57,57,57,59,61,63,63,63,63],"card_choices":[{"not_picked":["Reflex","Slice"],"picked":"Cloak And Dagger","floor":1},{"not_picked":["Backflip","Deadly Poison"],"picked":"Tactician","floor":5},{"not_picked":["Flying Knee","Bane"],"picked":"Dodge and Roll","floor":7},{"not_picked":["All Out Attack","Cloak And Dagger","Dagger Throw"],"picked":"Singing Bowl","floor":8},{"not_picked":["Malaise","Heel Hook"],"picked":"Accuracy","floor":11},{"not_picked":["Acrobatics","Reflex","Poisoned Stab"],"picked":"Singing Bowl","floor":13},{"not_picked":["Reflex","Bouncing Flask","Sucker Punch"],"picked":"Singing Bowl","floor":14},{"not_picked":["Glass Knife","Adrenaline"],"picked":"Tools of the Trade","floor":16},{"not_picked":["Reflex","Quick Slash+1"],"picked":"Infinite Blades","floor":18},{"not_picked":["Deflect","Deadly Poison+1","Dagger Throw"],"picked":"Singing Bowl","floor":19},{"not_picked":["Noxious Fumes","Acrobatics","Setup+1"],"picked":"Singing Bowl","floor":20},{"not_picked":["Flechettes","Tactician"],"picked":"Backstab+1","floor":21},{"not_picked":["Distraction","PiercingWail","Blade Dance"],"picked":"Singing Bowl","floor":23},{"not_picked":["Dagger Throw+1","Crippling Poison","Dagger Spray"],"picked":"Singing Bowl","floor":25},{"not_picked":["Storm of Steel","Reflex+1"],"picked":"Backstab","floor":27},{"not_picked":["Wraith Form v2","Unload"],"picked":"Adrenaline","floor":33},{"not_picked":["Underhanded Strike+1","Choke"],"picked":"Infinite Blades","floor":35},{"not_picked":["Blade Dance","Bane+1","Cloak And Dagger"],"picked":"Singing Bowl","floor":36},{"not_picked":["Leg Sweep+1","Expertise+1","Sucker Punch"],"picked":"Singing Bowl","floor":39},{"not_picked":["Slice","Bane+1","Flying Knee+1"],"picked":"Singing Bowl","floor":40},{"not_picked":["Dagger Spray+1","Flechettes"],"picked":"Noxious Fumes","floor":42},{"not_picked":["Deadly Poison+1","Outmaneuver","Acrobatics"],"picked":"Singing Bowl","floor":45},{"not_picked":["Choke","Grand Finale","Caltrops"],"picked":"Singing Bowl","floor":46},{"not_picked":["Deadly Poison+1","Slice","Outmaneuver"],"picked":"Singing Bowl","floor":47},{"not_picked":["Prepared","Dagger Spray"],"picked":"Backflip","floor":48}],"player_experience":387745,"relics_obtained":[{"floor":8,"key":"Singing Bowl"},{"floor":9,"key":"Kunai"},{"floor":12,"key":"Whetstone"},{"floor":14,"key":"Peace Pipe"},{"floor":19,"key":"Red Mask"},{"floor":23,"key":"Ancient Tea Set"},{"floor":26,"key":"Meat on the Bone"},{"floor":31,"key":"Unceasing Top"},{"floor":40,"key":"Shovel"},{"floor":41,"key":"Nunchaku"},{"floor":43,"key":"Boot"},{"floor":46,"key":"Ornamental Fan"},{"floor":49,"key":"The Specimen"}],"event_choices":[{"damage_healed":0,"gold_gain":0,"player_choice":"Donut","damage_taken":0,"max_hp_gain":5,"max_hp_loss":0,"event_name":"Big Fish","floor":3,"gold_loss":0},{"damage_healed":0,"gold_gain":0,"player_choice":"Upgraded","damage_taken":0,"max_hp_gain":0,"max_hp_loss":0,"event_name":"Upgrade Shrine","floor":4,"gold_loss":0,"cards_upgraded":["Cloak And Dagger"]},{"damage_healed":0,"gold_gain":0,"player_choice":"Searched \u00271\u0027 times","damage_taken":0,"max_hp_gain":0,"max_hp_loss":0,"event_name":"Dead Adventurer","floor":14,"gold_loss":0},{"damage_healed":0,"gold_gain":0,"player_choice":"Fought Bandits","damage_taken":0,"max_hp_gain":0,"max_hp_loss":0,"event_name":"Masked Bandits","floor":19,"gold_loss":0},{"damage_healed":0,"gold_gain":0,"player_choice":"Became a Ghost","damage_taken":0,"max_hp_gain":0,"max_hp_loss":43,"event_name":"Ghosts","floor":22,"gold_loss":0,"cards_obtained":["Ghostly","Ghostly","Ghostly","Ghostly","Ghostly"]},{"damage_healed":0,"gold_gain":0,"player_choice":"Joined the Cult","damage_taken":6,"max_hp_gain":0,"max_hp_loss":0,"event_name":"Nest","floor":28,"gold_loss":0,"cards_obtained":["RitualDagger"]},{"damage_healed":0,"gold_gain":0,"player_choice":"Shed Blood","damage_taken":12,"max_hp_gain":5,"max_hp_loss":0,"event_name":"Forgotten Altar","floor":30,"gold_loss":0},{"damage_healed":0,"gold_gain":0,"player_choice":"Paid Gold","damage_taken":0,"relics_obtained":["Letter Opener"],"max_hp_gain":0,"max_hp_loss":0,"event_name":"WeMeetAgain","floor":37,"gold_loss":59}],"is_beta":false,"boss_relics":[{"not_picked":["Sozu","Astrolabe"],"picked":"Cursed Key"},{"not_picked":["Snecko Eye","Runic Dome","Velvet Choker"]}],"items_purged_floors":[38],"is_endless":false,"potions_floor_spawned":[1,13,14,18,21,25,33,35,36,42,45,48],"ascension_level":7}