{"gold_per_floor":[111,111,186,186,203,235,44,73,73,73,83,83,68],"floor_reached":13,"playtime":687,"items_purged":[],"score":127,"play_id":"00226e97-3987-4258-bf47-4dbc277cacf9","local_time":"20190222011907","is_ascension_mode":true,"campfire_choices":[{"data":"Transmutation","floor":10,"key":"SMITH"}],"neow_cost":"NONE","seed_source_timestamp":399422738062643,"circlet_count":0,"master_deck":["Strike_R","Strike_R","Strike_R","Defend_R+1","Defend_R","Defend_R+1","Defend_R","Corruption","Rupture","Spot Weakness","Armaments","Infernal Blade","Transmutation+1","Flex","Clothesline","Pommel Strike"],"relics":["Burning Blood","Gambling Chip","War Paint","Calipers","Question Card"],"potions_floor_usage":[6],"damage_taken":[{"damage":0,"enemies":"2 Louse","floor":1,"turns":2},{"damage":8,"enemies":"Jaw Worm","floor":5,"turns":4},{"damage":54,"enemies":"3 Sentries","floor":6,"turns":13},{"damage":10,"enemies":"Lagavulin","floor":8,"turns":8},{"damage":11,"enemies":"Small Slimes","floor":11,"turns":3},{"damage":19,"enemies":"Exordium Thugs","floor":13,"turns":1}],"seed_played":"6242492333316223993","potions_obtained":[{"floor":1,"key":"Regen Potion"},{"floor":6,"key":"BloodPotion"},{"floor":8,"key":"Ancient Potion"}],"is_trial":false,"path_per_floor":["M","?","?","?","M","E","$","E","T","R","M","?","M"],"character_chosen":"IRONCLAD","items_purchased":["Transmutation","Flex"],"campfire_rested":0,"item_purchase_floors":[7,7],"current_hp_per_floor":[78,78,67,60,58,25,25,21,21,21,16,13,0],"gold":68,"neow_bonus":"TRANSFORM_CARD","is_prod":false,"is_daily":false,"chose_seed":false,"campfire_upgraded":1,"win_rate":0,"timestamp":1550798347,"path_taken":["M","?","?","?","M","E","?","E","T","R","M","?","M"],"build_version":"2019-01-23","purchased_purges":0,"victory":false,"max_hp_per_floor":[80,80,80,80,80,80,80,80,80,80,80,80,80],"card_choices":[{"not_picked":["Sentinel","Havoc"],"picked":"Rupture","floor":1},{"not_picked":["Havoc","Flex"],"picked":"Armaments","floor":5},{"not_picked":["Twin Strike","Immolate"],"picked":"Infernal Blade","floor":6},{"not_picked":["Burning Pact","Iron Wave"],"picked":"Clothesline","floor":8},{"not_picked":["Anger","Clash"],"picked":"Pommel Strike","floor":11}],"player_experience":470061,"relics_obtained":[{"floor":6,"key":"Gambling Chip"},{"floor":8,"key":"War Paint"},{"floor":9,"key":"Calipers"}],"event_choices":[{"damage_healed":0,"gold_gain":0,"cards_transformed":["Strike_R"],"player_choice":"Change","damage_taken":0,"max_hp_gain":0,"max_hp_loss":0,"event_name":"Living Wall","floor":2,"gold_loss":0,"cards_obtained":["Spot Weakness"]},{"damage_healed":0,"gold_gain":75,"player_choice":"Gather Gold","damage_taken":11,"max_hp_gain":0,"max_hp_loss":0,"event_name":"World of Goop","floor":3,"gold_loss":0},{"cards_removed":["Bash"],"damage_healed":0,"gold_gain":0,"player_choice":"Card Removal","damage_taken":7,"max_hp_gain":0,"max_hp_loss":0,"event_name":"Golden Wing","floor":4,"gold_loss":0},{"damage_healed":0,"gold_gain":0,"player_choice":"Success","damage_taken":3,"relics_obtained":["Question Card"],"max_hp_gain":0,"max_hp_loss":0,"event_name":"Scrap Ooze","floor":12,"gold_loss":0}],"is_beta":false,"boss_relics":[],"items_purged_floors":[],"is_endless":false,"potions_floor_spawned":[1,6,8],"killed_by":"Exordium Thugs","ascension_level":8}