{"path_per_floor":["M","?","$","M","M","R","E","R","T","?","E","M","M","E","R","B",null,"M","?","M","M","M","R","E"],"character_chosen":"IRONCLAD","items_purchased":[],"gold_per_floor":[109,59,59,71,83,83,109,109,109,209,237,247,261,292,292,394,394,408,408,425,440,457,457,491],"floor_reached":25,"campfire_rested":0,"playtime":2532,"current_hp_per_floor":[78,78,78,80,80,80,57,57,57,57,52,57,63,56,63,9,87,75,75,60,41,33,39,13],"items_purged":[],"gold":491,"play_id":"a6bf6619-b6f5-4049-857a-3d8f533afc0c","is_prod":false,"is_daily":false,"is_ascension_mode":false,"campfire_upgraded":1,"path_taken":["M","?","?","?","?","R","E","R","T","?","E","M","M","E","R","BOSS","M","?","?","M","M","R","E","M"],"build_version":"2018-02-01-PROD3","purchased_purges":0,"victory":false,"master_deck":["Strike_R","Strike_R","Strike_R","Strike_R","Strike_R","Defend_R","Defend_R","Defend_R","Defend_R","Iron Wave","Rampage+1","Barricade","Shrug It Off","Impervious","Battle Trance","Armaments"],"max_hp_per_floor":[80,80,80,80,80,80,80,80,80,80,80,80,80,80,87,87,87,87,87,87,87,87,87,87],"relics":["Burning Blood","Anchor","Shovel","Lantern","Bronze Scales","Pen Nib","Matryoshka","Strawberry","Eternal Feather","Peace Pipe","Prayer Wheel"],"card_choices":[{"not_picked":["Intimidate","Shrug It Off"],"picked":"Iron Wave"},{"not_picked":["Headbutt","Pommel Strike"],"picked":"Rampage"},{"not_picked":["Second Wind","Metallicize"],"picked":"Barricade"},{"not_picked":["Wild Strike","Infernal Blade"],"picked":"Shrug It Off"},{"not_picked":["Juggernaut","Bludgeon"],"picked":"Impervious"},{"not_picked":["Warcry","Brutality"],"picked":"Armaments"}],"player_experience":95021,"potions_floor_usage":[12,14,16,21,21,24,24],"damage_taken":[{"damage":8,"enemies":"Jaw Worm","floor":1,"turns":3},{"damage":2,"enemies":"Small Slimes","floor":4,"turns":4},{"damage":0,"enemies":"Cultist","floor":5,"turns":4},{"damage":29,"enemies":"Gremlin Nob","floor":7,"turns":5},{"damage":11,"enemies":"Lagavulin","floor":11,"turns":7},{"damage":1,"enemies":"Red Slaver","floor":12,"turns":4},{"damage":0,"enemies":"Gremlin Gang","floor":13,"turns":4},{"damage":13,"enemies":"Gremlin Nob","floor":14,"turns":4},{"damage":60,"enemies":"The Guardian","floor":16,"turns":9},{"damage":18,"enemies":"Chosen","floor":18,"turns":8},{"damage":21,"enemies":"3 Byrds","floor":20,"turns":3},{"damage":25,"enemies":"Centurion and Healer","floor":21,"turns":9},{"damage":14,"enemies":"Slaver and Parasite","floor":22,"turns":8},{"damage":32,"enemies":"Slavers","floor":24,"turns":9},{"damage":16,"enemies":"Cultist and Chosen","floor":25,"turns":4}],"event_choices":[{"event_name":"The Cleric","player_choice":"Card Removal","floor":2,"damage_taken":0},{"event_name":"Golden Shrine","player_choice":"Pray","floor":10,"damage_taken":0},{"event_name":"The Library","player_choice":"Read","floor":19,"damage_taken":0}],"boss_relics":[{"not_picked":["Philosopher\u0027s Stone","Ectoplasm"],"picked":"Eternal Feather"}],"potions_floor_spawned":[1,5,11,12,14,20,22],"seed_played":"-4521757885657255585","killed_by":"Cultist and Chosen","ascension_level":0,"is_trial":false}