{"gold_per_floor":[116,116,116,169,185,185,204,204,231,231,231,231,49,49,49,49],"floor_reached":16,"playtime":648,"items_purged":[],"score":86,"play_id":"ed9e8bbc-d2e0-43bd-9064-94de2b8fe063","local_time":"20190107095145","is_ascension_mode":false,"campfire_choices":[{"data":"Dualcast","floor":6,"key":"SMITH"},{"floor":8,"key":"RECALL"},{"data":"Defend_B","floor":10,"key":"SMITH"},{"data":"Defend_B","floor":12,"key":"SMITH"},{"floor":15,"key":"REST"}],"neow_cost":"PERCENT_DAMAGE","seed_source_timestamp":726484415929244,"circlet_count":0,"master_deck":["Strike_B","Strike_B","Strike_B+1","Strike_B+1","Defend_B+1","Defend_B+1","Defend_B","Defend_B","Zap+1","Dualcast+1","All For One","Metamorphosis"],"relics":["Cracked Core","Golden Idol"],"potions_floor_usage":[16,16],"damage_taken":[{"damage":0,"enemies":"2 Louse","floor":1,"turns":2},{"damage":5,"enemies":"Small Slimes","floor":5,"turns":3},{"damage":0,"enemies":"Jaw Worm","floor":7,"turns":2},{"damage":38,"enemies":"The Guardian","floor":16,"turns":9}],"seed_played":"1133998869747211713","potions_obtained":[{"floor":5,"key":"Fire Potion"},{"floor":7,"key":"Dexterity Potion"}],"is_trial":false,"path_per_floor":["M","?","?","?","M","R","M","R","T","R","?","R","$","?","R","B"],"character_chosen":"DEFECT","items_purchased":["Metamorphosis"],"campfire_rested":1,"item_purchase_floors":[13],"current_hp_per_floor":[54,36,36,36,31,31,31,31,31,31,16,16,16,16,38,0],"gold":49,"neow_bonus":"THREE_RARE_CARDS","is_prod":false,"is_daily":false,"chose_seed":false,"campfire_upgraded":3,"win_rate":0,"timestamp":1546854705,"path_taken":["M","?","?","?","M","R","M","R","T","R","?","R","$","?","R","BOSS"],"build_version":"2019-01-03v4","purchased_purges":0,"victory":false,"max_hp_per_floor":[75,75,75,75,75,75,75,75,75,75,75,75,75,75,75,75],"card_choices":[{"not_picked":["Thunder Strike","Seek"],"picked":"All For One","floor":0},{"not_picked":["Coolheaded","Barrage","Ball Lightning"],"picked":"SKIP","floor":1},{"not_picked":["Darkness","Redo","Aggregate"],"picked":"SKIP","floor":5},{"not_picked":["Turbo","Compile Driver","Rainbow"],"picked":"SKIP","floor":7}],"player_experience":456854,"relics_obtained":[],"event_choices":[{"damage_healed":0,"gold_gain":0,"player_choice":"Take Damage","damage_taken":18,"relics_obtained":["Golden Idol"],"max_hp_gain":0,"max_hp_loss":0,"event_name":"Golden Idol","floor":2,"gold_loss":0},{"damage_healed":0,"gold_gain":0,"player_choice":"Grow","damage_taken":0,"max_hp_gain":0,"max_hp_loss":0,"event_name":"Living Wall","floor":3,"gold_loss":0,"cards_upgraded":["Zap"]},{"damage_healed":0,"gold_gain":53,"player_choice":"Gained Gold","damage_taken":0,"max_hp_gain":0,"max_hp_loss":0,"event_name":"Golden Wing","floor":4,"gold_loss":0},{"damage_healed":0,"gold_gain":0,"player_choice":"Entered Light","damage_taken":15,"max_hp_gain":0,"max_hp_loss":0,"event_name":"Shining Light","floor":11,"gold_loss":0,"cards_upgraded":["Strike_B","Strike_B"]},{"damage_healed":0,"gold_gain":0,"player_choice":"Ignored","damage_taken":0,"max_hp_gain":0,"max_hp_loss":0,"event_name":"Liars Game","floor":14,"gold_loss":0}],"is_beta":false,"boss_relics":[],"items_purged_floors":[],"is_endless":false,"potions_floor_spawned":[5,7],"killed_by":"The Guardian","ascension_level":0}