{"gold_per_floor":[115,126,126,51,51,51,82,82,162,187,187,201,201,29,29,29],"floor_reached":16,"playtime":743,"items_purged":[],"score":201,"play_id":"296f8c04-f04b-4f3e-8620-efd22b1f3a74","local_time":"20190414181939","is_ascension_mode":true,"campfire_choices":[{"data":"Neutralize","floor":6.0,"key":"SMITH"},{"floor":8.0,"key":"REST"},{"floor":11,"key":"REST"},{"floor":13,"key":"REST"},{"data":"Skewer","floor":15,"key":"SMITH"}],"neow_cost":"NONE","seed_source_timestamp":250801675510214,"circlet_count":0,"master_deck":["AscendersBane","Defend_G","Defend_G","Defend_G","Defend_G","Defend_G","Strike_G","Strike_G","Strike_G","Survivor","Neutralize+1","Flying Knee","Heel Hook","Predator","Skewer+1"],"special_seed":0,"relics":["Ring of the Snake","The Specimen","Darkstone Periapt","Mercury Hourglass","Singing Bowl","Oddly Smooth Stone"],"potions_floor_usage":[10],"damage_taken":[{"damage":6.0,"enemies":"Jaw Worm","floor":1.0,"turns":5.0},{"damage":2.0,"enemies":"2 Louse","floor":2.0,"turns":4.0},{"damage":36.0,"enemies":"3 Sentries","floor":7.0,"turns":19.0},{"damage":27,"enemies":"Gremlin Nob","floor":10,"turns":5},{"damage":0,"enemies":"Small Slimes","floor":12,"turns":3},{"damage":53,"enemies":"Slime Boss","floor":16,"turns":8}],"seed_played":"7414203648469345159","potions_obtained":[{"floor":2.0,"key":"Block Potion"},{"floor":7.0,"key":"Ancient Potion"}],"is_trial":false,"path_per_floor":["M","M","?","?","?","R","E","R","T","E","R","M","R","$","R","B"],"character_chosen":"THE_SILENT","items_purchased":["Oddly Smooth Stone"],"campfire_rested":3,"item_purchase_floors":[14],"current_hp_per_floor":[59,57,50,50,45,45,9,30,30,3,24,24,45,45,45,0],"gold":29,"neow_bonus":"TEN_PERCENT_HP_BONUS","is_prod":false,"is_daily":false,"chose_seed":false,"campfire_upgraded":2,"win_rate":0,"timestamp":1555262379,"path_taken":["M","M","?","?","?","R","E","R","T","E","R","M","R","$","R","BOSS"],"build_version":"2019-01-23","purchased_purges":0,"victory":false,"max_hp_per_floor":[72,72,72,72,72,72,72,72,72,72,72,72,72,72,72,72],"card_choices":[{"not_picked":["Deflect","Setup","Tactician"],"picked":"SKIP","floor":1.0},{"not_picked":["Outmaneuver","Dodge and Roll"],"picked":"Flying Knee","floor":2.0},{"not_picked":["Caltrops","Concentrate"],"picked":"Heel Hook","floor":7.0},{"not_picked":["All Out Attack","Tactician"],"picked":"Predator","floor":10},{"not_picked":["Dodge and Roll","Concentrate"],"picked":"Skewer","floor":12}],"player_experience":801492,"relics_obtained":[{"floor":7.0,"key":"Darkstone Periapt"},{"floor":9.0,"key":"Mercury Hourglass"},{"floor":10,"key":"Singing Bowl"}],"event_choices":[{"cards_removed":["Strike_G"],"damage_healed":0.0,"max_hp_gain":0.0,"max_hp_loss":0.0,"gold_gain":0.0,"event_name":"Golden Wing","player_choice":"Card Removal","floor":3.0,"gold_loss":0.0,"damage_taken":7.0},{"cards_removed":["Strike_G"],"damage_healed":0.0,"max_hp_gain":0.0,"max_hp_loss":0.0,"gold_gain":0.0,"event_name":"The Cleric","player_choice":"Card Removal","floor":4.0,"gold_loss":75.0,"damage_taken":0.0},{"damage_healed":0.0,"max_hp_gain":0.0,"max_hp_loss":0.0,"gold_gain":0.0,"event_name":"Scrap Ooze","player_choice":"Success","floor":5.0,"gold_loss":0.0,"damage_taken":5.0,"relics_obtained":["The Specimen"]}],"is_beta":false,"boss_relics":[],"items_purged_floors":[],"is_endless":false,"potions_floor_spawned":[2,7],"killed_by":"Slime Boss","ascension_level":18}