{"gold_per_floor":[16,16,40,40,65,65,105,105,129,148,164,164,188,12,12,103,103,121,46,66,66,66,66,15,59,82,82,107,120,120,190,190,283,283,298,298,313,438,285,285,300,300,327,327,363,104,104],"floor_reached":47,"playtime":2358,"items_purged":["Defend_G","Defend_G+1"],"score":990,"play_id":"fe706340-aa15-41b4-9ad3-bf94aa8ccad0","local_time":"20190809142433","is_ascension_mode":true,"campfire_choices":[{"data":"Noxious Fumes","floor":6,"key":"SMITH"},{"data":"Neutralize","floor":8,"key":"SMITH"},{"floor":12,"key":"REST"},{"data":"Noxious Fumes","floor":15,"key":"SMITH"},{"data":"Caltrops","floor":23,"key":"SMITH"},{"data":"Footwork","floor":27,"key":"SMITH"},{"data":"Well Laid Plans","floor":30,"key":"SMITH"},{"data":"Leg Sweep","floor":32,"key":"SMITH"},{"data":"Tools of the Trade","floor":40,"key":"SMITH"},{"data":"Adrenaline","floor":44,"key":"SMITH"}],"neow_cost":"NO_GOLD","seed_source_timestamp":396155628146100,"circlet_count":0,"master_deck":["AscendersBane","Defend_G+1","Defend_G+1","Survivor","Neutralize+1","Noxious Fumes+1","Predator","Noxious Fumes+1","PiercingWail","Dash","Well Laid Plans+1","Backstab","Adrenaline+1","Leg Sweep+1","Caltrops+1","Sucker Punch","Footwork+1","Backflip","Backflip","Tools of the Trade+1","Footwork+1","Deflect+1","Phantasmal Killer+1","Acrobatics","Deflect+1","Corpse Explosion","Backstab","Thinking Ahead"],"relics":["Ring of the Snake","Golden Idol","Orichalcum","Vajra","Eternal Feather","Turnip","Regal Pillow","Gremlin Horn","Astrolabe","Unceasing Top","Juzu Bracelet","Bronze Scales"],"potions_floor_usage":[7,10,13,16,16,33,33,41,47],"damage_taken":[{"damage":0,"enemies":"2 Louse","floor":1,"turns":5},{"damage":0,"enemies":"Jaw Worm","floor":3,"turns":6},{"damage":0,"enemies":"Cultist","floor":5,"turns":3},{"damage":26,"enemies":"Gremlin Nob","floor":7,"turns":4},{"damage":14,"enemies":"Lots of Slimes","floor":10,"turns":5},{"damage":5,"enemies":"Red Slaver","floor":11,"turns":5},{"damage":4,"enemies":"Exordium Thugs","floor":13,"turns":4},{"damage":0,"enemies":"Hexaghost","floor":16,"turns":9},{"damage":5,"enemies":"Shell Parasite","floor":18,"turns":6},{"damage":11,"enemies":"3 Byrds","floor":20,"turns":5},{"damage":21,"enemies":"Book of Stabbing","floor":25,"turns":5},{"damage":7,"enemies":"Snake Plant","floor":28,"turns":5},{"damage":3,"enemies":"Centurion and Healer","floor":29,"turns":7},{"damage":11,"enemies":"Automaton","floor":33,"turns":12},{"damage":0,"enemies":"Orb Walker","floor":35,"turns":6},{"damage":11,"enemies":"3 Shapes","floor":37,"turns":5},{"damage":0,"enemies":"Mind Bloom Boss Battle","floor":38,"turns":9},{"damage":26,"enemies":"Transient","floor":41,"turns":6},{"damage":40,"enemies":"Giant Head","floor":45,"turns":13},{"damage":22,"enemies":"Nemesis","floor":47,"turns":2}],"seed_played":"5922812215287779059","potions_obtained":[{"floor":3,"key":"Strength Potion"},{"floor":7,"key":"Swift Potion"},{"floor":11,"key":"Poison Potion"},{"floor":13,"key":"Regen Potion"},{"floor":28,"key":"SpeedPotion"},{"floor":29,"key":"Explosive Potion"},{"floor":37,"key":"Fire Potion"},{"floor":41,"key":"Regen Potion"}],"is_trial":false,"path_per_floor":["M","?","M","?","M","R","E","R","T","M","M","R","M","$","R","B",null,"M","$","M","$","?","R","$","E","T","R","M","M","R","T","R","B",null,"M","?","M","?","$","R","M","?","T","R","E","$","E"],"character_chosen":"THE_SILENT","items_purchased":["Well Laid Plans","Block Potion","Backstab","Sucker Punch","Acrobatics","Backstab","Thinking Ahead"],"campfire_rested":1,"item_purchase_floors":[14,14,14,24,39,46,46],"current_hp_per_floor":[59,59,59,59,59,59,33,33,33,19,14,32,28,28,28,43,56,51,51,40,40,40,49,49,28,28,40,33,30,42,42,54,43,56,56,56,45,45,45,57,31,31,31,46,6,6,0],"gold":104,"neow_bonus":"REMOVE_TWO","is_prod":false,"is_daily":false,"chose_seed":false,"campfire_upgraded":9,"win_rate":0,"timestamp":1565375073,"path_taken":["M","?","M","?","M","R","E","R","T","?","?","R","M","$","R","BOSS","M","$","M","$","?","R","?","E","T","R","M","M","R","?","R","BOSS","M","?","?","?","$","R","M","?","T","R","E","?","E"],"build_version":"2019-07-17","purchased_purges":2,"victory":false,"max_hp_per_floor":[66,60,60,60,60,60,60,60,60,60,60,60,60,60,60,60,60,60,60,60,60,60,60,60,60,60,60,60,60,60,60,60,60,60,60,60,60,60,60,60,60,60,60,60,60,60,60],"card_choices":[{"not_picked":["Dagger Throw","Choke"],"picked":"Noxious Fumes","floor":1},{"not_picked":["Poisoned Stab","Setup"],"picked":"Predator","floor":3},{"not_picked":["Dodge and Roll","Deflect","Escape Plan"],"picked":"SKIP","floor":5},{"not_picked":["Outmaneuver","Riddle With Holes"],"picked":"Noxious Fumes","floor":7},{"not_picked":["Calculated Gamble","Dagger Spray"],"picked":"PiercingWail","floor":10},{"not_picked":["Accuracy","Sucker Punch"],"picked":"Dash","floor":11},{"not_picked":["Dodge and Roll","Accuracy","Noxious Fumes"],"picked":"SKIP","floor":13},{"not_picked":["Doppelganger","Night Terror"],"picked":"Adrenaline","floor":16},{"not_picked":["Concentrate","Cloak And Dagger"],"picked":"Leg Sweep","floor":18},{"not_picked":["PiercingWail","Quick Slash"],"picked":"Caltrops","floor":20},{"not_picked":["Bane","Eviscerate"],"picked":"Footwork","floor":25},{"not_picked":["Endless Agony","Calculated Gamble"],"picked":"Backflip","floor":28},{"not_picked":["Bane","Dodge and Roll"],"picked":"Backflip","floor":29},{"not_picked":["Doppelganger","Die Die Die"],"picked":"Tools of the Trade","floor":33},{"not_picked":["Bouncing Flask+1","Poisoned Stab","Quick Slash+1"],"picked":"SKIP","floor":35},{"not_picked":["Blade Dance","Bane+1","Cloak And Dagger"],"picked":"SKIP","floor":37},{"not_picked":["Accuracy+1","Poisoned Stab"],"picked":"Deflect+1","floor":41},{"not_picked":["Dash+1","Escape Plan"],"picked":"Corpse Explosion","floor":45}],"player_experience":677806,"relics_obtained":[{"floor":7,"key":"Orichalcum"},{"floor":9,"key":"Vajra"},{"floor":25,"key":"Turnip"},{"floor":26,"key":"Regal Pillow"},{"floor":31,"key":"Gremlin Horn"},{"floor":38,"key":"Unceasing Top"},{"floor":43,"key":"Juzu Bracelet"},{"floor":45,"key":"Bronze Scales"}],"event_choices":[{"damage_healed":0,"gold_gain":0,"player_choice":"Lose Max HP","damage_taken":0,"relics_obtained":["Golden Idol"],"max_hp_gain":0,"max_hp_loss":6,"event_name":"Golden Idol","floor":2,"gold_loss":0},{"cards_removed":["Strike_G"],"damage_healed":0,"gold_gain":0,"player_choice":"Offered Basic","damage_taken":0,"max_hp_gain":0,"max_hp_loss":0,"event_name":"Bonfire Elementals","floor":4,"gold_loss":0},{"damage_healed":0,"gold_gain":0,"player_choice":"Simplicity","damage_taken":0,"max_hp_gain":0,"max_hp_loss":0,"event_name":"Back to Basics","floor":22,"gold_loss":0,"cards_upgraded":["Strike_G","Strike_G","Defend_G","Defend_G","Defend_G","Defend_G"]},{"damage_healed":0,"gold_gain":0,"player_choice":"Ignored","damage_taken":0,"max_hp_gain":0,"max_hp_loss":0,"event_name":"SecretPortal","floor":36,"gold_loss":0},{"damage_healed":0,"gold_gain":0,"player_choice":"Fight","damage_taken":0,"max_hp_gain":0,"max_hp_loss":0,"event_name":"MindBloom","floor":38,"gold_loss":0},{"damage_healed":0,"gold_gain":0,"player_choice":"Ignored","damage_taken":0,"max_hp_gain":0,"max_hp_loss":0,"event_name":"Mysterious Sphere","floor":42,"gold_loss":0}],"is_beta":false,"boss_relics":[{"not_picked":["HoveringKite","Tiny House"],"picked":"Eternal Feather"},{"not_picked":["Calling Bell","WristBlade"],"picked":"Astrolabe"}],"items_purged_floors":[19,39],"is_endless":false,"potions_floor_spawned":[3,7,11,13,28,29,37,41],"killed_by":"Nemesis","ascension_level":18}