{"gold_per_floor":[116,116,128,128,19,53,65,90,125,171,196,308,332,362,374,487,499,521,253,253,240,86,111,111,127,152,181,181,181,43,53,53,158,158,177,190,190,202,77,77,112,0,0,16,16,16,26,39,39,39],"floor_reached":51,"playtime":5345,"items_purged":["Strike_B","Writhe","Defend_B"],"score":727,"play_id":"28b0099f-e290-4c87-a791-7ed13a9822d4","local_time":"20190404113015","is_ascension_mode":false,"campfire_choices":[{"data":"Redo","floor":7,"key":"SMITH"},{"data":"Dualcast","floor":15,"key":"SMITH"},{"data":"Loop","floor":24,"key":"SMITH"},{"data":"Storm","floor":28,"key":"SMITH"},{"floor":32,"key":"REST"},{"data":"Creative AI","floor":40,"key":"SMITH"},{"data":"Electrodynamics","floor":45,"key":"SMITH"},{"floor":49,"key":"REST"}],"neow_cost":"NONE","seed_source_timestamp":78133131721473,"circlet_count":0,"master_deck":["Strike_B+1","Strike_B+1","Defend_B+1","Defend_B","Zap","Dualcast+1","Conserve Battery","FTL","Doom and Gloom","Redo+1","Conserve Battery","Gash","Ball Lightning","Storm+1","Cold Snap","Multi-Cast","Glacier","Gash","Defragment","Loop+1","Electrodynamics+1","All For One","Capacitor","Conserve Battery+1","Static Discharge","Seek","Creative AI+1","Stack+1","Doom and Gloom+1","Reprogram","Enlightenment","Redo+1"],"relics":["Cracked Core","FaceOfCleric","MawBank","Whetstone","Meat on the Bone","Inserter","Happy Flower","Centennial Puzzle","Lantern","Ginger","Bag of Marbles","Runic Pyramid","Shuriken","Red Mask","Pear"],"potions_floor_usage":[11,33,38,44,50],"damage_taken":[{"damage":1,"enemies":"Cultist","floor":1,"turns":3},{"damage":2,"enemies":"Small Slimes","floor":3,"turns":3},{"damage":16,"enemies":"3 Sentries","floor":6,"turns":7},{"damage":0,"enemies":"2 Louse","floor":8,"turns":2},{"damage":20,"enemies":"Gremlin Nob","floor":10,"turns":4},{"damage":16,"enemies":"Gremlin Gang","floor":11,"turns":3},{"damage":5,"enemies":"3 Louse","floor":13,"turns":2},{"damage":2,"enemies":"Lots of Slimes","floor":14,"turns":3},{"damage":30,"enemies":"Hexaghost","floor":16,"turns":10},{"damage":3,"enemies":"Shell Parasite","floor":18,"turns":7},{"damage":2,"enemies":"2 Thieves","floor":21,"turns":4},{"damage":23,"enemies":"Gremlin Leader","floor":23,"turns":6},{"damage":3,"enemies":"Cultist and Chosen","floor":25,"turns":4},{"damage":34,"enemies":"Slavers","floor":27,"turns":3},{"damage":9,"enemies":"Snake Plant","floor":31,"turns":3},{"damage":47,"enemies":"Collector","floor":33,"turns":8},{"damage":15,"enemies":"3 Shapes","floor":35,"turns":3},{"damage":18,"enemies":"3 Darklings","floor":36,"turns":3},{"damage":34,"enemies":"Jaw Worm Horde","floor":38,"turns":3},{"damage":28,"enemies":"Giant Head","floor":41,"turns":8},{"damage":8,"enemies":"Transient","floor":44,"turns":5},{"damage":21,"enemies":"3 Darklings","floor":47,"turns":4},{"damage":8,"enemies":"4 Shapes","floor":48,"turns":4},{"damage":57,"enemies":"Donu and Deca","floor":50,"turns":6}],"seed_played":"-7359939820701444811","potions_obtained":[{"floor":8,"key":"Ancient Potion"},{"floor":10,"key":"Fire Potion"},{"floor":11,"key":"SpeedPotion"},{"floor":18,"key":"Fire Potion"},{"floor":25,"key":"Swift Potion"},{"floor":33,"key":"Ancient Potion"},{"floor":35,"key":"SpeedPotion"},{"floor":38,"key":"FocusPotion"},{"floor":44,"key":"FearPotion"}],"is_trial":false,"path_per_floor":["M","?","M","?","$","E","R","M","T","E","M","?","M","M","R","B",null,"M","$","?","M","$","E","R","M","T","E","R","?","$","M","R","B",null,"M","M","?","M","$","R","E","?","T","M","R","?","M","M","R","B",null],"character_chosen":"DEFECT","items_purchased":["Doom and Gloom","Gash","Defragment","Happy Flower","Electrodynamics","Static Discharge"],"campfire_rested":2,"item_purchase_floors":[5,19,19,19,22,30],"current_hp_per_floor":[81,65,63,63,63,48,48,49,49,30,27,27,35,46,46,29,89,87,87,87,86,86,64,64,62,62,41,41,41,41,45,73,39,96,82,65,65,44,44,44,29,29,39,44,44,44,36,41,74,30],"gold":39,"neow_bonus":"TEN_PERCENT_HP_BONUS","is_prod":false,"is_daily":false,"chose_seed":false,"campfire_upgraded":6,"win_rate":0.0,"timestamp":1554366615,"path_taken":["M","?","M","?","$","E","R","?","T","E","M","?","?","M","R","BOSS","M","$","?","?","$","E","R","M","T","E","R","?","$","M","R","BOSS","M","M","?","?","$","R","E","?","T","M","R","?","M","M","R","BOSS"],"build_version":"2019-01-23","purchased_purges":3,"victory":true,"max_hp_per_floor":[82,82,82,82,82,83,83,84,84,85,86,86,87,88,88,89,89,90,90,90,91,91,92,92,93,93,94,94,94,94,95,95,96,96,97,98,98,99,99,99,100,100,110,111,111,111,112,113,113,114],"card_choices":[{"not_picked":["BootSequence","FTL"],"picked":"Conserve Battery","floor":1},{"not_picked":["Ball Lightning","Steam"],"picked":"FTL","floor":3},{"not_picked":["Doom and Gloom","Streamline"],"picked":"Redo","floor":6},{"not_picked":["Hologram","Rip and Tear"],"picked":"Conserve Battery","floor":8},{"not_picked":["Thunder Strike","Reprogram"],"picked":"Gash","floor":10},{"not_picked":["Conserve Battery","Compile Driver"],"picked":"Ball Lightning","floor":11},{"not_picked":["Compile Driver","Streamline"],"picked":"Storm","floor":13},{"not_picked":["Doom and Gloom","Sweeping Beam"],"picked":"Cold Snap","floor":14},{"not_picked":["Biased Cognition","Thunder Strike"],"picked":"Multi-Cast","floor":16},{"not_picked":["Steam","Cold Snap"],"picked":"Glacier","floor":18},{"not_picked":["Sweeping Beam","Conserve Battery"],"picked":"Loop","floor":21},{"not_picked":["Barrage","Self Repair"],"picked":"All For One","floor":23},{"not_picked":["Compile Driver","Hello World"],"picked":"Capacitor","floor":25},{"not_picked":["Reprogram","Leap"],"picked":"Conserve Battery+1","floor":27},{"not_picked":["Conserve Battery","Static Discharge"],"picked":"Seek","floor":31},{"not_picked":["All For One","Fission"],"picked":"Creative AI","floor":33},{"not_picked":["Skim+1","Leap+1"],"picked":"Stack+1","floor":35},{"not_picked":["Compile Driver","Ball Lightning+1"],"picked":"Doom and Gloom+1","floor":36},{"not_picked":["Sweeping Beam","Barrage","Steam"],"picked":"SKIP","floor":38},{"not_picked":["Go for the Eyes+1","Tempest+1"],"picked":"Reprogram","floor":41},{"not_picked":["Fission","Hologram+1","Scrape+1"],"picked":"SKIP","floor":44},{"not_picked":["Dark Shackles","Bandage Up"],"picked":"Enlightenment","floor":46},{"not_picked":["Scrape","Sweeping Beam+1","Streamline+1"],"picked":"SKIP","floor":47},{"not_picked":["Compile Driver","Heatsinks"],"picked":"Redo+1","floor":48}],"player_experience":24652,"relics_obtained":[{"floor":6,"key":"MawBank"},{"floor":9,"key":"Whetstone"},{"floor":10,"key":"Meat on the Bone"},{"floor":23,"key":"Centennial Puzzle"},{"floor":26,"key":"Lantern"},{"floor":27,"key":"Ginger"},{"floor":41,"key":"Shuriken"},{"floor":43,"key":"Pear"}],"event_choices":[{"damage_healed":0,"gold_gain":0,"player_choice":"Entered Light","damage_taken":16,"max_hp_gain":0,"max_hp_loss":0,"event_name":"Shining Light","floor":2,"gold_loss":0,"cards_upgraded":["Defend_B","Strike_B"]},{"damage_healed":0,"gold_gain":0,"player_choice":"Trade","damage_taken":0,"relics_obtained":["FaceOfCleric"],"max_hp_gain":0,"max_hp_loss":0,"event_name":"FaceTrader","floor":4,"gold_loss":0},{"damage_healed":0,"gold_gain":100,"player_choice":"Pray","damage_taken":0,"max_hp_gain":0,"max_hp_loss":0,"event_name":"Golden Shrine","floor":12,"gold_loss":0},{"cards_removed":["Strike_B"],"damage_healed":0,"gold_gain":0,"player_choice":"Offered Basic","damage_taken":0,"max_hp_gain":0,"max_hp_loss":0,"event_name":"Bonfire Elementals","floor":20,"gold_loss":0},{"damage_healed":0,"gold_gain":0,"player_choice":"Opened","damage_taken":0,"relics_obtained":["Bag of Marbles"],"max_hp_gain":0,"max_hp_loss":0,"event_name":"The Mausoleum","floor":29,"gold_loss":0,"cards_obtained":["Writhe"]},{"cards_removed":["Defend_B"],"damage_healed":0,"gold_gain":0,"player_choice":"Purged","damage_taken":0,"max_hp_gain":0,"max_hp_loss":0,"event_name":"Purifier","floor":37,"gold_loss":0},{"damage_healed":0,"gold_gain":0,"player_choice":"Paid","damage_taken":0,"relics_obtained":["Red Mask"],"max_hp_gain":0,"max_hp_loss":0,"event_name":"Tomb of Lord Red Mask","floor":42,"gold_loss":112},{"damage_healed":0,"gold_gain":0,"player_choice":"Memory 1","damage_taken":0,"max_hp_gain":0,"max_hp_loss":0,"event_name":"SensoryStone","floor":46,"gold_loss":0}],"is_beta":false,"boss_relics":[{"not_picked":["Cursed Key","FrozenCore"],"picked":"Inserter"},{"not_picked":["Orrery","Lizard Tail"],"picked":"Runic Pyramid"}],"items_purged_floors":[5,30,39],"is_endless":false,"potions_floor_spawned":[8,10,11,18,25,27,33,35,38,44],"ascension_level":0}