{"path_per_floor":["M","?","?","M","$","R","E","?","T","R","M","M","M","?","R","B",null,"M","?","?","M","$","R","M","R","T","M","M","E","M","M","R","B",null,"M","?","M","?","$","R","M","M","T","R"],"character_chosen":"THE_SILENT","items_purchased":["Noxious Fumes","War Paint","Escape Plan","Footwork","Gambling Chip"],"gold_per_floor":[210,210,210,222,4,4,35,97,97,97,112,122,133,158,158,260,260,272,272,272,282,127,127,143,143,143,158,169,194,206,216,216,311,311,326,326,337,437,77,77,90,109,409,409],"floor_reached":45,"campfire_rested":1,"playtime":4773,"current_hp_per_floor":[61,43,29,29,29,29,11,2,2,23,23,19,25,22,22,18,57,49,49,49,29,29,29,22,22,22,25,28,30,28,28,28,40,52,56,49,55,55,55,55,47,49,49,49],"items_purged":["Defend_G"],"gold":409,"score":573,"play_id":"c8693032-90ad-446c-a2d5-8de0dc5d3ae6","is_prod":false,"is_daily":false,"is_ascension_mode":true,"campfire_upgraded":6,"path_taken":["M","?","?","M","$","R","E","?","T","R","M","M","?","?","R","BOSS","M","?","?","M","$","R","M","R","T","M","M","E","M","M","R","BOSS","M","?","M","?","$","R","M","M","T","R","E"],"build_version":"2018-02-15-PROD1","purchased_purges":2,"victory":false,"master_deck":["Defend_G+1","Defend_G+1","Survivor+1","Neutralize+1","Backflip","Endless Agony","Noxious Fumes+1","Outmaneuver+1","Deflect","Backflip","Cloak And Dagger","Bite","Bite","Bite","Bite","Bite","Dash+1","Escape Plan","Bane+1","Deadly Poison+1","Slice+1","Dodge and Roll+1","Die Die Die","Madness","Madness","Bouncing Flask+1","Footwork+1","Distraction+1"],"max_hp_per_floor":[70,70,70,70,70,70,70,70,70,70,70,70,70,70,70,70,70,70,49,49,49,49,49,49,49,49,49,49,56,56,56,56,56,56,56,56,56,56,56,56,56,56,56,56],"relics":["Ring of the Snake","Mercury Hourglass","War Paint","Art of War","Unceasing Top","Ice Cream","Odd Mushroom","Runic Pyramid","Peace Pipe","Strawberry","Velvet Choker","Gambling Chip","Old Coin"],"card_choices":[{"not_picked":["Underhanded Strike","PiercingWail"],"picked":"Backflip"},{"not_picked":["Accuracy","Deadly Poison"],"picked":"Endless Agony"},{"not_picked":["Underhanded Strike","Distraction"],"picked":"Outmaneuver"},{"not_picked":["PiercingWail","Prepared"],"picked":"Deflect"},{"not_picked":["Outmaneuver","Flying Knee"],"picked":"Backflip"},{"not_picked":["Deflect","Acrobatics"],"picked":"Cloak And Dagger"},{"not_picked":["Prepared","Cloak And Dagger"],"picked":"Dash"},{"not_picked":["Reflex","Quick Slash"],"picked":"Bane"},{"not_picked":["Bane","PiercingWail"],"picked":"Deadly Poison"},{"not_picked":["Expertise","Predator"],"picked":"Slice"},{"not_picked":["Well Laid Plans","Flying Knee"],"picked":"Dodge and Roll"},{"not_picked":["Unload","Venomology"],"picked":"Die Die Die"},{"not_picked":["Deflect","Backflip"],"picked":"Bouncing Flask"},{"not_picked":["Skewer","Acrobatics"],"picked":"Distraction"}],"player_experience":192618,"potions_floor_usage":[13,13,16,24,29,29,33,45],"damage_taken":[{"damage":2,"enemies":"Cultist","floor":1,"turns":5},{"damage":0,"enemies":"Small Slimes","floor":4,"turns":3},{"damage":18,"enemies":"Lagavulin","floor":7,"turns":7},{"damage":9,"enemies":"Lagavulin Event","floor":8,"turns":7},{"damage":0,"enemies":"Jaw Worm","floor":11,"turns":4},{"damage":4,"enemies":"Looter","floor":12,"turns":4},{"damage":3,"enemies":"Exordium Thugs","floor":13,"turns":4},{"damage":3,"enemies":"The Mushroom Lair","floor":14,"turns":3},{"damage":4,"enemies":"Slime Boss","floor":16,"turns":12},{"damage":8,"enemies":"Shell Parasite","floor":18,"turns":6},{"damage":28,"enemies":"2 Thieves","floor":21,"turns":5},{"damage":19,"enemies":"Slaver and Parasite","floor":24,"turns":6},{"damage":13,"enemies":"Centurion and Healer","floor":27,"turns":6},{"damage":5,"enemies":"Snecko","floor":28,"turns":5},{"damage":15,"enemies":"Book of Stabbing","floor":29,"turns":6},{"damage":12,"enemies":"3 Cultists","floor":30,"turns":7},{"damage":14,"enemies":"Chosen and Byrds","floor":31,"turns":6},{"damage":16,"enemies":"Champ","floor":33,"turns":12},{"damage":0,"enemies":"3 Shapes","floor":35,"turns":5},{"damage":0,"enemies":"Orb Walker","floor":37,"turns":4},{"damage":18,"enemies":"Sphere and 2 Shapes","floor":41,"turns":6},{"damage":14,"enemies":"Maw","floor":42,"turns":7},{"damage":60,"enemies":"2 Orb Walkers","floor":45,"turns":5}],"event_choices":[{"event_name":"Scrap Ooze","player_choice":"success","floor":2,"damage_taken":18},{"event_name":"Shining Light","player_choice":"Entered Light","floor":3,"damage_taken":0},{"event_name":"Dead Adventurer","player_choice":"Searched \u00271\u0027 times","floor":8,"damage_taken":0},{"event_name":"Mushrooms","player_choice":"Fought Mushrooms","floor":14,"damage_taken":0},{"event_name":"Vampires","player_choice":"Became a vampire","floor":19,"damage_taken":0},{"event_name":"Back to Basics","player_choice":"Elegance","floor":20,"damage_taken":0},{"event_name":"Winding Halls","player_choice":"Embrace Madness","floor":36,"damage_taken":0},{"event_name":"Golden Shrine","player_choice":"Pray","floor":38,"damage_taken":0}],"boss_relics":[{"not_picked":["Calling Bell","Snecko Eye"],"picked":"Runic Pyramid"},{"not_picked":["Pandora\u0027s Box","Lizard Tail"],"picked":"Velvet Choker"}],"potions_floor_spawned":[8,8,12,14,27,28,29,30,33,41,42],"seed_played":"2607845640812620106","killed_by":"2 Orb Walkers","ascension_level":7,"is_trial":false}