{"gold_per_floor":[115,40,115,129,142,175,175,209,209,241,241,260,288,308,308,385,385,400,413,130,147,159,159,186,186,233,233,15,42,61,87,87,164,164,177,189,189,244,85,85,110,110,161,179,179,196,196,196],"floor_reached":48,"playtime":4272,"items_purged":["Strike_B","Strike_B","Zap+1"],"score":1146,"play_id":"82c92bab-525e-4829-af25-a144a26e6338","local_time":"20190427085911","is_ascension_mode":true,"campfire_choices":[{"floor":7.0,"key":"REST"},{"floor":11.0,"key":"REST"},{"floor":15.0,"key":"REST"},{"data":"Defragment","floor":23.0,"key":"SMITH"},{"data":"Coolheaded","floor":25.0,"key":"SMITH"},{"floor":27.0,"key":"REST"},{"data":"Undo","floor":32.0,"key":"SMITH"},{"floor":40.0,"key":"REST"},{"floor":42.0,"key":"REST"},{"floor":47.0,"key":"RECALL"}],"neow_cost":"NONE","seed_source_timestamp":387487114570226,"circlet_count":0,"master_deck":["AscendersBane","Dualcast","Ball Lightning","Undo+1","Defragment+1","Doom and Gloom","Coolheaded+1","Glacier","Seek","Echo Form","Compile Driver","All For One","Echo Form","Electrodynamics","Fusion","White Noise","Core Surge","Heatsinks","Coolheaded","Blizzard","Biased Cognition","Reinforced Body+1","Loop+1","Capacitor","Leap","Hologram","Auto Shields"],"special_seed":0,"relics":["Cracked Core","Blood Vial","Smiling Mask","Mango","Bottled Tornado","DataDisk","War Paint","Snecko Eye","Bronze Scales","Lantern","Symbiotic Virus","Matryoshka","Pandora\u0027s Box","Ginger","Pen Nib","Anchor"],"potions_floor_usage":[],"damage_taken":[{"damage":2.0,"enemies":"Jaw Worm","floor":1.0,"turns":4.0},{"damage":9.0,"enemies":"Small Slimes","floor":4.0,"turns":3.0},{"damage":0.0,"enemies":"Cultist","floor":5.0,"turns":3.0},{"damage":31.0,"enemies":"Gremlin Nob","floor":6.0,"turns":4.0},{"damage":12.0,"enemies":"Lagavulin","floor":8.0,"turns":6.0},{"damage":35.0,"enemies":"Gremlin Nob","floor":10.0,"turns":4.0},{"damage":7.0,"enemies":"2 Fungi Beasts","floor":12.0,"turns":3.0},{"damage":19.0,"enemies":"3 Sentries","floor":13.0,"turns":6.0},{"damage":9.0,"enemies":"3 Louse","floor":14.0,"turns":2.0},{"damage":13.0,"enemies":"Slime Boss","floor":16.0,"turns":11.0},{"damage":0.0,"enemies":"Shell Parasite","floor":18.0,"turns":4.0},{"damage":19.0,"enemies":"2 Thieves","floor":19.0,"turns":5.0},{"damage":2.0,"enemies":"Shelled Parasite and Fungi","floor":21.0,"turns":5.0},{"damage":13.0,"enemies":"Snecko","floor":22.0,"turns":5.0},{"damage":25.0,"enemies":"Gremlin Leader","floor":24.0,"turns":7.0},{"damage":0.0,"enemies":"Book of Stabbing","floor":29.0,"turns":5.0},{"damage":0.0,"enemies":"Centurion and Healer","floor":30.0,"turns":2.0},{"damage":11.0,"enemies":"Slavers","floor":31.0,"turns":2.0},{"damage":11.0,"enemies":"Collector","floor":33.0,"turns":9.0},{"damage":11.0,"enemies":"3 Shapes","floor":35.0,"turns":2.0},{"damage":15.0,"enemies":"3 Darklings","floor":36.0,"turns":3.0},{"damage":41.0,"enemies":"2 Orb Walkers","floor":38.0,"turns":5.0},{"damage":22.0,"enemies":"Nemesis","floor":41.0,"turns":5.0},{"damage":30.0,"enemies":"Maw","floor":44.0,"turns":8.0},{"damage":0.0,"enemies":"Sphere and 2 Shapes","floor":46.0,"turns":2.0},{"damage":23,"enemies":"3 Darklings","floor":48,"turns":2}],"seed_played":"-4056231242931673469","potions_obtained":[{"floor":4.0,"key":"GamblersBrew"},{"floor":5.0,"key":"GamblersBrew"},{"floor":6.0,"key":"LiquidBronze"},{"floor":13.0,"key":"Dexterity Potion"},{"floor":16.0,"key":"PowerPotion"},{"floor":21.0,"key":"Ancient Potion"},{"floor":22.0,"key":"FocusPotion"},{"floor":29.0,"key":"Ancient Potion"}],"is_trial":false,"path_per_floor":["M","?","?","M","M","E","R","E","T","E","R","M","E","M","R","B",null,"M","M","$","M","M","R","E","R","T","R","$","E","M","E","R","B",null,"M","M","?","?","$","R","E","R","T","M","?","M","R","M"],"character_chosen":"DEFECT","items_purchased":["Echo Form","Compile Driver","Echo Form","Capacitor","Leap"],"campfire_rested":6,"item_purchase_floors":[20,20,28,39,39],"current_hp_per_floor":[64,64,53,46,48,19,40,44,44,11,36,31,14,7,32,21,69,71,54,54,54,43,43,20,20,20,45,45,47,49,40,40,31,72,63,50,50,11,11,36,16,41,41,13,13,15,15,0],"gold":196,"neow_bonus":"RANDOM_COMMON_RELIC","is_prod":false,"is_daily":false,"chose_seed":false,"campfire_upgraded":3,"win_rate":0,"timestamp":1556351951,"path_taken":["M","?","?","M","M","E","R","E","T","E","R","M","E","?","R","BOSS","M","M","$","M","M","R","E","R","T","R","?","E","M","E","R","BOSS","M","M","?","?","$","R","E","R","T","M","?","?","R","M"],"build_version":"2019-01-23","purchased_purges":3,"victory":false,"max_hp_per_floor":[71,71,71,71,71,71,71,85,85,85,85,85,85,85,85,85,85,85,85,85,85,85,85,85,85,85,85,85,85,85,85,85,85,85,85,85,85,85,85,85,85,85,85,85,85,85,85,85],"card_choices":[{"not_picked":["Coolheaded","Rebound"],"picked":"Ball Lightning","floor":1.0},{"not_picked":["Turbo","Redo"],"picked":"Undo","floor":4.0},{"not_picked":["Streamline","Conserve Battery"],"picked":"Defragment","floor":5.0},{"not_picked":["Heatsinks","Turbo"],"picked":"Doom and Gloom","floor":6.0},{"not_picked":["Consume","Meteor Strike"],"picked":"Coolheaded","floor":8.0},{"not_picked":["Sunder","Ball Lightning","Aggregate"],"picked":"SKIP","floor":10.0},{"not_picked":["Turbo","Chaos","Cold Snap"],"picked":"SKIP","floor":12.0},{"not_picked":["Amplify","Darkness"],"picked":"Glacier","floor":13.0},{"not_picked":["Blizzard","Hello World","Redo"],"picked":"SKIP","floor":14.0},{"not_picked":["Buffer","Core Surge"],"picked":"Seek","floor":16.0},{"not_picked":["Barrage","Gash","Sweeping Beam"],"picked":"SKIP","floor":18.0},{"not_picked":["Steam","Coolheaded","Barrage"],"picked":"SKIP","floor":19.0},{"not_picked":["Auto Shields","Streamline","Beam Cell"],"picked":"SKIP","floor":21.0},{"not_picked":["Conserve Battery+1","Gash"],"picked":"All For One","floor":22.0},{"not_picked":["Turbo","Gash","Redo"],"picked":"SKIP","floor":24.0},{"not_picked":["Turbo","Gash","Redo"],"picked":"SKIP","floor":24.0},{"not_picked":["Steam","Stack"],"picked":"Electrodynamics","floor":29.0},{"not_picked":["Go for the Eyes","Stack"],"picked":"Fusion","floor":30.0},{"not_picked":["Conserve Battery","Compile Driver"],"picked":"White Noise","floor":31.0},{"not_picked":["All For One","Seek"],"picked":"Core Surge","floor":33.0},{"not_picked":["Redo","Gash"],"picked":"Reinforced Body+1","floor":35.0},{"not_picked":["Redo","Scrape","Defragment"],"picked":"SKIP","floor":36.0},{"not_picked":["Redo","Go for the Eyes+1"],"picked":"Loop+1","floor":38.0},{"not_picked":["Barrage","FTL"],"picked":"Hologram","floor":41.0},{"not_picked":["Streamline","Go for the Eyes"],"picked":"Auto Shields","floor":44.0},{"not_picked":["Aggregate","Barrage","Hologram"],"picked":"SKIP","floor":46.0}],"player_experience":883808,"relics_obtained":[{"floor":6.0,"key":"Smiling Mask"},{"floor":8.0,"key":"Mango"},{"floor":9.0,"key":"Bottled Tornado"},{"floor":10.0,"key":"DataDisk"},{"floor":13.0,"key":"War Paint"},{"floor":24.0,"key":"Bronze Scales"},{"floor":26.0,"key":"Lantern"},{"floor":29.0,"key":"Symbiotic Virus"},{"floor":31.0,"key":"Matryoshka"},{"floor":38.0,"key":"Ginger"},{"floor":41.0,"key":"Pen Nib"},{"floor":43.0,"key":"Anchor"}],"event_choices":[{"cards_removed":["Strike_B"],"damage_healed":0.0,"max_hp_gain":0.0,"max_hp_loss":0.0,"gold_gain":0.0,"event_name":"The Cleric","player_choice":"Card Removal","floor":2.0,"gold_loss":75.0,"damage_taken":0.0},{"damage_healed":0.0,"max_hp_gain":0.0,"max_hp_loss":0.0,"gold_gain":75.0,"event_name":"World of Goop","player_choice":"Gather Gold","floor":3.0,"gold_loss":0.0,"damage_taken":11.0},{"damage_healed":0.0,"max_hp_gain":0.0,"max_hp_loss":0.0,"gold_gain":0.0,"event_name":"Tomb of Lord Red Mask","player_choice":"Ignored","floor":37.0,"gold_loss":0.0,"damage_taken":0.0},{"damage_healed":0.0,"max_hp_gain":0.0,"max_hp_loss":0.0,"gold_gain":0.0,"event_name":"Mysterious Sphere","player_choice":"Fight","floor":38.0,"gold_loss":0.0,"damage_taken":0.0},{"cards_removed":["Hello World"],"damage_healed":0.0,"max_hp_gain":0.0,"max_hp_loss":0.0,"gold_gain":0.0,"event_name":"Purifier","player_choice":"Purged","floor":45.0,"gold_loss":0.0,"damage_taken":0.0}],"is_beta":false,"boss_relics":[{"not_picked":["FrozenCore","Ectoplasm"],"picked":"Snecko Eye"},{"not_picked":["Velvet Choker","Fusion Hammer"],"picked":"Pandora\u0027s Box"}],"items_purged_floors":[20,28,39],"is_endless":false,"potions_floor_spawned":[4,5,6,13,16,21,22,29,30,31,35,38],"killed_by":"3 Darklings","ascension_level":20}