{"gold_per_floor":[111,111,36,48,48,64,92,52,105,105,131,131,168,195,207,315,327,357,369,306,238,272,272,253,168,168,182,182,197,197,211,211,211],"floor_reached":33,"playtime":1651,"items_purged":["Strike_R"],"score":268,"play_id":"f9f5a736-84d1-4fe3-bb55-da93d6b1bb18","local_time":"20190806221636","is_ascension_mode":false,"campfire_choices":[{"data":"Rampage","floor":15,"key":"SMITH"},{"floor":23,"key":"REST"},{"data":"Rampage","floor":28,"key":"SMITH"},{"data":"Bash","floor":32,"key":"SMITH"}],"neow_cost":"NONE","seed_source_timestamp":429359225506129,"circlet_count":0,"master_deck":["Defend_R+1","Defend_R+1","Defend_R","Defend_R","Bash+1","Rampage+1","Iron Wave","Offering+1","Rampage+1","Impervious+1","Bite","Bite","Bite","Bite","Bite","Battle Trance+1","Shrug It Off+1","Shockwave+1","Armaments+1"],"relics":["Burning Blood","Pen Nib","Whetstone","Toxic Egg 2","War Paint","MawBank","Bronze Scales","Runic Pyramid","Red Mask","Potion Belt","Paper Frog"],"potions_floor_usage":[16,33,33,33],"damage_taken":[{"damage":4,"enemies":"Small Slimes","floor":1,"turns":5},{"damage":0,"enemies":"Jaw Worm","floor":4,"turns":4},{"damage":0,"enemies":"Cultist","floor":6,"turns":3},{"damage":33,"enemies":"Lagavulin","floor":7,"turns":7},{"damage":10,"enemies":"Red Slaver","floor":14,"turns":3},{"damage":27,"enemies":"Slime Boss","floor":16,"turns":12},{"damage":7,"enemies":"Chosen","floor":18,"turns":4},{"damage":61,"enemies":"Masked Bandits","floor":22,"turns":8},{"damage":1,"enemies":"2 Thieves","floor":24,"turns":4},{"damage":17,"enemies":"Snecko","floor":27,"turns":6},{"damage":7,"enemies":"Cultist and Chosen","floor":29,"turns":6},{"damage":14,"enemies":"Centurion and Healer","floor":31,"turns":5},{"damage":122,"enemies":"Automaton","floor":33,"turns":12}],"seed_played":"-6001840564194214432","potions_obtained":[{"floor":4,"key":"Block Potion"},{"floor":6,"key":"SkillPotion"},{"floor":14,"key":"AttackPotion"},{"floor":16,"key":"Fruit Juice"},{"floor":27,"key":"Block Potion"},{"floor":31,"key":"BloodPotion"}],"is_trial":false,"path_per_floor":["M","?","$","M","?","M","E","$","T","?","T","?","T","M","R","B",null,"M","?","?","$","?","R","M","?","T","M","R","M","?","M","R","B"],"character_chosen":"IRONCLAD","items_purchased":["Rampage","Battle Trance+1"],"campfire_rested":1,"item_purchase_floors":[8,21],"current_hp_per_floor":[88,70,70,76,76,82,55,55,55,55,55,52,52,48,48,27,88,87,61,61,61,18,36,51,51,51,50,50,61,61,61,61,0],"gold":211,"neow_bonus":"TEN_PERCENT_HP_BONUS","is_prod":false,"is_daily":false,"chose_seed":false,"campfire_upgraded":3,"win_rate":0.0,"timestamp":1565122596,"path_taken":["M","?","$","M","?","?","E","?","T","?","?","?","?","M","R","BOSS","M","?","?","$","?","R","M","?","T","?","R","M","?","M","R","BOSS"],"build_version":"2019-07-17","purchased_purges":1,"victory":false,"max_hp_per_floor":[88,88,88,88,88,88,88,88,88,88,88,88,88,88,88,88,88,88,61,61,61,61,61,61,61,61,61,61,61,61,61,61,66],"card_choices":[{"not_picked":["True Grit","Rage","Flex"],"picked":"SKIP","floor":1},{"not_picked":["Clash","Spot Weakness"],"picked":"Rampage","floor":4},{"not_picked":["Uppercut","Warcry"],"picked":"Iron Wave","floor":6},{"not_picked":["Feel No Pain","Pummel"],"picked":"Offering","floor":7},{"not_picked":["Twin Strike","Flex+1","Thunderclap"],"picked":"SKIP","floor":14},{"not_picked":["Bludgeon","Limit Break+1"],"picked":"Impervious+1","floor":16},{"not_picked":["Headbutt","Warcry+1","Sword Boomerang"],"picked":"SKIP","floor":18},{"not_picked":["Hemokinesis","Sword Boomerang"],"picked":"Shrug It Off+1","floor":22},{"not_picked":["Dropkick","Perfected Strike+1","Searing Blow+1"],"picked":"SKIP","floor":24},{"not_picked":["Body Slam","Twin Strike+1"],"picked":"Shockwave+1","floor":27},{"not_picked":["Second Wind+1","Shrug It Off+1","Thunderclap"],"picked":"SKIP","floor":29},{"not_picked":["Uppercut","Clash","Fire Breathing"],"picked":"SKIP","floor":31}],"player_experience":24378,"relics_obtained":[{"floor":7,"key":"Pen Nib"},{"floor":9,"key":"Whetstone"},{"floor":11,"key":"War Paint"},{"floor":13,"key":"Bronze Scales"},{"floor":22,"key":"Red Mask"},{"floor":26,"key":"Paper Frog"}],"event_choices":[{"damage_healed":0,"gold_gain":0,"player_choice":"Entered Light","damage_taken":18,"max_hp_gain":0,"max_hp_loss":0,"event_name":"Shining Light","floor":2,"gold_loss":0,"cards_upgraded":["Strike_R","Defend_R"]},{"damage_healed":0,"gold_gain":0,"player_choice":"0 cards matched","damage_taken":0,"max_hp_gain":0,"max_hp_loss":0,"event_name":"Match and Keep!","floor":5,"gold_loss":0,"cards_obtained":[]},{"damage_healed":0,"gold_gain":0,"player_choice":"Box","damage_taken":0,"relics_obtained":["Toxic Egg 2"],"max_hp_gain":0,"max_hp_loss":0,"event_name":"Big Fish","floor":10,"gold_loss":0,"cards_obtained":["Regret"]},{"damage_healed":0,"gold_gain":0,"player_choice":"Success","damage_taken":3,"relics_obtained":["MawBank"],"max_hp_gain":0,"max_hp_loss":0,"event_name":"Scrap Ooze","floor":12,"gold_loss":0},{"damage_healed":0,"gold_gain":0,"player_choice":"Became a vampire","damage_taken":0,"max_hp_gain":0,"max_hp_loss":27,"event_name":"Vampires","floor":19,"gold_loss":0,"cards_obtained":["Bite","Bite","Bite","Bite","Bite"]},{"cards_removed":["Regret"],"damage_healed":0,"gold_gain":0,"player_choice":"Gave Gold","damage_taken":0,"max_hp_gain":0,"max_hp_loss":0,"event_name":"Beggar","floor":20,"gold_loss":75},{"damage_healed":0,"gold_gain":0,"player_choice":"Fought Bandits","damage_taken":0,"max_hp_gain":0,"max_hp_loss":0,"event_name":"Masked Bandits","floor":22,"gold_loss":0},{"damage_healed":0,"gold_gain":0,"player_choice":"Obtained Relic","damage_taken":0,"relics_obtained":["Potion Belt"],"max_hp_gain":0,"max_hp_loss":0,"event_name":"Addict","floor":25,"gold_loss":85},{"damage_healed":0,"gold_gain":0,"player_choice":"Read","damage_taken":0,"max_hp_gain":0,"max_hp_loss":0,"event_name":"The Library","floor":30,"gold_loss":0,"cards_obtained":["Armaments"]}],"is_beta":false,"boss_relics":[{"not_picked":["Philosopher\u0027s Stone","Lizard Tail"],"picked":"Runic Pyramid"}],"items_purged_floors":[3],"is_endless":false,"potions_floor_spawned":[4,6,14,16,22,27,31],"killed_by":"Automaton","ascension_level":0}