{"gold_per_floor":[113,213,231,231,242,271,271,298,369,75,75,149,208,219,219,314,314,324,339,139,54,54,71,71,90,116,116,133,37,37,37,37,37],"floor_reached":33,"playtime":1028,"items_purged":["Strike_R","Defend_R"],"score":253,"play_id":"07b7d569-02b4-4c36-a767-95cc8422f4c4","local_time":"20190302151839","is_ascension_mode":false,"campfire_choices":[{"data":"Bash","floor":7,"key":"SMITH"},{"data":"True Grit","floor":11,"key":"SMITH"},{"floor":15,"key":"REST"},{"data":"Armaments","floor":24,"key":"SMITH"},{"data":"Offering","floor":27,"key":"SMITH"},{"data":"Battle Trance","floor":30,"key":"SMITH"},{"data":"RitualDagger","floor":32,"key":"SMITH"}],"neow_cost":"TEN_PERCENT_HP_LOSS","seed_source_timestamp":740523051460907,"circlet_count":0,"master_deck":["Strike_R","Strike_R","Strike_R","Strike_R","Defend_R","Defend_R","Bash+1","Carnage","Thunderclap","Body Slam","Impervious","True Grit+1","Shrug It Off","Havoc","Anger","Offering+1","Battle Trance+1","Armaments+1","Flex","Combust+1","Battle Trance+1","Searing Blow","True Grit+1","Spot Weakness","Headbutt","RitualDagger+1"],"relics":["Burning Blood","Calipers","Incense Burner","Lantern","Sundial","Red Skull","Frozen Egg 2","Ancient Tea Set","Sozu","Torii","Dream Catcher"],"potions_floor_usage":[8,8,8,13,25],"damage_taken":[{"damage":6,"enemies":"2 Louse","floor":1,"turns":3},{"damage":6,"enemies":"Cultist","floor":3,"turns":3},{"damage":11,"enemies":"Jaw Worm","floor":5,"turns":2},{"damage":60,"enemies":"Lagavulin","floor":6,"turns":7},{"damage":17,"enemies":"3 Sentries","floor":8,"turns":7},{"damage":11,"enemies":"Gremlin Nob","floor":13,"turns":3},{"damage":2,"enemies":"Large Slime","floor":14,"turns":7},{"damage":24,"enemies":"Hexaghost","floor":16,"turns":8},{"damage":22,"enemies":"2 Thieves","floor":18,"turns":4},{"damage":6,"enemies":"Shell Parasite","floor":19,"turns":2},{"damage":17,"enemies":"Snake Plant","floor":23,"turns":3},{"damage":6,"enemies":"Sentry and Sphere","floor":25,"turns":4},{"damage":6,"enemies":"Snecko","floor":28,"turns":1},{"damage":39,"enemies":"Champ","floor":33,"turns":8}],"seed_played":"-7773365076851403500","potions_obtained":[{"floor":1,"key":"FairyPotion"},{"floor":3,"key":"EntropicBrew"},{"floor":6,"key":"SteroidPotion"},{"floor":8,"key":"Ancient Potion"}],"is_trial":false,"path_per_floor":["M","?","M","?","M","E","R","E","T","$","R","T","?","M","R","B",null,"M","M","$","?","?","M","R","M","T","R","M","$","R","?","R","B"],"character_chosen":"IRONCLAD","items_purchased":["Shrug It Off","Havoc","Red Skull","Flex","Combust+1","Spot Weakness","Headbutt"],"campfire_rested":1,"item_purchase_floors":[10,10,10,20,20,29,29],"current_hp_per_floor":[72,72,72,72,67,13,13,13,13,13,13,13,8,12,33,15,72,56,56,56,56,56,45,45,45,45,45,45,45,45,39,39,0],"gold":37,"neow_bonus":"ONE_RARE_RELIC","is_prod":false,"is_daily":false,"chose_seed":false,"campfire_upgraded":6,"win_rate":0,"timestamp":1551539919,"path_taken":["M","?","?","?","M","E","R","E","T","$","R","?","?","M","R","BOSS","M","M","$","?","?","M","R","M","T","R","?","?","R","?","R","BOSS"],"build_version":"2019-01-23","purchased_purges":2,"victory":false,"max_hp_per_floor":[72,72,72,72,72,72,72,72,72,72,72,72,72,72,72,72,72,72,72,72,72,72,72,72,72,72,72,72,72,72,72,72,72],"card_choices":[{"not_picked":["Corruption","Armaments"],"picked":"Carnage","floor":1},{"not_picked":["Cleave","Sword Boomerang"],"picked":"Thunderclap","floor":3},{"not_picked":["True Grit","Evolve"],"picked":"Body Slam","floor":5},{"not_picked":["Blood for Blood","Infernal Blade"],"picked":"Impervious","floor":6},{"not_picked":["Twin Strike","Headbutt"],"picked":"True Grit","floor":8},{"not_picked":["Pummel","Perfected Strike"],"picked":"Anger","floor":14},{"not_picked":["Berserk+1","Feed"],"picked":"Offering","floor":16},{"not_picked":["Clothesline","Shrug It Off"],"picked":"Battle Trance","floor":18},{"not_picked":["Clash","Anger"],"picked":"Armaments","floor":19},{"not_picked":["Havoc","Clothesline"],"picked":"Battle Trance+1","floor":23},{"not_picked":["Twin Strike","Sword Boomerang"],"picked":"Searing Blow","floor":25},{"not_picked":["Body Slam","Shrug It Off"],"picked":"True Grit+1","floor":28}],"player_experience":540020,"relics_obtained":[{"floor":6,"key":"Incense Burner"},{"floor":8,"key":"Lantern"},{"floor":9,"key":"Sundial"},{"floor":12,"key":"Frozen Egg 2"},{"floor":13,"key":"Ancient Tea Set"},{"floor":26,"key":"Dream Catcher"}],"event_choices":[{"damage_healed":0,"gold_gain":100,"player_choice":"Gold","damage_taken":0,"max_hp_gain":0,"max_hp_loss":0,"event_name":"Wheel of Change","floor":2,"gold_loss":0},{"damage_healed":0,"gold_gain":0,"player_choice":"Ignored","damage_taken":0,"max_hp_gain":0,"max_hp_loss":0,"event_name":"Liars Game","floor":4,"gold_loss":0},{"damage_healed":0,"gold_gain":0,"player_choice":"Searched \u00271\u0027 times","damage_taken":0,"max_hp_gain":0,"max_hp_loss":0,"event_name":"Dead Adventurer","floor":13,"gold_loss":0},{"damage_healed":0,"gold_gain":0,"player_choice":"Obtained Relic","damage_taken":0,"relics_obtained":["Torii"],"max_hp_gain":0,"max_hp_loss":0,"event_name":"Addict","floor":21,"gold_loss":85},{"cards_removed":["Defend_R"],"damage_healed":0,"gold_gain":0,"player_choice":"Purged","damage_taken":0,"max_hp_gain":0,"max_hp_loss":0,"event_name":"Purifier","floor":22,"gold_loss":0},{"damage_healed":0,"gold_gain":0,"player_choice":"Joined the Cult","damage_taken":6,"max_hp_gain":0,"max_hp_loss":0,"event_name":"Nest","floor":31,"gold_loss":0,"cards_obtained":["RitualDagger"]}],"is_beta":false,"boss_relics":[{"not_picked":["Empty Cage","Runic Cube"],"picked":"Sozu"}],"items_purged_floors":[10,20],"is_endless":false,"potions_floor_spawned":[1,3,6,8,18,23,25],"killed_by":"Champ","ascension_level":0}