{"path_per_floor":["M","?","?","M","T","E","?","E","T","T","M","?","$","M","R","B",null,"M","?","?","M","?","R","M","R","T","$","E","?","M","M","R"],"character_chosen":"DEFECT","items_purchased":["Capacitor","Bandage Up","Singing Bowl"],"gold_per_floor":[144,144,94,104,186,220,220,248,272,298,316,339,1,14,14,113,113,129,129,52,69,69,69,85,85,85,10,41,41,57,71,71,71],"floor_reached":33,"campfire_rested":1,"playtime":3290,"item_purchase_floors":[13,13,13],"current_hp_per_floor":[79,84,84,76,76,70,95,69,69,69,69,56,56,62,62,46,97,87,87,87,75,67,67,52,52,52,52,48,48,42,11,32,0],"items_purged":["Normality"],"gold":71,"score":312,"play_id":"a58bc4f0-dc9b-4aa2-809d-9d6a650690ae","local_time":"20180621121053","is_prod":false,"is_daily":false,"chose_seed":false,"is_ascension_mode":true,"campfire_upgraded":3,"win_rate":0,"timestamp":1529579453,"campfire_choices":[{"data":"Fusion","floor":15,"key":"SMITH"},{"data":"Multi-Cast","floor":23,"key":"SMITH"},{"data":"Barrage","floor":25,"key":"SMITH"},{"floor":32,"key":"REST"}],"path_taken":["M","?","?","M","?","E","?","E","T","?","M","?","$","M","R","BOSS","M","?","?","M","?","R","?","R","T","?","E","?","M","M","R","BOSS"],"build_version":"2018-06-14v2","seed_source_timestamp":3241402644412489,"purchased_purges":1,"victory":false,"master_deck":["Defend_B+1","Defend_B","Defend_B+1","Zap+1","Dualcast","Cold Snap","Rebound","Reinforced Body","Doom and Gloom","Auto Shields","Fusion+1","Capacitor","Bandage Up","Multi-Cast+1","Leap+1","Rip and Tear","Recycle","Bite","Bite","Bite","Bite","Bite","Barrage+1","Creative AI","Echo Form"],"max_hp_per_floor":[80,85,85,85,85,95,95,95,95,95,95,95,95,97,97,97,97,97,97,97,97,67,67,67,67,67,67,67,67,69,71,71,71],"relics":["Tiny House","Blue Candle","Pear","Dream Catcher","Orichalcum","War Paint","Odd Mushroom","Singing Bowl","Cursed Key","Gambling Chip","Pen Nib","Lantern"],"card_choices":[{"not_picked":["Redo","Leap"],"picked":"Cold Snap","floor":0},{"not_picked":["Stack","Leap"],"picked":"Blizzard","floor":1},{"not_picked":["Compile Driver","Beam Cell"],"picked":"Rebound","floor":4},{"not_picked":["Turbo","Amplify"],"picked":"Reinforced Body","floor":6},{"not_picked":["Streamline","Leap"],"picked":"Doom and Gloom","floor":8},{"not_picked":["Undo","Lockon"],"picked":"Auto Shields","floor":11},{"not_picked":["Beam Cell","Turbo"],"picked":"Fusion","floor":12},{"not_picked":["Stack","Heatsinks","Redo"],"picked":"Singing Bowl","floor":14},{"not_picked":["Machine Learning","All For One"],"picked":"Multi-Cast","floor":16},{"not_picked":["Storm","Coolheaded"],"picked":"Leap+1","floor":18},{"not_picked":["Rebound+1","Cold Snap"],"picked":"Recycle","floor":21},{"not_picked":["Streamline","Gash"],"picked":"Barrage","floor":24},{"not_picked":["Reinforced Body","Compile Driver"],"picked":"Creative AI","floor":28},{"not_picked":["Gash","Skim","Consume"],"picked":"Singing Bowl","floor":30},{"not_picked":["Streamline","Conserve Battery","Steam+1"],"picked":"Singing Bowl","floor":31},{"not_picked":["BootSequence+1","Steam"],"picked":"Echo Form","floor":32}],"player_experience":278132,"potions_floor_usage":[6,16,16,28,31,33],"damage_taken":[{"damage":1,"enemies":"2 Louse","floor":1,"turns":3},{"damage":8,"enemies":"Jaw Worm","floor":4,"turns":4},{"damage":16,"enemies":"3 Sentries","floor":6,"turns":8},{"damage":26,"enemies":"Gremlin Nob","floor":8,"turns":5},{"damage":0,"enemies":"Small Slimes","floor":11,"turns":2},{"damage":13,"floor":12,"turns":4},{"damage":0,"enemies":"2 Fungi Beasts","floor":14,"turns":4},{"damage":20,"enemies":"Hexaghost","floor":16,"turns":11},{"damage":14,"enemies":"3 Byrds","floor":18,"turns":6},{"damage":16,"enemies":"Shell Parasite","floor":21,"turns":5},{"damage":29,"enemies":"Snake Plant","floor":24,"turns":6},{"damage":24,"enemies":"Gremlin Leader","floor":28,"turns":9},{"damage":24,"enemies":"Snecko","floor":30,"turns":7},{"damage":64,"enemies":"Cultist and Chosen","floor":31,"turns":8},{"damage":39,"enemies":"Collector","floor":33,"turns":6}],"relics_obtained":[{"floor":5,"key":"Blue Candle"},{"floor":6,"key":"Pear"},{"floor":8,"key":"Dream Catcher"},{"floor":9,"key":"Orichalcum"},{"floor":10,"key":"War Paint"},{"floor":12,"key":"Odd Mushroom"},{"floor":26,"key":"Gambling Chip"},{"floor":28,"key":"Pen Nib"}],"event_choices":[{"event_name":"Big Fish","player_choice":"Donut","floor":2,"damage_taken":0},{"event_name":"The Cleric","player_choice":"Card Removal","floor":3,"damage_taken":0},{"event_name":"Bonfire Elementals","player_choice":"UNCOMMON","floor":7,"damage_taken":0},{"event_name":"Mushrooms","player_choice":"Fought Mushrooms","floor":12,"damage_taken":0},{"event_name":"Transmorgrifier","player_choice":"Transform","floor":19,"damage_taken":0},{"event_name":"Drug Dealer","player_choice":"Got JAXXED","floor":20,"damage_taken":0},{"event_name":"Vampires","player_choice":"Became a vampire","floor":22,"damage_taken":0},{"event_name":"Addict","player_choice":"Gave JAX","floor":29,"damage_taken":0}],"boss_relics":[{"not_picked":["Pandora\u0027s Box","Eternal Feather"],"picked":"Cursed Key"}],"items_purged_floors":[27],"is_endless":false,"potions_floor_spawned":[4,11,14,16,24,31],"seed_played":"-5192563396512187814","killed_by":"Collector","ascension_level":1,"potions_obtained":[{"floor":0,"key":"Swift Potion"},{"floor":4,"key":"SmokeBomb"},{"floor":11,"key":"Block Potion"},{"floor":14,"key":"AttackPotion"},{"floor":16,"key":"Poison Potion"},{"floor":24,"key":"Regen Potion"},{"floor":31,"key":"AttackPotion"}],"is_trial":false}