{"gold_per_floor":[115,115,125,125,143,178,178,212,259,15,15],"floor_reached":11,"playtime":354,"items_purged":["Strike_G"],"score":162,"play_id":"89df00a5-afd1-43c4-85f5-74bfd9f06ace","local_time":"20190422175922","is_ascension_mode":true,"campfire_choices":[{"data":"Die Die Die","floor":7,"key":"SMITH"}],"neow_cost":"NONE","seed_source_timestamp":941255907891121,"circlet_count":0,"master_deck":["AscendersBane","Defend_G","Defend_G","Defend_G","Defend_G","Defend_G","Strike_G","Strike_G","Strike_G","Strike_G","Survivor","Neutralize+1","Predator","Dodge and Roll","Die Die Die+1","Blur"],"relics":["Ring of the Snake","NeowsBlessing","Ninja Scroll","Ancient Tea Set","Pen Nib","Art of War"],"potions_floor_usage":[6,11],"damage_taken":[{"damage":0,"enemies":"Small Slimes","floor":1,"turns":1},{"damage":0,"enemies":"Cultist","floor":3,"turns":1},{"damage":0,"enemies":"Jaw Worm","floor":5,"turns":1},{"damage":30,"enemies":"Lagavulin","floor":6,"turns":9},{"damage":26,"enemies":"Gremlin Nob","floor":8,"turns":4},{"damage":3,"enemies":"Lagavulin","floor":11,"turns":5}],"seed_played":"2538542810485700085","potions_obtained":[{"floor":1,"key":"PowerPotion"},{"floor":5,"key":"Ancient Potion"},{"floor":8,"key":"Explosive Potion"}],"is_trial":false,"path_per_floor":["M","$","M","?","M","E","R","E","T","$","E"],"character_chosen":"THE_SILENT","items_purchased":["Art of War"],"campfire_rested":0,"item_purchase_floors":[10],"current_hp_per_floor":[59,59,59,59,59,29,29,3,3,3,0],"gold":15,"neow_bonus":"THREE_ENEMY_KILL","is_prod":false,"is_daily":false,"chose_seed":false,"campfire_upgraded":1,"win_rate":0,"timestamp":1555952362,"path_taken":["M","$","M","?","?","E","R","E","T","$","E"],"build_version":"2019-01-23","purchased_purges":1,"victory":false,"max_hp_per_floor":[66,66,66,66,66,66,66,66,66,66,66],"card_choices":[{"not_picked":["Skewer","Escape Plan"],"picked":"Predator","floor":1},{"not_picked":["Bane","Outmaneuver","Blade Dance"],"picked":"SKIP","floor":3},{"not_picked":["Setup","Prepared"],"picked":"Dodge and Roll","floor":5},{"not_picked":["Deadly Poison","Bouncing Flask"],"picked":"Die Die Die","floor":6},{"not_picked":["Accuracy","Expertise"],"picked":"Blur","floor":8}],"player_experience":861872,"relics_obtained":[{"floor":6,"key":"Ninja Scroll"},{"floor":8,"key":"Ancient Tea Set"},{"floor":9,"key":"Pen Nib"}],"event_choices":[{"damage_healed":0,"gold_gain":0,"player_choice":"Upgraded","damage_taken":0,"max_hp_gain":0,"max_hp_loss":0,"event_name":"Upgrade Shrine","floor":4,"gold_loss":0,"cards_upgraded":["Neutralize"]}],"is_beta":false,"boss_relics":[],"items_purged_floors":[10],"is_endless":false,"potions_floor_spawned":[1,5,8],"killed_by":"Lagavulin","ascension_level":20}