{"gold_per_floor":[144,189,189,234,279,369,414,414,414,16,61,106,106,151,151,451,451,496,496,496,541,341,341,33,78,103,193,193,238,283,283,283,583,583,628,628,673,718,172,262,307,307,307,307,397,442,487,487,487,487],"floor_reached":51,"playtime":3331,"items_purged":["Strike_R","Defend_R+1"],"score":908,"play_id":"b3438620-21aa-4e96-b10b-d5569da7ee07","local_time":"20180624162025","daily_mods":["Heirloom","Midas","Vintage"],"is_ascension_mode":false,"campfire_choices":[{"floor":8,"key":"REST"},{"floor":15,"key":"REST"},{"floor":23,"key":"REST"},{"floor":32,"key":"REST"},{"floor":42,"key":"REST"},{"floor":49,"key":"REST"}],"neow_cost":"","seed_source_timestamp":0,"circlet_count":0,"master_deck":["Strike_R+1","Strike_R+1","Defend_R+1","Metallicize","Clothesline+1","Inflame","Flex","Whirlwind+1","Limit Break+1","Power Through+1","True Grit+1","Ghostly Armor+1","RitualDagger+1","Whirlwind+1","Flex","Battle Trance","Evolve","Pommel Strike+1","Thunderclap+1","Double Tap","Offering","Pummel+1","Dual Wield"],"special_seed":17706,"relics":["Burning Blood","Red Skull","Pear","Whetstone","Mummified Hand","Orichalcum","War Paint","Pen Nib","Molten Egg 2","Matryoshka","Paper Frog","Lantern","Bag of Preparation","Blood Vial","Astrolabe","Ornamental Fan","Bag of Marbles","Vajra","Thread and Needle","Oddly Smooth Stone","Singing Bowl","Happy Flower","Ginger","Meat on the Bone","Enchiridion","Ancient Tea Set","Sozu","Dream Catcher","Charon\u0027s Ashes","Turnip","Blue Candle","Champion Belt","Omamori","Kunai","Regal Pillow","Pantograph","Strawberry","Question Card","Shuriken"],"potions_floor_usage":[16,21],"damage_taken":[{"damage":3,"enemies":"Small Slimes","floor":1,"turns":3},{"damage":6,"enemies":"2 Louse","floor":2,"turns":3},{"damage":0,"enemies":"Cultist","floor":4,"turns":4},{"damage":4,"enemies":"Blue Slaver","floor":5,"turns":4},{"damage":24,"enemies":"Lagavulin","floor":6,"turns":6},{"damage":1,"enemies":"2 Fungi Beasts","floor":7,"turns":4},{"damage":4,"enemies":"Red Slaver","floor":11,"turns":3},{"damage":1,"enemies":"Large Slime","floor":12,"turns":5},{"damage":7,"enemies":"Exordium Thugs","floor":14,"turns":2},{"damage":0,"enemies":"Slime Boss","floor":16,"turns":3},{"damage":13,"enemies":"2 Thieves","floor":18,"turns":4},{"damage":0,"enemies":"3 Byrds","floor":21,"turns":4},{"damage":0,"enemies":"Cultist and Chosen","floor":25,"turns":3},{"damage":11,"enemies":"Slavers","floor":27,"turns":4},{"damage":0,"enemies":"3 Cultists","floor":29,"turns":1},{"damage":0,"enemies":"Chosen and Byrds","floor":30,"turns":5},{"damage":43,"enemies":"Champ","floor":33,"turns":7},{"damage":0,"enemies":"Orb Walker","floor":35,"turns":1},{"damage":0,"floor":36,"turns":2},{"damage":0,"enemies":"3 Darklings","floor":37,"turns":1},{"damage":0,"enemies":"Sphere and 2 Shapes","floor":38,"turns":1},{"damage":26,"enemies":"Nemesis","floor":40,"turns":3},{"damage":0,"enemies":"4 Shapes","floor":41,"turns":1},{"damage":4,"enemies":"Giant Head","floor":45,"turns":3},{"damage":4,"enemies":"3 Darklings","floor":46,"turns":1},{"damage":0,"enemies":"Maw","floor":47,"turns":2},{"damage":10,"enemies":"Time Eater","floor":50,"turns":2}],"seed_played":"1648767843045410124","potions_obtained":[{"floor":1,"key":"Ancient Potion"},{"floor":2,"key":"Energy Potion"},{"floor":5,"key":"Explosive Potion"},{"floor":11,"key":"FearPotion"},{"floor":25,"key":"SteroidPotion"},{"floor":33,"key":"Ancient Potion"}],"is_trial":false,"path_per_floor":["M","M","?","M","M","E","M","R","T","$","M","M","?","M","R","B",null,"M","?","?","M","$","R","$","M","T","E","?","M","M","?","R","B",null,"M","?","M","M","$","E","M","R","T","?","E","M","M","?","R","B"],"character_chosen":"IRONCLAD","items_purchased":["Clothesline+1","Inflame","Matryoshka","Flex","Spot Weakness","Flex","Vajra","Battle Trance","Evolve","Pommel Strike+1","Offering","Champion Belt"],"campfire_rested":6,"item_purchase_floors":[10,10,10,10,22,22,24,24,24,24,39,39],"current_hp_per_floor":[90,90,72,78,80,62,67,90,90,90,90,90,90,89,90,90,90,83,77,77,85,85,90,90,90,90,85,85,90,90,74,90,53,90,90,92,92,92,92,72,80,94,94,94,101,101,101,101,103,99],"gold":487,"neow_bonus":"","is_prod":false,"is_daily":true,"chose_seed":false,"campfire_upgraded":0,"win_rate":0,"timestamp":1529853625,"path_taken":["M","M","?","M","?","E","M","R","T","$","M","M","?","M","R","BOSS","M","?","?","M","$","R","$","M","T","E","?","M","?","?","R","BOSS","M","?","M","M","$","E","M","R","T","?","E","?","?","?","R","BOSS"],"build_version":"2018-06-21v2","purchased_purges":2,"victory":true,"max_hp_per_floor":[90,90,90,90,90,90,90,90,90,90,90,90,90,90,90,90,90,90,90,90,90,90,90,90,90,90,90,90,90,90,90,90,90,90,90,92,92,92,92,92,92,94,94,94,101,101,101,101,103,103],"card_choices":[{"not_picked":["Power Through","Clash"],"picked":"Metallicize","floor":6},{"not_picked":["Juggernaut","Dark Embrace"],"picked":"Limit Break","floor":16},{"not_picked":["Iron Wave+1","Anger+1"],"picked":"Thunderclap+1","floor":27},{"not_picked":["Reaper+1","Immolate+1"],"picked":"Double Tap","floor":33},{"not_picked":["Dropkick+1","Havoc","Body Slam+1"],"picked":"Singing Bowl","floor":36},{"not_picked":["Uppercut+1","Exhume"],"picked":"Pummel+1","floor":40},{"not_picked":["Pummel+1","Thunderclap+1","Clothesline+1"],"picked":"Singing Bowl","floor":42},{"not_picked":["True Grit","Anger+1"],"picked":"Dual Wield","floor":45},{"not_picked":["Clothesline+1","True Grit","Iron Wave+1","Shockwave"],"picked":"Singing Bowl","floor":49}],"player_experience":312567,"relics_obtained":[{"floor":1,"key":"Pear"},{"floor":2,"key":"Whetstone"},{"floor":4,"key":"Mummified Hand"},{"floor":5,"key":"Orichalcum"},{"floor":6,"key":"War Paint"},{"floor":7,"key":"Pen Nib"},{"floor":9,"key":"Molten Egg 2"},{"floor":11,"key":"Paper Frog"},{"floor":12,"key":"Lantern"},{"floor":14,"key":"Bag of Preparation"},{"floor":16,"key":"Blood Vial"},{"floor":18,"key":"Ornamental Fan"},{"floor":21,"key":"Bag of Marbles"},{"floor":25,"key":"Thread and Needle"},{"floor":26,"key":"Oddly Smooth Stone"},{"floor":26,"key":"Singing Bowl"},{"floor":27,"key":"Happy Flower"},{"floor":29,"key":"Ginger"},{"floor":30,"key":"Meat on the Bone"},{"floor":31,"key":"Enchiridion"},{"floor":33,"key":"Ancient Tea Set"},{"floor":35,"key":"Dream Catcher"},{"floor":36,"key":"Charon\u0027s Ashes"},{"floor":37,"key":"Turnip"},{"floor":38,"key":"Blue Candle"},{"floor":40,"key":"Omamori"},{"floor":41,"key":"Kunai"},{"floor":43,"key":"Regal Pillow"},{"floor":43,"key":"Pantograph"},{"floor":45,"key":"Strawberry"},{"floor":46,"key":"Question Card"},{"floor":47,"key":"Shuriken"}],"event_choices":[{"event_name":"Shining Light","player_choice":"Entered Light","floor":3,"damage_taken":0},{"event_name":"Living Wall","player_choice":"Change","floor":13,"damage_taken":0},{"event_name":"Nest","player_choice":"Joined the Cult","floor":19,"damage_taken":0},{"event_name":"The Library","player_choice":"Read","floor":20,"damage_taken":0},{"event_name":"Back to Basics","player_choice":"Elegance","floor":28,"damage_taken":0},{"event_name":"Cursed Tome","player_choice":"Obtained Book","floor":31,"damage_taken":0},{"event_name":"MindBloom","player_choice":"Fight","floor":36,"damage_taken":0},{"event_name":"Falling","player_choice":"Removed Skill","floor":44,"damage_taken":0},{"event_name":"Upgrade Shrine","player_choice":"Upgraded","floor":48,"damage_taken":0}],"boss_relics":[{"not_picked":["White Beast Statue","Runic Cube"],"picked":"Astrolabe"},{"not_picked":["Black Blood","Orrery"],"picked":"Sozu"}],"items_purged_floors":[22,39],"is_endless":false,"potions_floor_spawned":[1,2,5,7,11,25,33,36,38,45,46],"ascension_level":0}