{"gold_per_floor":[113,124,124,147,147,147,183,183,183,214,228,242,242,303,303,397,397,421,421,192,192,117,157,157,226,226,260,260,260,279,297,297,393,393,413,413,413,427,451,489,501,413,413,429,443,483,608,621,621,621],"floor_reached":51,"playtime":7396,"items_purged":["Strike_G+1","Strike_G+1"],"score":1378,"play_id":"610616a5-5926-4bbf-8a7f-e7625eea7593","local_time":"20190404001224","is_ascension_mode":true,"campfire_choices":[{"data":"Wraith Form v2","floor":6.0,"key":"SMITH"},{"floor":8.0,"key":"REST"},{"data":"Noxious Fumes","floor":15.0,"key":"SMITH"},{"data":"Wraith Form v2","floor":24,"key":"SMITH"},{"data":"Bouncing Flask","floor":28,"key":"SMITH"},{"data":"Wraith Form v2","floor":29,"key":"SMITH"},{"data":"Footwork","floor":32,"key":"SMITH"},{"data":"Burst","floor":41,"key":"SMITH"},{"data":"Wraith Form v2","floor":49,"key":"SMITH"}],"neow_cost":"NONE","seed_source_timestamp":0,"circlet_count":0,"master_deck":["AscendersBane","Defend_G+1","Defend_G+1","Defend_G+1","Defend_G+1","Defend_G+1","Strike_G+1","Survivor","Neutralize","Wraith Form v2+1","Calculated Gamble","Noxious Fumes+1","PiercingWail","Dash","PiercingWail","Bouncing Flask+1","Tools of the Trade","Adrenaline","Bane+1","Wraith Form v2+1","Deadly Poison","Wraith Form v2+1","Footwork+1","Burst+1","Tactician+1","Backflip+1","Leg Sweep","Deadly Poison+1","Flechettes+1","Wraith Form v2+1"],"special_seed":0,"relics":["Ring of the Snake","Golden Idol","Gambling Chip","Meat on the Bone","Oddly Smooth Stone","Pen Nib","Sozu","Orichalcum","Tiny Chest","WingedGreaves","Pocketwatch","Runic Pyramid","MawBank","Omamori","Bottled Lightning","Mango"],"potions_floor_usage":[25,50],"damage_taken":[{"damage":1.0,"enemies":"Cultist","floor":1.0,"turns":5.0},{"damage":5.0,"enemies":"Small Slimes","floor":2.0,"turns":6.0},{"damage":3.0,"enemies":"Jaw Worm","floor":4.0,"turns":6.0},{"damage":30.0,"enemies":"3 Sentries","floor":7.0,"turns":9.0},{"damage":16.0,"enemies":"Lagavulin","floor":10.0,"turns":11.0},{"damage":1.0,"enemies":"Large Slime","floor":11.0,"turns":9.0},{"damage":3.0,"enemies":"Blue Slaver","floor":12.0,"turns":6.0},{"damage":6.0,"enemies":"3 Sentries","floor":14.0,"turns":9.0},{"damage":32.0,"enemies":"Hexaghost","floor":16.0,"turns":10.0},{"damage":1.0,"enemies":"Spheric Guardian","floor":18.0,"turns":3.0},{"damage":5,"enemies":"Slavers","floor":23,"turns":7},{"damage":32,"enemies":"Gremlin Leader","floor":25,"turns":8},{"damage":1,"enemies":"Book of Stabbing","floor":27,"turns":6},{"damage":1,"enemies":"Chosen","floor":30,"turns":4},{"damage":0,"enemies":"Snake Plant","floor":31,"turns":4},{"damage":0,"enemies":"Automaton","floor":33,"turns":11},{"damage":0,"enemies":"3 Darklings","floor":35,"turns":6},{"damage":0,"enemies":"3 Shapes","floor":38,"turns":5},{"damage":0,"enemies":"Maw","floor":39,"turns":8},{"damage":1,"enemies":"Giant Head","floor":40,"turns":10},{"damage":0,"enemies":"Transient","floor":44,"turns":5},{"damage":0,"enemies":"Jaw Worm Horde","floor":45,"turns":5},{"damage":2,"enemies":"Nemesis","floor":46,"turns":9},{"damage":0,"enemies":"Mind Bloom Boss Battle","floor":47,"turns":7},{"damage":0,"enemies":"Maw","floor":48,"turns":9},{"damage":10,"enemies":"Awakened One","floor":50,"turns":18}],"seed_played":"-3238893423284697152","potions_obtained":[{"floor":1.0,"key":"Poison Potion"},{"floor":7.0,"key":"AttackPotion"},{"floor":12.0,"key":"Swift Potion"},{"floor":14.0,"key":"Energy Potion"}],"is_trial":false,"path_per_floor":["M","M","?","M","?","R","E","R","T","E","M","M","?","?","R","B",null,"M","?","$","?","?","E","R","E","T","E","R","R","M","M","R","B",null,"M","$","$","M","M","E","R","$","T","M","M","E","?","M","R","B",null],"character_chosen":"THE_SILENT","items_purchased":["Wraith Form v2"],"campfire_rested":1,"item_purchase_floors":[20],"current_hp_per_floor":[58,53,53,50,50,50,20,38,38,34,33,42,35,41,41,21,50,49,49,49,49,49,44,44,24,24,35,35,35,34,34,34,34,54,54,54,54,54,54,53,53,53,53,53,53,51,65,65,65,55],"gold":621,"neow_bonus":"ONE_RANDOM_RARE_CARD","is_prod":false,"is_daily":false,"chose_seed":false,"campfire_upgraded":8,"win_rate":0,"timestamp":1554333144,"path_taken":["M","M","?","M","?","R","E","R","T","E","M","M","?","?","R","BOSS","M","?","$","?","?","E","R","E","T","E","R","R","M","M","R","BOSS","M","$","$","M","M","E","R","$","T","M","M","E","?","M","R","BOSS"],"build_version":"2019-01-23","purchased_purges":2,"victory":true,"max_hp_per_floor":[66,66,60,60,60,60,60,60,60,60,60,60,60,60,60,60,60,60,60,60,60,60,60,60,60,60,60,60,60,60,60,60,60,60,60,60,60,60,60,60,60,60,60,60,60,60,74,74,74,74],"card_choices":[{"not_picked":["Slice","Expertise"],"picked":"Calculated Gamble","floor":1.0},{"not_picked":["Deflect","Dagger Throw"],"picked":"Noxious Fumes","floor":2.0},{"not_picked":["Dagger Spray","Prepared"],"picked":"PiercingWail","floor":4.0},{"not_picked":["Well Laid Plans","Deflect"],"picked":"Dash","floor":7.0},{"not_picked":["Tactician","Sucker Punch"],"picked":"PiercingWail","floor":10.0},{"not_picked":["Predator","Sucker Punch"],"picked":"Bouncing Flask","floor":11.0},{"not_picked":["PiercingWail","Underhanded Strike","Poisoned Stab"],"picked":"SKIP","floor":12.0},{"not_picked":["Blade Dance","Tactician"],"picked":"Tools of the Trade","floor":14.0},{"not_picked":["A Thousand Cuts","Glass Knife"],"picked":"Adrenaline","floor":16.0},{"not_picked":["Backstab","Choke"],"picked":"Bane+1","floor":18.0},{"not_picked":["Flechettes","Deflect","Choke"],"picked":"SKIP","floor":23},{"not_picked":["PiercingWail","Dash"],"picked":"Deadly Poison","floor":25},{"not_picked":["Terror+1","Poisoned Stab"],"picked":"Wraith Form v2","floor":27},{"not_picked":["Bouncing Flask","Cloak And Dagger","Bane"],"picked":"SKIP","floor":30},{"not_picked":["Blade Dance","Dagger Throw"],"picked":"Footwork","floor":31},{"not_picked":["Venomology","Glass Knife"],"picked":"Burst","floor":33},{"not_picked":["Sucker Punch","Deflect"],"picked":"Tactician+1","floor":35},{"not_picked":["Slice","Flying Knee"],"picked":"Backflip+1","floor":38},{"not_picked":["Masterful Stab","Deflect"],"picked":"Leg Sweep","floor":39},{"not_picked":["Eviscerate","Doppelganger","Underhanded Strike"],"picked":"SKIP","floor":40},{"not_picked":["Acrobatics+1","Terror"],"picked":"Deadly Poison+1","floor":44},{"not_picked":["Flechettes","Dash","Deadly Poison"],"picked":"SKIP","floor":45},{"not_picked":["Deadly Poison","Accuracy"],"picked":"Flechettes+1","floor":46},{"not_picked":["Skewer","Outmaneuver"],"picked":"Wraith Form v2","floor":47},{"not_picked":["Deadly Poison+1","Blur","Poisoned Stab"],"picked":"SKIP","floor":48}],"player_experience":724901,"relics_obtained":[{"floor":7.0,"key":"Gambling Chip"},{"floor":9.0,"key":"Meat on the Bone"},{"floor":10.0,"key":"Oddly Smooth Stone"},{"floor":23,"key":"Orichalcum"},{"floor":25,"key":"Tiny Chest"},{"floor":26,"key":"WingedGreaves"},{"floor":27,"key":"Pocketwatch"},{"floor":40,"key":"MawBank"},{"floor":43,"key":"Omamori"},{"floor":46,"key":"Bottled Lightning"},{"floor":47,"key":"Mango"}],"event_choices":[{"damage_healed":0.0,"max_hp_gain":0.0,"max_hp_loss":6.0,"gold_gain":0.0,"event_name":"Golden Idol","player_choice":"Lose Max HP","floor":3.0,"gold_loss":0.0,"damage_taken":0.0,"relics_obtained":["Golden Idol"]},{"damage_healed":0.0,"max_hp_gain":0.0,"max_hp_loss":0.0,"gold_gain":0.0,"event_name":"Liars Game","player_choice":"Ignored","floor":5.0,"gold_loss":0.0,"damage_taken":0.0},{"cards_removed":["Strike_G"],"damage_healed":0.0,"max_hp_gain":0.0,"max_hp_loss":0.0,"gold_gain":0.0,"event_name":"Golden Wing","player_choice":"Card Removal","floor":13.0,"gold_loss":0.0,"damage_taken":7.0},{"damage_healed":0.0,"max_hp_gain":0.0,"max_hp_loss":0.0,"gold_gain":30.0,"event_name":"Dead Adventurer","player_choice":"Searched \u00273\u0027 times","floor":14.0,"gold_loss":0.0,"damage_taken":0.0,"relics_obtained":["Pen Nib"]},{"damage_healed":0.0,"max_hp_gain":0.0,"max_hp_loss":0.0,"gold_gain":0.0,"event_name":"Back to Basics","player_choice":"Simplicity","floor":19.0,"gold_loss":0.0,"damage_taken":0.0,"cards_upgraded":["Defend_G","Defend_G","Defend_G","Defend_G","Defend_G","Strike_G","Strike_G","Strike_G","Strike_G"]},{"damage_healed":0,"gold_gain":0,"player_choice":"Ignored","damage_taken":0,"max_hp_gain":0,"max_hp_loss":0,"event_name":"The Mausoleum","floor":21,"gold_loss":0},{"cards_removed":["Strike_G"],"damage_healed":0,"gold_gain":0,"player_choice":"Gave Gold","damage_taken":0,"max_hp_gain":0,"max_hp_loss":0,"event_name":"Beggar","floor":22,"gold_loss":75},{"damage_healed":0,"gold_gain":0,"player_choice":"Fight","damage_taken":0,"max_hp_gain":0,"max_hp_loss":0,"event_name":"MindBloom","floor":47,"gold_loss":0}],"is_beta":false,"boss_relics":[{"not_picked":["White Beast Statue","Empty Cage"],"picked":"Sozu"},{"not_picked":["Velvet Choker","Lizard Tail"],"picked":"Runic Pyramid"}],"items_purged_floors":[20,42],"is_endless":false,"potions_floor_spawned":[1,7,12,14,23,33,40,46,47,48],"ascension_level":15}