{"gold_per_floor":[118,118,138,149,149,149,149,149,149,149,149,193,208,100,100,230,230,251,270,284,298,317,317,317],"floor_reached":24,"playtime":1086,"items_purged":["Strike_G"],"score":267,"play_id":"d326639c-c5be-469d-af2f-68b5b1c8f54b","local_time":"20181223190939","is_ascension_mode":true,"campfire_choices":[{"data":"Bouncing Flask","floor":6,"key":"SMITH"},{"data":"Neutralize","floor":8,"key":"SMITH"},{"data":"Dodge and Roll","floor":11,"key":"SMITH"},{"data":"Dodge and Roll","floor":15,"key":"SMITH"},{"data":"Malaise","floor":23,"key":"SMITH"}],"neow_cost":"NONE","seed_source_timestamp":247784219113626,"circlet_count":0,"master_deck":["Defend_G","Defend_G","Defend_G","Defend_G","Defend_G","Strike_G","Strike_G","Strike_G","Strike_G","Survivor","Neutralize+1","Dramatic Entrance","Dodge and Roll+1","Bouncing Flask+1","Noxious Fumes+1","Poisoned Stab","Dodge and Roll+1","Well Laid Plans","Malaise+1","Distraction+1","Deflect"],"relics":["Ring of the Snake","Golden Idol","Incense Burner","Ginger","FossilizedHelix","Busted Crown"],"potions_floor_usage":[19,22,22],"damage_taken":[{"damage":0,"enemies":"Small Slimes","floor":1,"turns":3},{"damage":8,"enemies":"2 Louse","floor":3,"turns":3},{"damage":0,"enemies":"Jaw Worm","floor":4,"turns":4},{"damage":23,"enemies":"3 Sentries","floor":12,"turns":6},{"damage":0,"enemies":"Looter","floor":13,"turns":3},{"damage":10,"enemies":"The Guardian","floor":16,"turns":8},{"damage":9,"enemies":"Chosen","floor":18,"turns":5},{"damage":3,"enemies":"Shell Parasite","floor":19,"turns":5},{"damage":0,"enemies":"Centurion and Healer","floor":20,"turns":7},{"damage":11,"enemies":"Sentry and Sphere","floor":21,"turns":6},{"damage":0,"enemies":"Cultist and Chosen","floor":22,"turns":6},{"damage":38,"enemies":"3 Cultists","floor":24,"turns":5}],"seed_played":"-305959185839984906","potions_obtained":[{"floor":4,"key":"GamblersBrew"},{"floor":16,"key":"SkillPotion"},{"floor":18,"key":"AttackPotion"},{"floor":21,"key":"Ancient Potion"},{"floor":22,"key":"Strength Potion"}],"is_trial":false,"path_per_floor":["M","?","M","M","?","R","?","R","T","T","R","E","M","$","R","B",null,"M","M","M","M","M","R","M"],"character_chosen":"THE_SILENT","items_purchased":["Well Laid Plans"],"campfire_rested":0,"item_purchase_floors":[14],"current_hp_per_floor":[63,63,55,55,55,55,55,55,55,55,55,32,32,32,32,22,54,45,42,42,31,31,31,0],"gold":317,"neow_bonus":"RANDOM_COLORLESS","is_prod":false,"is_daily":false,"chose_seed":false,"campfire_upgraded":5,"win_rate":0,"timestamp":1545592179,"path_taken":["M","?","M","M","?","R","?","R","T","?","R","E","M","$","R","BOSS","M","?","M","M","M","R","M"],"build_version":"2018-12-20","purchased_purges":1,"victory":false,"max_hp_per_floor":[70,70,70,70,70,70,65,65,65,65,65,65,65,65,65,65,65,65,65,65,65,65,65,65],"card_choices":[{"not_picked":["Deadly Poison","Bane"],"picked":"Dodge and Roll","floor":1},{"not_picked":["Dodge and Roll","Concentrate"],"picked":"Bouncing Flask","floor":3},{"not_picked":["Acrobatics","Dagger Spray"],"picked":"Noxious Fumes","floor":4},{"not_picked":["Phantasmal Killer","Cloak And Dagger"],"picked":"Poisoned Stab","floor":12},{"not_picked":["Flechettes","Deadly Poison"],"picked":"Dodge and Roll","floor":13},{"not_picked":["Night Terror","Corpse Explosion"],"picked":"Malaise","floor":16},{"not_picked":["Quick Slash"],"picked":"SKIP","floor":18},{"not_picked":[],"picked":"Distraction+1","floor":19},{"not_picked":["Predator"],"picked":"SKIP","floor":20},{"not_picked":[],"picked":"Deflect","floor":21},{"not_picked":["Accuracy+1"],"picked":"SKIP","floor":22}],"player_experience":381846,"relics_obtained":[{"floor":9,"key":"Incense Burner"},{"floor":10,"key":"Ginger"},{"floor":12,"key":"FossilizedHelix"}],"event_choices":[{"damage_healed":0,"gold_gain":0,"player_choice":"Ignored","damage_taken":0,"max_hp_gain":0,"max_hp_loss":0,"event_name":"Liars Game","floor":2,"gold_loss":0},{"damage_healed":0,"gold_gain":0,"player_choice":"Grow","damage_taken":0,"max_hp_gain":0,"max_hp_loss":0,"event_name":"Living Wall","floor":5,"gold_loss":0,"cards_upgraded":["Noxious Fumes"]},{"damage_healed":0,"gold_gain":0,"player_choice":"Lose Max HP","damage_taken":0,"relics_obtained":["Golden Idol"],"max_hp_gain":0,"max_hp_loss":5,"event_name":"Golden Idol","floor":7,"gold_loss":0}],"is_beta":false,"boss_relics":[{"not_picked":["Empty Cage","Runic Pyramid"],"picked":"Busted Crown"}],"items_purged_floors":[14],"is_endless":false,"potions_floor_spawned":[4,16,18,21,22],"killed_by":"3 Cultists","ascension_level":7}