{"gold_per_floor":[118,118,118,193,207,238,238,272,322,322,366,381,456,45,45,174,174,189,189,202,117,5,5,49,49,49,67,67,82,95,108,108,234,234,248,269,294,122,140,176,176,176,202,268,268,49,82,106,106,106],"floor_reached":51,"playtime":3828,"items_purged":["Strike_R","Strike_R"],"score":893,"play_id":"abe83483-e13f-40ec-8957-5013cb08bdeb","local_time":"20190307201815","is_ascension_mode":false,"campfire_choices":[{"data":"Defend_R","floor":7.0,"key":"SMITH"},{"data":"Uppercut","floor":10.0,"key":"SMITH"},{"floor":15.0,"key":"REST"},{"data":"Body Slam","floor":23.0,"key":"SMITH"},{"data":"Juggernaut","floor":28.0,"key":"SMITH"},{"data":"True Grit","floor":32.0,"key":"SMITH"},{"data":"Battle Trance","floor":41,"key":"SMITH"},{"floor":49,"key":"REST"}],"neow_cost":"NONE","seed_source_timestamp":0,"circlet_count":0,"master_deck":["Strike_R+1","Strike_R+1","Strike_R+1","Defend_R+1","Defend_R+1","Defend_R+1","Defend_R+1","Bash+1","Uppercut+1","Battle Trance+1","Juggernaut+1","Iron Wave+1","Shockwave+1","Corruption+1","Iron Wave+1","True Grit+1","Feed+1","Armaments+1","Iron Wave+1","Shrug It Off+1","Body Slam+1","Rampage+1","Dropkick+1","Dropkick+1","Intimidate+1","Barricade+1","Immolate+1","Entrench+1","Juggernaut+1","Warcry+1","Double Tap+1","Entrench+1","Uppercut+1","Pommel Strike+1"],"special_seed":0,"relics":["Burning Blood","NeowsBlessing","Golden Idol","Lantern","Bronze Scales","Centennial Puzzle","Boot","Omamori","Frozen Egg 2","Orrery","Strawberry","Matryoshka","Regal Pillow","Thread and Needle","Snecko Eye","Blue Candle","Mark of the Bloom","Molten Egg 2","Vajra","Ginger","Anchor","Charon\u0027s Ashes"],"potions_floor_usage":[39,50],"damage_taken":[{"damage":0.0,"enemies":"Small Slimes","floor":1.0,"turns":1.0},{"damage":0.0,"enemies":"2 Louse","floor":5.0,"turns":1.0},{"damage":0.0,"enemies":"Gremlin Nob","floor":6.0,"turns":1.0},{"damage":20.0,"enemies":"Lagavulin","floor":8.0,"turns":7.0},{"damage":11.0,"enemies":"Gremlin Nob","floor":11.0,"turns":4.0},{"damage":0.0,"enemies":"Cultist","floor":12.0,"turns":3.0},{"damage":45.0,"enemies":"Slime Boss","floor":16.0,"turns":13.0},{"damage":15.0,"enemies":"2 Thieves","floor":18.0,"turns":5.0},{"damage":4.0,"enemies":"Shell Parasite","floor":20.0,"turns":6.0},{"damage":26.0,"enemies":"Slavers","floor":24.0,"turns":6.0},{"damage":2.0,"enemies":"Snake Plant","floor":27.0,"turns":4.0},{"damage":3.0,"enemies":"Snecko","floor":29.0,"turns":5.0},{"damage":5.0,"enemies":"Shelled Parasite and Fungi","floor":30.0,"turns":7.0},{"damage":2.0,"enemies":"3 Cultists","floor":31.0,"turns":6.0},{"damage":0,"enemies":"Champ","floor":33,"turns":12},{"damage":4,"enemies":"Orb Walker","floor":35,"turns":3},{"damage":0,"enemies":"3 Shapes","floor":36,"turns":6},{"damage":9,"enemies":"Spire Growth","floor":37,"turns":6},{"damage":7,"enemies":"Writhing Mass","floor":39,"turns":5},{"damage":0,"enemies":"Nemesis","floor":40,"turns":5},{"damage":0,"enemies":"2 Orb Walkers","floor":44,"turns":3},{"damage":0,"enemies":"Giant Head","floor":47,"turns":8},{"damage":2,"enemies":"Sphere and 2 Shapes","floor":48,"turns":4},{"damage":23,"enemies":"Donu and Deca","floor":50,"turns":7}],"seed_played":"-6916470117550815433","potions_obtained":[{"floor":1.0,"key":"FearPotion"},{"floor":8.0,"key":"Weak Potion"},{"floor":11.0,"key":"FearPotion"},{"floor":18.0,"key":"Explosive Potion"},{"floor":33,"key":"AttackPotion"},{"floor":36,"key":"LiquidBronze"},{"floor":37,"key":"SpeedPotion"}],"is_trial":false,"path_per_floor":["M","?","?","?","M","E","R","E","T","R","E","M","?","$","R","B",null,"M","?","M","?","$","R","E","?","T","M","R","M","M","M","R","B",null,"M","M","M","$","M","E","R","?","T","?","?","$","E","M","R","B",null],"character_chosen":"IRONCLAD","items_purchased":["Corruption","Iron Wave","True Grit","Frozen Egg 2","Dropkick","Juggernaut+1","Anchor","EssenceOfSteel"],"campfire_rested":2,"item_purchase_floors":[14,14,14,14,22,38,46,46],"current_hp_per_floor":[80,60,48,37,43,49,49,35,35,35,30,36,28,28,52,13,80,74,74,76,83,83,83,66,66,66,73,73,76,80,87,87,93,102,105,108,108,108,110,114,114,114,114,114,108,108,108,106,106,83],"gold":106,"neow_bonus":"THREE_ENEMY_KILL","is_prod":false,"is_daily":false,"chose_seed":false,"campfire_upgraded":6,"win_rate":0,"timestamp":1551989895,"path_taken":["M","?","?","?","M","E","R","E","T","R","E","M","?","$","R","BOSS","M","?","M","?","$","R","E","?","T","M","R","M","?","M","R","BOSS","M","M","M","$","M","E","R","?","T","?","?","?","E","?","R","BOSS"],"build_version":"2019-01-23","purchased_purges":2,"victory":true,"max_hp_per_floor":[80,80,80,80,80,80,80,80,80,80,80,80,80,80,80,80,80,83,83,83,90,90,90,93,93,93,96,96,96,99,102,102,102,102,105,108,111,111,114,114,114,114,114,114,108,108,108,108,108,112],"card_choices":[{"not_picked":["Pommel Strike","Warcry"],"picked":"Uppercut","floor":1.0},{"not_picked":["Feel No Pain","Clothesline"],"picked":"Battle Trance","floor":5.0},{"not_picked":["Entrench","Iron Wave"],"picked":"Juggernaut","floor":6.0},{"not_picked":["Entrench","Carnage"],"picked":"Iron Wave","floor":8.0},{"not_picked":["Heavy Blade","Searing Blow","Dual Wield"],"picked":"SKIP","floor":11.0},{"not_picked":["Clash","Twin Strike"],"picked":"Shockwave","floor":12.0},{"not_picked":["Juggernaut+1","Fiend Fire"],"picked":"Feed","floor":16.0},{"not_picked":["Hemokinesis","Thunderclap"],"picked":"Armaments","floor":17.0},{"not_picked":["Anger","Warcry"],"picked":"Iron Wave","floor":17.0},{"not_picked":["Dual Wield","Twin Strike"],"picked":"Shrug It Off","floor":17.0},{"not_picked":["Sentinel+1","Warcry+1"],"picked":"Body Slam","floor":18.0},{"not_picked":["Flex","Rupture+1"],"picked":"Rampage+1","floor":20.0},{"not_picked":["Iron Wave","Burning Pact"],"picked":"Dropkick","floor":24.0},{"not_picked":["Twin Strike","Sword Boomerang","Clash+1"],"picked":"SKIP","floor":27.0},{"not_picked":["Bloodletting","Rage"],"picked":"Intimidate","floor":29.0},{"not_picked":["Sentinel","Twin Strike"],"picked":"Barricade+1","floor":30.0},{"not_picked":["Headbutt","Clash","Sword Boomerang"],"picked":"SKIP","floor":31.0},{"not_picked":["Reaper","Feed"],"picked":"Immolate","floor":33},{"not_picked":["Iron Wave","Sword Boomerang+1","Wild Strike+1"],"picked":"SKIP","floor":35},{"not_picked":["Perfected Strike+1","Flex+1","Rupture+1"],"picked":"SKIP","floor":36},{"not_picked":["Anger","Bloodletting"],"picked":"Entrench+1","floor":37},{"not_picked":["Battle Trance","Wild Strike+1"],"picked":"Warcry+1","floor":39},{"not_picked":["Anger+1","Perfected Strike+1"],"picked":"Double Tap","floor":40},{"not_picked":["Body Slam+1","Flame Barrier+1"],"picked":"Entrench+1","floor":44},{"not_picked":["Immolate+1","Armaments"],"picked":"Uppercut+1","floor":47},{"not_picked":["Warcry","Burning Pact"],"picked":"Pommel Strike+1","floor":48}],"player_experience":569474,"relics_obtained":[{"floor":6.0,"key":"Bronze Scales"},{"floor":8.0,"key":"Centennial Puzzle"},{"floor":9.0,"key":"Boot"},{"floor":11.0,"key":"Omamori"},{"floor":24.0,"key":"Matryoshka"},{"floor":26.0,"key":"Regal Pillow"},{"floor":26.0,"key":"Thread and Needle"},{"floor":40,"key":"Blue Candle"},{"floor":43,"key":"Molten Egg 2"},{"floor":43,"key":"Vajra"},{"floor":44,"key":"Ginger"},{"floor":47,"key":"Charon\u0027s Ashes"}],"event_choices":[{"damage_healed":0.0,"max_hp_gain":0.0,"max_hp_loss":0.0,"gold_gain":0.0,"event_name":"Golden Idol","player_choice":"Take Damage","floor":2.0,"gold_loss":0.0,"damage_taken":20.0,"relics_obtained":["Golden Idol"]},{"damage_healed":0.0,"max_hp_gain":0.0,"max_hp_loss":0.0,"gold_gain":0.0,"event_name":"Scrap Ooze","player_choice":"Success","floor":3.0,"gold_loss":0.0,"damage_taken":12.0,"relics_obtained":["Lantern"]},{"damage_healed":0.0,"max_hp_gain":0.0,"max_hp_loss":0.0,"gold_gain":75.0,"event_name":"World of Goop","player_choice":"Gather Gold","floor":4.0,"gold_loss":0.0,"damage_taken":11.0},{"damage_healed":0.0,"max_hp_gain":0.0,"max_hp_loss":0.0,"gold_gain":75.0,"event_name":"FaceTrader","player_choice":"Touch","floor":13.0,"gold_loss":0.0,"damage_taken":8.0},{"damage_healed":0.0,"max_hp_gain":0.0,"max_hp_loss":0.0,"gold_gain":0.0,"event_name":"Ghosts","player_choice":"Ignored","floor":19.0,"gold_loss":0.0,"damage_taken":0.0},{"damage_healed":0.0,"max_hp_gain":0.0,"max_hp_loss":0.0,"gold_gain":0.0,"event_name":"Addict","player_choice":"Obtained Relic","floor":21.0,"gold_loss":85.0,"damage_taken":0.0,"relics_obtained":["Strawberry"]},{"damage_healed":0.0,"max_hp_gain":0.0,"max_hp_loss":0.0,"gold_gain":0.0,"event_name":"Upgrade Shrine","player_choice":"Upgraded","floor":25.0,"gold_loss":0.0,"damage_taken":0.0,"cards_upgraded":["Armaments"]},{"damage_healed":0,"gold_gain":0,"player_choice":"Upgrade","damage_taken":0,"relics_obtained":["Mark of the Bloom"],"max_hp_gain":0,"max_hp_loss":0,"event_name":"MindBloom","floor":42,"gold_loss":0,"cards_upgraded":["Strike_R","Strike_R","Strike_R","Defend_R","Defend_R","Defend_R","Bash","Iron Wave","Shockwave","Corruption","Iron Wave","Feed","Iron Wave","Shrug It Off","Dropkick","Dropkick","Intimidate","Immolate","Double Tap"]},{"damage_healed":0,"gold_gain":0,"player_choice":"Fight","damage_taken":0,"max_hp_gain":0,"max_hp_loss":0,"event_name":"Mysterious Sphere","floor":44,"gold_loss":0},{"damage_healed":0,"gold_gain":0,"player_choice":"Max HP","damage_taken":0,"max_hp_gain":0,"max_hp_loss":6,"event_name":"Winding Halls","floor":45,"gold_loss":0}],"is_beta":false,"boss_relics":[{"not_picked":["Tiny House","Pandora\u0027s Box"],"picked":"Orrery"},{"not_picked":["Fusion Hammer","Philosopher\u0027s Stone"],"picked":"Snecko Eye"}],"items_purged_floors":[22,38],"is_endless":false,"potions_floor_spawned":[1,8,11,18,20,33,36,37,48],"ascension_level":0}