{"gold_per_floor":[360,374,384,119,138,138,99,99,122,134,158,170,192,229,241,253],"floor_reached":16,"playtime":766,"items_purged":["Parasite"],"score":143,"play_id":"a19c74c0-97d0-4ffd-bd29-fae676851257","local_time":"20190722121808","is_ascension_mode":true,"campfire_choices":[{"data":"Neutralize","floor":6,"key":"SMITH"},{"data":"Footwork","floor":10,"key":"SMITH"},{"floor":15,"key":"REST"}],"neow_cost":"CURSE","seed_source_timestamp":77898148005800,"circlet_count":0,"master_deck":["Strike_G","Strike_G","Strike_G","Strike_G","Defend_G","Defend_G","Defend_G","Defend_G","Defend_G","Survivor","Neutralize+1","Quick Slash","Tactician","All Out Attack","Well Laid Plans","Malaise","Backflip","Sucker Punch","Footwork+1","Acrobatics","Acrobatics"],"relics":["Ring of the Snake","MawBank","Bag of Marbles"],"potions_floor_usage":[11,14,16],"damage_taken":[{"damage":2,"enemies":"Jaw Worm","floor":1,"turns":7},{"damage":7,"enemies":"Cultist","floor":2,"turns":5},{"damage":0,"enemies":"Small Slimes","floor":3,"turns":4},{"damage":8,"enemies":"Red Slaver","floor":5,"turns":5},{"damage":8,"enemies":"Exordium Thugs","floor":11,"turns":5},{"damage":21,"enemies":"Lots of Slimes","floor":13,"turns":5},{"damage":27,"enemies":"Gremlin Nob","floor":14,"turns":6},{"damage":47,"enemies":"Slime Boss","floor":16,"turns":10}],"seed_played":"-1222126880645679531","potions_obtained":[{"floor":2,"key":"SpeedPotion"},{"floor":3,"key":"Poison Potion"},{"floor":13,"key":"Block Potion"}],"is_trial":false,"path_per_floor":["M","M","M","$","M","R","$","?","T","R","M","?","M","E","R","B"],"character_chosen":"THE_SILENT","items_purchased":["Well Laid Plans","Malaise","Backflip","Footwork"],"campfire_rested":1,"item_purchase_floors":[4,4,4,7],"current_hp_per_floor":[61,54,54,54,46,46,46,46,46,46,38,67,46,19,39,0],"gold":253,"neow_bonus":"TWO_FIFTY_GOLD","is_prod":false,"is_daily":false,"chose_seed":false,"campfire_upgraded":2,"win_rate":0,"timestamp":1563812288,"path_taken":["M","M","M","$","M","R","$","?","T","R","?","?","?","E","R","BOSS"],"build_version":"2019-07-17","purchased_purges":1,"victory":false,"max_hp_per_floor":[70,70,70,67,67,67,67,67,67,67,67,67,67,67,67,67],"card_choices":[{"not_picked":["Bane","Skewer"],"picked":"Quick Slash","floor":1},{"not_picked":["Outmaneuver","Poisoned Stab"],"picked":"Tactician","floor":2},{"not_picked":["PiercingWail","Dagger Spray"],"picked":"All Out Attack","floor":3},{"not_picked":["Blade Dance","Prepared"],"picked":"Sucker Punch","floor":5},{"not_picked":["Outmaneuver","Riddle With Holes","Dodge and Roll"],"picked":"SKIP","floor":11},{"not_picked":["Backstab","Bouncing Flask"],"picked":"Acrobatics","floor":13},{"not_picked":["Malaise","Flying Knee"],"picked":"Acrobatics","floor":14}],"player_experience":481152,"relics_obtained":[{"floor":9,"key":"MawBank"},{"floor":14,"key":"Bag of Marbles"}],"event_choices":[{"damage_healed":0,"gold_gain":0,"cards_transformed":["Strike_G"],"player_choice":"Transformed","damage_taken":0,"max_hp_gain":0,"max_hp_loss":0,"event_name":"Transmorgrifier","floor":8,"gold_loss":0,"cards_obtained":["Reflex"]},{"cards_removed":["Reflex"],"damage_healed":29,"gold_gain":0,"player_choice":"Offered Uncommon","damage_taken":0,"max_hp_gain":0,"max_hp_loss":0,"event_name":"Bonfire Elementals","floor":12,"gold_loss":0}],"is_beta":false,"boss_relics":[],"items_purged_floors":[4],"is_endless":false,"potions_floor_spawned":[2,3,13],"killed_by":"Slime Boss","ascension_level":8}