{"path_per_floor":["M","M","M","M","?","R","?","R","T","M","E","M","$","?","R"],"character_chosen":"THE_SILENT","items_purchased":["Vajra","Infinite Blades"],"gold_per_floor":[114,129,144,159,159,159,334,334,359,378,416,435,135,135,135,135],"floor_reached":16,"campfire_rested":0,"playtime":771,"current_hp_per_floor":[57,57,57,57,40,40,40,40,40,35,22,19,19,19,19,0],"items_purged":["Doubt"],"gold":135,"score":127,"play_id":"5a70d96d-9e79-40cb-8d08-268f672e14a6","local_time":"20180521224658","daily_mods":["Specialized","Uncertain Future","Night Terrors"],"is_prod":false,"is_daily":true,"chose_seed":false,"is_ascension_mode":false,"campfire_upgraded":3,"timestamp":1526939218,"campfire_choices":[{"data":"Infinite Blades","floor":6,"key":"SMITH"},{"data":"Neutralize","floor":8,"key":"SMITH"},{"data":"Well Laid Plans","floor":15,"key":"SMITH"}],"path_taken":["M","M","M","M","?","R","?","R","T","M","E","M","$","?","R","BOSS"],"build_version":"2018-05-17","seed_source_timestamp":0,"purchased_purges":1,"victory":false,"master_deck":["Defend_G","Defend_G","Defend_G","Defend_G","Defend_G","Strike_G","Strike_G","Strike_G","Strike_G","Survivor","Neutralize+1","Bullet Time","Bullet Time","Bullet Time","Bullet Time","Bullet Time","Blur","Backstab","Acrobatics","Infinite Blades+1","Eviscerate","Well Laid Plans+1","Infinite Blades"],"max_hp_per_floor":[70,70,70,70,70,70,70,70,70,70,70,70,70,70,70,70],"relics":["Ring of the Snake","Golden Idol","Potion Belt","Tough Bandages","Vajra"],"card_choices":[{"not_picked":["Accuracy","Poisoned Stab"],"picked":"Blur","floor":1},{"not_picked":["Outmaneuver","Underhanded Strike"],"picked":"Backstab","floor":2},{"not_picked":["Expertise","Concentrate"],"picked":"Acrobatics","floor":3},{"not_picked":["Dagger Throw","PiercingWail"],"picked":"Infinite Blades","floor":4},{"not_picked":["Poisoned Stab","Heel Hook"],"picked":"Eviscerate","floor":10},{"not_picked":["PiercingWail","Outmaneuver"],"picked":"Well Laid Plans","floor":11},{"not_picked":["Dodge and Roll","Deadly Poison","Flying Knee"],"picked":"SKIP","floor":12}],"player_experience":238213,"potions_floor_usage":[11,11,16,16],"damage_taken":[{"damage":13,"enemies":"Jaw Worm","floor":1,"turns":6},{"damage":0,"enemies":"2 Louse","floor":2,"turns":4},{"damage":0,"enemies":"Small Slimes","floor":3,"turns":4},{"damage":0,"enemies":"Blue Slaver","floor":4,"turns":6},{"damage":5,"enemies":"2 Fungi Beasts","floor":10,"turns":3},{"damage":13,"enemies":"Gremlin Nob","floor":11,"turns":4},{"damage":3,"enemies":"Gremlin Gang","floor":12,"turns":3},{"damage":26,"enemies":"Slime Boss","floor":16,"turns":3}],"relics_obtained":[{"floor":9,"key":"Potion Belt"},{"floor":11,"key":"Tough Bandages"}],"event_choices":[{"event_name":"Golden Idol","player_choice":"Take Damage","floor":5,"damage_taken":0},{"event_name":"Liars Game","player_choice":"agreed","floor":7,"damage_taken":0},{"event_name":"Bonfire Elementals","player_choice":"BASIC","floor":14,"damage_taken":0}],"boss_relics":[],"potions_floor_spawned":[1,3,11,12],"seed_played":"5168820765892798264","killed_by":"Slime Boss","ascension_level":0,"potions_obtained":[{"floor":1,"key":"Block Potion"},{"floor":3,"key":"Fire Potion"},{"floor":11,"key":"Dexterity Potion"},{"floor":12,"key":"AttackPotion"}],"is_trial":false}