{"gold_per_floor":[115,132,132,142,159,194,17,28,28,28,28,28],"floor_reached":12,"playtime":484,"items_purged":[],"score":80,"play_id":"578f6561-f5e5-4e3f-b69d-df52e434b62a","local_time":"20190307183614","is_ascension_mode":false,"campfire_choices":[],"neow_cost":"NONE","seed_source_timestamp":1184933895993231,"circlet_count":0,"master_deck":["Strike_R","Strike_R","Strike_R+1","Strike_R","Strike_R","Defend_R","Defend_R","Defend_R","Defend_R","Bash+1","Impatience","Carnage","Ghostly Armor+1","Body Slam","Havoc","Limit Break","Feed","Metallicize","Inflame"],"relics":["Burning Blood","Omamori","Singing Bowl"],"potions_floor_usage":[8],"damage_taken":[{"damage":2,"enemies":"Small Slimes","floor":1,"turns":4},{"damage":15,"enemies":"Cultist","floor":2,"turns":4},{"damage":5,"enemies":"2 Louse","floor":4,"turns":3},{"damage":18,"enemies":"Large Slime","floor":5,"turns":7},{"damage":54,"enemies":"Lagavulin","floor":6,"turns":6},{"damage":8,"enemies":"Blue Slaver","floor":8,"turns":6},{"damage":14,"enemies":"Exordium Wildlife","floor":12,"turns":2}],"seed_played":"9029655745719895140","potions_obtained":[{"floor":5,"key":"Regen Potion"},{"floor":8,"key":"LiquidBronze"}],"is_trial":false,"path_per_floor":["M","M","?","M","M","E","$","M","T","?","?","M"],"character_chosen":"IRONCLAD","items_purchased":["Feed","Metallicize"],"campfire_rested":0,"item_purchase_floors":[7,7],"current_hp_per_floor":[80,71,71,72,60,12,12,27,27,10,10,0],"gold":28,"neow_bonus":"RANDOM_COLORLESS","is_prod":false,"is_daily":false,"chose_seed":false,"campfire_upgraded":0,"win_rate":0,"timestamp":1551983774,"path_taken":["M","M","?","?","M","E","$","M","T","?","?","M"],"build_version":"2019-01-23","purchased_purges":0,"victory":false,"max_hp_per_floor":[80,80,80,80,80,80,80,83,83,83,83,83],"card_choices":[{"not_picked":["Havoc","Rupture"],"picked":"Carnage","floor":1},{"not_picked":["Reckless Charge","Sword Boomerang"],"picked":"Ghostly Armor","floor":2},{"not_picked":["Thunderclap","Heavy Blade"],"picked":"Body Slam","floor":4},{"not_picked":["Fire Breathing","Flex"],"picked":"Havoc","floor":5},{"not_picked":["Rampage","Disarm"],"picked":"Limit Break","floor":6},{"not_picked":["Feel No Pain","Body Slam"],"picked":"Inflame","floor":8}],"player_experience":568990,"relics_obtained":[{"floor":6,"key":"Omamori"},{"floor":9,"key":"Singing Bowl"}],"event_choices":[{"damage_healed":0,"gold_gain":0,"player_choice":"Upgraded","damage_taken":0,"max_hp_gain":0,"max_hp_loss":0,"event_name":"Upgrade Shrine","floor":3,"gold_loss":0,"cards_upgraded":["Bash"]},{"damage_healed":0,"gold_gain":0,"player_choice":"Entered Light","damage_taken":17,"max_hp_gain":0,"max_hp_loss":0,"event_name":"Shining Light","floor":10,"gold_loss":0,"cards_upgraded":["Ghostly Armor","Strike_R"]},{"damage_healed":0,"gold_gain":0,"player_choice":"Searched \u00271\u0027 times","damage_taken":0,"max_hp_gain":0,"max_hp_loss":0,"event_name":"Dead Adventurer","floor":11,"gold_loss":0}],"is_beta":false,"boss_relics":[],"items_purged_floors":[],"is_endless":false,"potions_floor_spawned":[5,8],"killed_by":"Exordium Wildlife","ascension_level":0}