{"gold_per_floor":[113,113,113,113,131,161,161,194,220,232,232,261,261,277,277,380,380,380,380,380,380,380,380,380,380,380,380,305,305,305,29,29,29],"floor_reached":33,"playtime":1852,"items_purged":["Strike_R"],"score":358,"play_id":"9bbf1c55-b5b6-4e3f-81fb-7446228c1b19","local_time":"20180721180249","is_ascension_mode":true,"campfire_choices":[{"floor":7,"key":"REST"},{"floor":11,"key":"REST"},{"data":"Havoc","floor":13,"key":"SMITH"},{"data":"Bash","floor":15,"key":"SMITH"},{"floor":23,"key":"REST"},{"floor":25,"key":"REST"},{"data":"Barricade","floor":27,"key":"SMITH"},{"data":"Impervious","floor":32,"key":"SMITH"}],"neow_cost":"NONE","seed_source_timestamp":5856065615578631,"circlet_count":0,"master_deck":["Strike_R+1","Strike_R+1","Strike_R","Defend_R","Defend_R","Defend_R","Bash+1","Cleave","Rampage+1","True Grit","Havoc+1","Metallicize","Metallicize","Headbutt","Clash","Barricade+1","Evolve","Rampage","Clash+1","Iron Wave+1","Whirlwind","Impervious+1"],"relics":["Burning Blood","Anchor","Dream Catcher","Red Skull","Bronze Scales","Ectoplasm","Happy Flower"],"potions_floor_usage":[12,16,22,30,33,33,33],"damage_taken":[{"damage":8,"enemies":"Jaw Worm","floor":1,"turns":4},{"damage":0,"enemies":"2 Louse","floor":5,"turns":2},{"damage":35,"enemies":"3 Sentries","floor":6,"turns":8},{"damage":35,"enemies":"Lagavulin","floor":8,"turns":6},{"damage":0,"enemies":"Cultist","floor":10,"turns":3},{"damage":9,"enemies":"Gremlin Nob","floor":12,"turns":4},{"damage":7,"enemies":"3 Louse","floor":14,"turns":2},{"damage":20,"enemies":"The Guardian","floor":16,"turns":8},{"damage":14,"enemies":"3 Byrds","floor":18,"turns":3},{"damage":21,"enemies":"Spheric Guardian","floor":21,"turns":4},{"damage":28,"enemies":"Centurion and Healer","floor":22,"turns":5},{"damage":17,"enemies":"Snecko","floor":24,"turns":4},{"damage":0,"enemies":"Chosen and Byrds","floor":29,"turns":5},{"damage":6,"enemies":"Centurion and Healer","floor":30,"turns":4},{"damage":61,"enemies":"Collector","floor":33,"turns":5}],"seed_played":"-3315503211760781301","potions_obtained":[{"floor":10,"key":"SkillPotion"},{"floor":14,"key":"Weak Potion"},{"floor":16,"key":"Poison Potion"},{"floor":18,"key":"SteroidPotion"},{"floor":29,"key":"Dexterity Potion"},{"floor":30,"key":"AttackPotion"}],"is_trial":false,"path_per_floor":["M","?","?","?","M","E","R","E","T","M","R","E","R","M","R","B",null,"M","?","?","M","M","R","M","R","T","R","?","M","M","$","R"],"character_chosen":"IRONCLAD","items_purchased":["Impervious","Dexterity Potion"],"campfire_rested":4,"item_purchase_floors":[31,31],"current_hp_per_floor":[70,70,54,54,60,31,55,26,26,32,56,53,53,52,52,38,70,62,47,47,32,10,35,24,49,49,49,49,55,55,55,55,0],"gold":29,"neow_bonus":"RANDOM_COMMON_RELIC","is_prod":false,"is_daily":false,"chose_seed":false,"campfire_upgraded":4,"win_rate":0,"timestamp":1532192569,"path_taken":["M","?","?","?","M","E","R","E","T","M","R","E","R","M","R","BOSS","M","?","?","M","?","R","M","R","T","R","?","?","M","$","R","BOSS"],"build_version":"2018-07-19v2","purchased_purges":1,"victory":false,"max_hp_per_floor":[80,80,80,80,80,80,80,80,80,80,80,80,80,80,80,80,80,80,85,85,85,85,85,85,85,85,85,85,85,85,85,85,85],"card_choices":[{"not_picked":["Pommel Strike","Shrug It Off"],"picked":"Cleave","floor":1},{"not_picked":["Intimidate","Metallicize"],"picked":"True Grit","floor":5},{"not_picked":["Fire Breathing","Corruption","Anger"],"picked":"SKIP","floor":6},{"not_picked":["Carnage","Berserk"],"picked":"Havoc","floor":7},{"not_picked":["Heavy Blade","Disarm"],"picked":"Metallicize","floor":8},{"not_picked":["Sentinel","Heavy Blade"],"picked":"Metallicize","floor":10},{"not_picked":["Iron Wave","Disarm"],"picked":"Headbutt","floor":12},{"not_picked":["Entrench","Anger"],"picked":"Clash","floor":14},{"not_picked":["Offering","Fiend Fire"],"picked":"Barricade","floor":16},{"not_picked":["Sever Soul+1","Clothesline"],"picked":"Evolve","floor":18},{"not_picked":["Fire Breathing","Headbutt","Warcry"],"picked":"SKIP","floor":21},{"not_picked":["Iron Wave+1","Seeing Red"],"picked":"Rampage","floor":22},{"not_picked":["Havoc","Pummel"],"picked":"Clash+1","floor":23},{"not_picked":["Fire Breathing","Clash"],"picked":"Iron Wave+1","floor":24},{"not_picked":["Warcry","Fire Breathing"],"picked":"Whirlwind","floor":29},{"not_picked":["Clothesline","Blood for Blood","Havoc"],"picked":"SKIP","floor":30}],"player_experience":357196,"relics_obtained":[{"floor":6,"key":"Dream Catcher"},{"floor":8,"key":"Red Skull"},{"floor":9,"key":"Bronze Scales"},{"floor":26,"key":"Happy Flower"}],"event_choices":[{"event_name":"Living Wall","player_choice":"Change","floor":2,"damage_taken":0},{"event_name":"Shining Light","player_choice":"Entered Light","floor":3,"damage_taken":0},{"event_name":"Upgrade Shrine","player_choice":"Upgraded","floor":4,"damage_taken":0},{"event_name":"Forgotten Altar","player_choice":"Shed Blood","floor":19,"damage_taken":0},{"event_name":"Ghosts","player_choice":"Ignored","floor":20,"damage_taken":0},{"event_name":"Beggar","player_choice":"Gave Gold","floor":28,"damage_taken":0}],"is_beta":false,"boss_relics":[{"not_picked":["Calling Bell","Tiny House"],"picked":"Ectoplasm"}],"items_purged_floors":[31],"is_endless":false,"potions_floor_spawned":[10,14,16,18,29,30],"killed_by":"Collector","ascension_level":7}