{"gold_per_floor":[216,216,229,254,143,183,183,223,223,223,223,243,243,286,286,375,375,354,26,40,40,40,76,76,107,107,107,130,130,130],"floor_reached":30,"playtime":1994,"items_purged":[],"score":568,"play_id":"f264335e-3f8e-4efa-b197-01d1ab3690e1","local_time":"20190428121055","is_ascension_mode":true,"campfire_choices":[{"floor":7,"key":"REST"},{"floor":11,"key":"REST"},{"data":"Defragment","floor":15,"key":"SMITH"},{"data":"Coolheaded","floor":24,"key":"SMITH"},{"data":"Sweeping Beam","floor":27,"key":"SMITH"},{"data":"Sunder","floor":29,"key":"SMITH"}],"neow_cost":"NONE","seed_source_timestamp":487759402101589,"circlet_count":0,"master_deck":["AscendersBane","Strike_B","Strike_B","Strike_B","Strike_B","Defend_B","Defend_B","Defend_B","Defend_B","Zap","Dualcast","Defragment+1","BootSequence","Glacier","Rebound","Ball Lightning","Coolheaded+1","Sweeping Beam+1","Blizzard+1","Recycle","Chill","Hologram","Sunder+1"],"relics":["Cracked Core","Golden Idol","Ornamental Fan","Cables","Mummified Hand","Nuclear Battery","Meat on the Bone","Bottled Lightning","Omamori","Anchor"],"potions_floor_usage":[6,8,23,23,25,30],"damage_taken":[{"damage":2,"enemies":"Jaw Worm","floor":1,"turns":3},{"damage":3,"enemies":"2 Louse","floor":3,"turns":4},{"damage":1,"enemies":"Cultist","floor":4,"turns":3},{"damage":40,"enemies":"Gremlin Nob","floor":6,"turns":5},{"damage":14,"enemies":"3 Sentries","floor":8,"turns":10},{"damage":0,"enemies":"Exordium Wildlife","floor":12,"turns":3},{"damage":9,"enemies":"Lagavulin","floor":14,"turns":8},{"damage":24,"enemies":"The Guardian","floor":16,"turns":14},{"damage":1,"enemies":"2 Thieves","floor":18,"turns":4},{"damage":0,"enemies":"Spheric Guardian","floor":20,"turns":6},{"damage":35,"enemies":"Book of Stabbing","floor":23,"turns":7},{"damage":17,"enemies":"Slavers","floor":25,"turns":5},{"damage":4,"enemies":"Snecko","floor":28,"turns":5},{"damage":37,"enemies":"Book of Stabbing","floor":30,"turns":7}],"seed_played":"-191313898316043740","potions_obtained":[{"floor":1,"key":"Dexterity Potion"},{"floor":8,"key":"FearPotion"},{"floor":14,"key":"Block Potion"},{"floor":16,"key":"Swift Potion"},{"floor":23,"key":"Fire Potion"},{"floor":25,"key":"EssenceOfSteel"}],"is_trial":false,"path_per_floor":["M","?","M","M","$","E","R","E","T","?","R","M","?","E","R","B",null,"M","$","M","?","?","E","R","E","T","R","M","R","E"],"character_chosen":"DEFECT","items_purchased":["SteroidPotion","Rebound","Meat on the Bone","Recycle"],"campfire_rested":2,"item_purchase_floors":[5,5,19,19],"current_hp_per_floor":[62,62,59,58,58,18,37,23,23,23,42,42,47,38,38,14,55,54,54,54,54,54,31,31,26,26,26,34,34,0],"gold":130,"neow_bonus":"HUNDRED_GOLD","is_prod":false,"is_daily":false,"chose_seed":false,"campfire_upgraded":4,"win_rate":0,"timestamp":1556449855,"path_taken":["M","?","M","M","$","E","R","E","T","?","R","?","?","E","R","BOSS","M","$","M","?","?","E","R","E","T","R","?","R","E"],"build_version":"2019-01-23","purchased_purges":0,"victory":false,"max_hp_per_floor":[71,64,64,64,64,64,64,64,64,64,64,64,69,69,69,69,69,69,69,69,69,69,69,69,69,69,69,69,69,69],"card_choices":[{"not_picked":["Go for the Eyes","Conserve Battery"],"picked":"Defragment","floor":1},{"not_picked":["Stack","Undo"],"picked":"BootSequence","floor":3},{"not_picked":["Go for the Eyes","Beam Cell"],"picked":"Glacier","floor":4},{"not_picked":["Skim","Melter"],"picked":"Ball Lightning","floor":6},{"not_picked":["Blizzard","BootSequence"],"picked":"Coolheaded","floor":8},{"not_picked":["Go for the Eyes","Turbo","Stack"],"picked":"SKIP","floor":12},{"not_picked":["Reboot","Rip and Tear"],"picked":"Blizzard","floor":14},{"not_picked":["Fusion","Rebound","Stack"],"picked":"SKIP","floor":18},{"not_picked":["Chaos","Steam"],"picked":"Chill","floor":20},{"not_picked":["Heatsinks","Steam","Beam Cell"],"picked":"SKIP","floor":23},{"not_picked":["Stack","Skim"],"picked":"Hologram","floor":25},{"not_picked":["Multi-Cast","Cold Snap"],"picked":"Sunder","floor":28}],"player_experience":895142,"relics_obtained":[{"floor":8,"key":"Ornamental Fan"},{"floor":9,"key":"Cables"},{"floor":14,"key":"Mummified Hand"},{"floor":23,"key":"Bottled Lightning"},{"floor":25,"key":"Omamori"},{"floor":26,"key":"Anchor"}],"event_choices":[{"damage_healed":0,"gold_gain":0,"player_choice":"Lose Max HP","damage_taken":0,"relics_obtained":["Golden Idol"],"max_hp_gain":0,"max_hp_loss":7,"event_name":"Golden Idol","floor":2,"gold_loss":0},{"damage_healed":0,"gold_gain":0,"player_choice":"1 cards matched","damage_taken":0,"max_hp_gain":0,"max_hp_loss":0,"event_name":"Match and Keep!","floor":10,"gold_loss":0,"cards_obtained":["Sweeping Beam"]},{"damage_healed":0,"gold_gain":0,"player_choice":"Donut","damage_taken":0,"max_hp_gain":5,"max_hp_loss":0,"event_name":"Big Fish","floor":13,"gold_loss":0},{"damage_healed":0,"gold_gain":0,"player_choice":"Ignored","damage_taken":0,"max_hp_gain":0,"max_hp_loss":0,"event_name":"The Mausoleum","floor":21,"gold_loss":0},{"damage_healed":0,"gold_gain":0,"player_choice":"Upgraded","damage_taken":0,"max_hp_gain":0,"max_hp_loss":0,"event_name":"Upgrade Shrine","floor":22,"gold_loss":0,"cards_upgraded":["Blizzard"]}],"is_beta":false,"boss_relics":[{"not_picked":["Orrery","Black Star"],"picked":"Nuclear Battery"}],"items_purged_floors":[],"is_endless":false,"potions_floor_spawned":[1,8,14,16,23,25],"killed_by":"Book of Stabbing","ascension_level":20}