{"gold_per_floor":[113,11,11,11,86,86,105,105,105,105,68,87,99,112,112,216,216,227,242,242,255,273,273],"floor_reached":23,"playtime":1067,"items_purged":[],"score":183,"play_id":"2e2f4db0-14c5-4b53-aa93-95923ba62b27","local_time":"20190226004221","is_ascension_mode":false,"campfire_choices":[{"data":"Anger","floor":6,"key":"SMITH"},{"data":"Bash","floor":8,"key":"SMITH"},{"data":"Spot Weakness","floor":10,"key":"SMITH"},{"data":"Searing Blow","floor":15,"key":"SMITH"}],"neow_cost":"NONE","seed_source_timestamp":342292851274149,"circlet_count":0,"master_deck":["Strike_R","Strike_R","Strike_R","Defend_R","Defend_R","Defend_R","Bash+1","Anger+1","Spot Weakness+1","Thunderclap","Uppercut","Searing Blow+1","Immolate","Rupture","Brutality","Blood for Blood+1","Infernal Blade"],"relics":["Empty Cage"],"potions_floor_usage":[16,18,22,23,23],"damage_taken":[{"damage":1,"enemies":"Jaw Worm","floor":1,"turns":5},{"damage":5,"enemies":"2 Louse","floor":7,"turns":2},{"damage":6,"enemies":"Cultist","floor":12,"turns":3},{"damage":8,"enemies":"Gremlin Gang","floor":13,"turns":2},{"damage":1,"enemies":"2 Fungi Beasts","floor":14,"turns":2},{"damage":33,"enemies":"Hexaghost","floor":16,"turns":7},{"damage":12,"enemies":"Spheric Guardian","floor":18,"turns":3},{"damage":26,"enemies":"2 Thieves","floor":19,"turns":3},{"damage":32,"enemies":"Snake Plant","floor":21,"turns":3},{"damage":6,"enemies":"Snecko","floor":22,"turns":3},{"damage":12,"enemies":"Shelled Parasite and Fungi","floor":23,"turns":2}],"seed_played":"6925748422819768458","potions_obtained":[{"floor":7,"key":"BloodPotion"},{"floor":12,"key":"FearPotion"},{"floor":14,"key":"SteroidPotion"},{"floor":16,"key":"EssenceOfSteel"},{"floor":19,"key":"SmokeBomb"},{"floor":21,"key":"Strength Potion"}],"is_trial":false,"path_per_floor":["M","$","?","?","?","R","M","R","T","R","$","M","M","M","R","B",null,"M","M","$","M","M","M"],"character_chosen":"IRONCLAD","items_purchased":["Spot Weakness","Thunderclap","Searing Blow"],"campfire_rested":0,"item_purchase_floors":[2,2,11],"current_hp_per_floor":[79,79,79,79,71,71,66,66,66,66,66,60,52,51,51,18,80,68,42,42,10,4,0],"gold":273,"neow_bonus":"BOSS_RELIC","is_prod":false,"is_daily":false,"chose_seed":false,"campfire_upgraded":4,"win_rate":0,"timestamp":1551141741,"path_taken":["M","$","?","?","?","R","?","R","T","R","$","M","M","M","R","BOSS","M","M","$","M","M","?"],"build_version":"2019-01-23","purchased_purges":0,"victory":false,"max_hp_per_floor":[80,80,80,80,80,80,80,80,80,80,80,80,80,80,80,80,80,80,80,80,80,80,80],"card_choices":[{"not_picked":["Warcry","Disarm"],"picked":"Anger","floor":1},{"not_picked":["True Grit","Intimidate","Havoc"],"picked":"SKIP","floor":7},{"not_picked":["Anger","Sentinel"],"picked":"Immolate","floor":12},{"not_picked":["Dual Wield","Wild Strike","Twin Strike"],"picked":"SKIP","floor":13},{"not_picked":["Anger","Feel No Pain"],"picked":"Rupture","floor":14},{"not_picked":["Fiend Fire","Dark Embrace"],"picked":"Brutality","floor":16},{"not_picked":["Cleave","Sever Soul"],"picked":"Blood for Blood+1","floor":18},{"not_picked":["Blood for Blood+1","Evolve","Clash"],"picked":"SKIP","floor":19},{"not_picked":["Flex","Uppercut"],"picked":"Infernal Blade","floor":21},{"not_picked":["Dual Wield+1","Thunderclap","Twin Strike"],"picked":"SKIP","floor":22}],"player_experience":504313,"relics_obtained":[],"event_choices":[{"damage_healed":0,"gold_gain":0,"cards_transformed":["Strike_R"],"player_choice":"Change","damage_taken":0,"max_hp_gain":0,"max_hp_loss":0,"event_name":"Living Wall","floor":3,"gold_loss":0,"cards_obtained":["Uppercut"]},{"damage_healed":0,"gold_gain":0,"player_choice":"Ignored","damage_taken":0,"max_hp_gain":0,"max_hp_loss":0,"event_name":"Golden Idol","floor":4,"gold_loss":0},{"damage_healed":0,"gold_gain":75,"player_choice":"Touch","damage_taken":8,"max_hp_gain":0,"max_hp_loss":0,"event_name":"FaceTrader","floor":5,"gold_loss":0}],"is_beta":false,"boss_relics":[{"not_picked":["Pandora\u0027s Box","Velvet Choker","Runic Pyramid"]}],"items_purged_floors":[],"is_endless":false,"potions_floor_spawned":[7,12,14,16,19,21],"killed_by":"Shelled Parasite and Fungi","ascension_level":0}