{"gold_per_floor":[113,78,97,112,126,126,160,171,224,244,264,264,297,316,316,415,415,428,135,152,171,171],"floor_reached":22,"playtime":1603,"items_purged":["Strike_B"],"score":303,"play_id":"010806f3-6528-43a3-ac87-68e3ba72eebd","local_time":"20190316134530","is_ascension_mode":true,"campfire_choices":[{"data":"Streamline","floor":6,"key":"SMITH"},{"data":"Zap","floor":12,"key":"SMITH"},{"data":"Loop","floor":15,"key":"SMITH"}],"neow_cost":"NONE","seed_source_timestamp":314064760330371,"circlet_count":0,"master_deck":["AscendersBane","Strike_B","Strike_B","Strike_B","Defend_B","Defend_B","Defend_B","Defend_B","Zap+1","Dualcast","Loop+1","Streamline+1","Doom and Gloom","Rebound","Buffer","Chill","Defragment","Skim","Genetic Algorithm","Biased Cognition","Barrage","Defragment","Coolheaded","Coolheaded+1","Turbo"],"relics":["Cracked Core","Smiling Mask","Potion Belt","DataDisk","Ornamental Fan","Inserter","Happy Flower"],"potions_floor_usage":[7,16,18,21,22],"damage_taken":[{"damage":8,"enemies":"Jaw Worm","floor":1,"turns":4},{"damage":0,"enemies":"2 Louse","floor":3,"turns":3},{"damage":0,"enemies":"Small Slimes","floor":4,"turns":2},{"damage":16,"enemies":"Exordium Wildlife","floor":5,"turns":4},{"damage":8,"enemies":"Gremlin Nob","floor":7,"turns":3},{"damage":1,"enemies":"3 Louse","floor":8,"turns":2},{"damage":1,"enemies":"2 Fungi Beasts","floor":10,"turns":4},{"damage":13,"enemies":"Large Slime","floor":11,"turns":5},{"damage":10,"enemies":"3 Sentries","floor":13,"turns":6},{"damage":6,"enemies":"Looter","floor":14,"turns":2},{"damage":8,"enemies":"Hexaghost","floor":16,"turns":9},{"damage":7,"enemies":"2 Thieves","floor":18,"turns":5},{"damage":13,"enemies":"Shell Parasite","floor":20,"turns":6},{"damage":28,"enemies":"Snecko","floor":21,"turns":5},{"damage":15,"enemies":"Snake Plant","floor":22,"turns":1}],"seed_played":"-5923360421725143781","potions_obtained":[{"floor":1,"key":"Swift Potion"},{"floor":5,"key":"FocusPotion"},{"floor":7,"key":"Fire Potion"},{"floor":14,"key":"Energy Potion"},{"floor":16,"key":"FocusPotion"},{"floor":21,"key":"EssenceOfSteel"}],"is_trial":false,"path_per_floor":["M","?","M","M","M","R","E","M","T","M","M","R","E","M","R","B",null,"M","$","M","M","M"],"character_chosen":"DEFECT","items_purchased":["Defragment","Coolheaded","Happy Flower"],"campfire_rested":0,"item_purchase_floors":[19,19,19],"current_hp_per_floor":[60,75,75,75,59,59,51,50,50,49,36,36,26,20,20,12,59,52,52,39,11,0],"gold":171,"neow_bonus":"RANDOM_COMMON_RELIC","is_prod":false,"is_daily":false,"chose_seed":false,"campfire_upgraded":3,"win_rate":0,"timestamp":1552743930,"path_taken":["M","?","M","M","M","R","E","M","T","M","M","R","E","M","R","BOSS","M","$","M","M","M"],"build_version":"2019-01-23","purchased_purges":1,"victory":false,"max_hp_per_floor":[75,75,75,75,75,75,75,75,75,75,75,75,75,75,75,75,75,75,75,75,75,75],"card_choices":[{"not_picked":["Force Field","Stack"],"picked":"Loop","floor":1},{"not_picked":["Leap","Go for the Eyes"],"picked":"Streamline","floor":3},{"not_picked":["Reprogram","Doom and Gloom","Compile Driver"],"picked":"SKIP","floor":4},{"not_picked":["Reprogram","Compile Driver"],"picked":"Doom and Gloom","floor":4},{"not_picked":["Streamline","Tempest"],"picked":"Rebound","floor":5},{"not_picked":["Go for the Eyes","Barrage"],"picked":"Buffer","floor":7},{"not_picked":["Tempest","Scrape"],"picked":"Chill","floor":8},{"not_picked":["Recycle","Melter"],"picked":"Defragment","floor":10},{"not_picked":["Stack","Recycle","Tempest"],"picked":"SKIP","floor":11},{"not_picked":["Sweeping Beam","Double Energy"],"picked":"Skim","floor":13},{"not_picked":["Tempest","Turbo"],"picked":"Genetic Algorithm","floor":14},{"not_picked":["Hyperbeam","Seek"],"picked":"Biased Cognition","floor":16},{"not_picked":["Scrape+1","Turbo"],"picked":"Barrage","floor":18},{"not_picked":["Leap+1","Sweeping Beam"],"picked":"Coolheaded+1","floor":20},{"not_picked":["Compile Driver","Coolheaded"],"picked":"Turbo","floor":21}],"player_experience":631201,"relics_obtained":[{"floor":7,"key":"Potion Belt"},{"floor":9,"key":"DataDisk"},{"floor":13,"key":"Ornamental Fan"}],"event_choices":[{"damage_healed":18,"gold_gain":0,"player_choice":"Healed","damage_taken":0,"max_hp_gain":0,"max_hp_loss":0,"event_name":"The Cleric","floor":2,"gold_loss":35}],"is_beta":false,"boss_relics":[{"not_picked":["Orrery","FrozenCore"],"picked":"Inserter"}],"items_purged_floors":[19],"is_endless":false,"potions_floor_spawned":[1,5,7,14,16,21],"killed_by":"Snake Plant","ascension_level":10}