{"gold_per_floor":[114,114,131,131,150,150,160,171,171,171,191,191,203,8,8,108,108,121,138,138,61,78,94,94,105,105,105,125,140,105,105,105,105],"floor_reached":33,"playtime":1460,"items_purged":["Strike_G"],"score":243,"play_id":"bb7f23c6-0e42-47f4-a854-7098636f136c","local_time":"20190226234903","is_ascension_mode":false,"campfire_choices":[{"data":"Crippling Poison","floor":6,"key":"SMITH"},{"data":"Bane","floor":10,"key":"SMITH"},{"data":"Noxious Fumes","floor":15,"key":"SMITH"},{"data":"Storm of Steel","floor":24,"key":"SMITH"},{"data":"Well Laid Plans","floor":27,"key":"SMITH"},{"floor":32,"key":"REST"}],"neow_cost":"NONE","seed_source_timestamp":425103664303825,"circlet_count":0,"master_deck":["Defend_G+1","Defend_G","Defend_G","Defend_G","Defend_G","Strike_G","Strike_G","Strike_G","Survivor","Neutralize","Crippling Poison+1","Backstab","Bane+1","Well Laid Plans+1","Expertise","Noxious Fumes+1","Trip","Adrenaline","Dagger Spray","Bouncing Flask+1","Storm of Steel+1","Blade Dance+1","PiercingWail","Endless Agony+1","Bullet Time","Infinite Blades"],"relics":["Ring of the Snake"],"potions_floor_usage":[29,33,33,33],"damage_taken":[{"damage":0,"enemies":"Jaw Worm","floor":1,"turns":4},{"damage":0,"enemies":"Cultist","floor":3,"turns":5},{"damage":5,"enemies":"Small Slimes","floor":5,"turns":3},{"damage":2,"enemies":"Looter","floor":7,"turns":3},{"damage":0,"enemies":"3 Louse","floor":8,"turns":2},{"damage":6,"enemies":"Gremlin Gang","floor":11,"turns":4},{"damage":6,"enemies":"2 Fungi Beasts","floor":13,"turns":2},{"damage":11,"enemies":"The Guardian","floor":16,"turns":9},{"damage":16,"enemies":"2 Thieves","floor":18,"turns":4},{"damage":0,"enemies":"Chosen","floor":19,"turns":4},{"damage":9,"enemies":"Snake Plant","floor":22,"turns":3},{"damage":8,"enemies":"Sentry and Sphere","floor":23,"turns":4},{"damage":10,"enemies":"Chosen and Byrds","floor":25,"turns":3},{"damage":6,"enemies":"Cultist and Chosen","floor":28,"turns":4},{"damage":14,"enemies":"Centurion and Healer","floor":29,"turns":4},{"damage":29,"enemies":"Collector","floor":33,"turns":3}],"seed_played":"-7525710862555766433","potions_obtained":[{"floor":1,"key":"Ancient Potion"},{"floor":5,"key":"SpeedPotion"},{"floor":13,"key":"Ancient Potion"},{"floor":16,"key":"FearPotion"},{"floor":23,"key":"EssenceOfSteel"},{"floor":28,"key":"Strength Potion"},{"floor":29,"key":"Strength Potion"}],"is_trial":false,"path_per_floor":["M","?","M","?","M","R","M","M","T","R","M","?","M","$","R","B",null,"M","M","?","$","M","M","R","M","T","R","M","M","$","?","R","B"],"character_chosen":"THE_SILENT","items_purchased":["Noxious Fumes","Trip","Storm of Steel","Infinite Blades"],"campfire_rested":1,"item_purchase_floors":[14,14,21,30],"current_hp_per_floor":[77,77,77,70,65,65,63,63,63,63,57,57,51,51,51,40,77,61,61,61,61,52,44,44,34,34,34,28,14,14,5,28,0],"gold":105,"neow_bonus":"TEN_PERCENT_HP_BONUS","is_prod":false,"is_daily":false,"chose_seed":false,"campfire_upgraded":5,"win_rate":0,"timestamp":1551224943,"path_taken":["M","?","?","?","M","R","M","M","T","R","M","?","M","$","R","BOSS","M","M","?","$","?","M","R","M","T","R","M","M","$","?","R","BOSS"],"build_version":"2019-01-23","purchased_purges":1,"victory":false,"max_hp_per_floor":[77,77,77,77,77,77,77,77,77,77,77,77,77,77,77,77,77,77,77,77,77,77,77,77,77,77,77,77,77,77,77,77,77],"card_choices":[{"not_picked":["Blur","Quick Slash"],"picked":"Crippling Poison","floor":1},{"not_picked":["Sucker Punch","Caltrops","Blade Dance"],"picked":"SKIP","floor":3},{"not_picked":["Sucker Punch","PiercingWail"],"picked":"Backstab","floor":5},{"not_picked":["Accuracy","Crippling Poison"],"picked":"Bane","floor":7},{"not_picked":["Blade Dance","Dagger Throw"],"picked":"Well Laid Plans","floor":8},{"not_picked":["Riddle With Holes","Bane","Blade Dance"],"picked":"SKIP","floor":11},{"not_picked":["Underhanded Strike","Outmaneuver"],"picked":"Expertise","floor":13},{"not_picked":["Wraith Form v2","Corpse Explosion"],"picked":"Adrenaline","floor":16},{"not_picked":["Sucker Punch","Riddle With Holes"],"picked":"Dagger Spray","floor":18},{"not_picked":["Cloak And Dagger","Slice"],"picked":"Bouncing Flask+1","floor":19},{"not_picked":["Caltrops","Expertise+1","Dagger Spray"],"picked":"SKIP","floor":22},{"not_picked":["Deadly Poison","Dodge and Roll"],"picked":"Blade Dance+1","floor":23},{"not_picked":["Dodge and Roll","Blade Dance"],"picked":"PiercingWail","floor":25},{"not_picked":["Deadly Poison+1","Underhanded Strike"],"picked":"Endless Agony+1","floor":28},{"not_picked":["Blade Dance","Quick Slash"],"picked":"Bullet Time","floor":29}],"player_experience":514868,"relics_obtained":[],"event_choices":[{"damage_healed":0,"gold_gain":0,"player_choice":"Bought 0 Potions","damage_taken":0,"max_hp_gain":0,"max_hp_loss":0,"event_name":"The Woman in Blue","floor":2,"gold_loss":0},{"cards_removed":["Strike_G"],"damage_healed":0,"gold_gain":0,"player_choice":"Card Removal","damage_taken":7,"max_hp_gain":0,"max_hp_loss":0,"event_name":"Golden Wing","floor":4,"gold_loss":0},{"damage_healed":0,"gold_gain":0,"player_choice":"Ignored","damage_taken":0,"max_hp_gain":0,"max_hp_loss":0,"event_name":"Liars Game","floor":12,"gold_loss":0},{"damage_healed":0,"gold_gain":0,"player_choice":"Upgraded","damage_taken":0,"max_hp_gain":0,"max_hp_loss":0,"event_name":"Upgrade Shrine","floor":20,"gold_loss":0,"cards_upgraded":["Defend_G"]},{"damage_healed":0,"gold_gain":0,"player_choice":"Stopped","damage_taken":9,"max_hp_gain":0,"max_hp_loss":0,"event_name":"Cursed Tome","floor":31,"gold_loss":0}],"is_beta":false,"boss_relics":[{"not_picked":[]}],"items_purged_floors":[14],"is_endless":false,"potions_floor_spawned":[1,5,13,16,18,23,28,29],"killed_by":"Collector","ascension_level":0}