{"path_per_floor":["M","?","?","M","M","R","E","R","T","?","M","$","R","$","R","B",null,"M","T","?","?","M","R","M","R","T","R","M","?","T","?","R","B",null,"M","?","?","M","?","R","$","M","T","M","M","?","E","M","R","B"],"character_chosen":"DEFECT","items_purchased":["Gash","FTL","Scrape","Bandage Up"],"gold_per_floor":[115,115,115,138,156,156,194,194,224,399,417,209,209,67,67,186,186,186,186,186,186,111,111,111,111,111,111,111,111,111,111,111,111,111,111,111,111,111,111,111,11,11,11,11,11,11,11,11,11,11],"floor_reached":51,"campfire_rested":2,"playtime":4627,"item_purchase_floors":[12,12,14,14],"current_hp_per_floor":[70,69,55,53,48,48,25,25,25,25,18,18,18,18,38,15,69,57,57,57,57,30,30,16,16,16,16,3,3,3,3,25,4,75,64,72,72,47,47,47,47,63,63,75,57,57,64,60,67,48],"items_purged":["Doubt","Strike_B"],"gold":11,"score":673,"play_id":"605c2a1a-c199-42d0-9076-533ecf4c097d","local_time":"20180612000133","is_prod":false,"is_daily":false,"chose_seed":false,"is_ascension_mode":false,"campfire_upgraded":7,"win_rate":0.0,"timestamp":1528758093,"campfire_choices":[{"data":"Zap","floor":6,"key":"SMITH"},{"data":"Gash","floor":8,"key":"SMITH"},{"data":"Gash","floor":13,"key":"SMITH"},{"floor":15,"key":"REST"},{"data":"Scrape","floor":23,"key":"SMITH"},{"data":"Defend_B","floor":25,"key":"SMITH"},{"data":"Bandage Up","floor":27,"key":"SMITH"},{"floor":32,"key":"REST"},{"data":"Seek","floor":40,"key":"SMITH"},{"floor":49,"key":"DIG"}],"path_taken":["M","?","?","?","M","R","E","R","T","?","M","$","R","?","R","BOSS","M","?","?","?","M","R","?","R","T","R","M","?","?","?","R","BOSS","M","?","?","?","?","R","?","M","T","M","?","?","E","M","R","BOSS"],"build_version":"2018-06-07v3","seed_source_timestamp":2417259918866374,"purchased_purges":2,"victory":true,"master_deck":["Strike_B","Strike_B","Strike_B+1","Defend_B","Defend_B","Defend_B","Zap+1","Ball Lightning+1","Genetic Algorithm","Melter","Gash+1","Cold Snap","Gash+1","FTL","Scrape+1","Bandage Up+1","Echo Form","Gash","Defend_B","RitualDagger","Seek+1","Glacier+1","Steam Power","Amplify","Go for the Eyes+1"],"max_hp_per_floor":[75,69,69,69,69,69,69,69,69,69,69,69,69,69,69,69,69,69,69,69,69,71,71,73,73,73,73,75,75,75,75,75,75,75,77,79,79,79,79,79,79,81,81,83,85,85,85,85,92,92],"relics":["Lizard Tail","Bloody Idol","Centennial Puzzle","Tiny Chest","Ectoplasm","Singing Bowl","Darkstone Periapt","Shuriken","Anchor","Nuclear Battery","Gambling Chip","Bottled Lightning","Shovel","Strawberry"],"card_choices":[{"not_picked":["Fusion","Barrage"],"picked":"Ball Lightning","floor":1},{"not_picked":["Reinforced Body","Barrage"],"picked":"Genetic Algorithm","floor":4},{"not_picked":["Rebound","Sweeping Beam"],"picked":"Melter","floor":5},{"not_picked":["Beam Cell","Barrage"],"picked":"Gash","floor":7},{"not_picked":["Conserve Battery","Darkness"],"picked":"Cold Snap","floor":11},{"not_picked":["Seek","Amplify"],"picked":"Echo Form","floor":16},{"not_picked":["Sweeping Beam","Streamline","Go for the Eyes"],"picked":"SKIP","floor":18},{"not_picked":["Conserve Battery","Rebound","Chill"],"picked":"Singing Bowl","floor":22},{"not_picked":["Streamline","Gash","Force Field"],"picked":"Singing Bowl","floor":24},{"not_picked":["Go for the Eyes","Hologram","Leap"],"picked":"Singing Bowl","floor":28},{"not_picked":["Reboot","Electrodynamics"],"picked":"Seek","floor":33},{"not_picked":["Steam Power","Barrage","Darkness"],"picked":"Singing Bowl","floor":35},{"not_picked":["White Noise","Sweeping Beam","Steam Power+1"],"picked":"Singing Bowl","floor":36},{"not_picked":["Jack Of All Trades","Purity"],"picked":"Bandage Up","floor":37},{"not_picked":["Stack+1","Leap+1"],"picked":"Glacier+1","floor":38},{"not_picked":["Rebound","Hello World","Heatsinks"],"picked":"Singing Bowl","floor":42},{"not_picked":["Undo","Conserve Battery","Coolheaded"],"picked":"Singing Bowl","floor":44},{"not_picked":["Coolheaded","Static Discharge","Rebound"],"picked":"Singing Bowl","floor":45},{"not_picked":["Skim","Rip and Tear+1"],"picked":"Amplify","floor":47},{"not_picked":["Leap+1","Gash"],"picked":"Go for the Eyes+1","floor":48}],"player_experience":267913,"potions_floor_usage":[11,28,33,45,47,50,50,50],"damage_taken":[{"damage":5,"enemies":"2 Louse","floor":1,"turns":3},{"damage":2,"enemies":"Small Slimes","floor":4,"turns":3},{"damage":5,"enemies":"Jaw Worm","floor":5,"turns":3},{"damage":23,"enemies":"Lagavulin","floor":7,"turns":6},{"damage":7,"enemies":"Blue Slaver","floor":11,"turns":2},{"damage":27,"enemies":"Hexaghost","floor":16,"turns":8},{"damage":12,"enemies":"3 Byrds","floor":18,"turns":5},{"damage":33,"enemies":"2 Thieves","floor":22,"turns":4},{"damage":20,"enemies":"Centurion and Healer","floor":24,"turns":4},{"damage":21,"enemies":"Snake Plant","floor":28,"turns":5},{"damage":71,"enemies":"Champ","floor":33,"turns":8},{"damage":13,"enemies":"Orb Walker","floor":35,"turns":3},{"damage":0,"floor":36,"turns":4},{"damage":35,"enemies":"3 Shapes","floor":38,"turns":4},{"damage":0,"enemies":"Sphere and 2 Shapes","floor":42,"turns":3},{"damage":4,"enemies":"3 Darklings","floor":44,"turns":5},{"damage":28,"enemies":"Maw","floor":45,"turns":6},{"damage":5,"enemies":"Nemesis","floor":47,"turns":5},{"damage":10,"enemies":"Sphere and 2 Shapes","floor":48,"turns":3},{"damage":40,"enemies":"Awakened One","floor":50,"turns":7}],"relics_obtained":[{"floor":7,"key":"Centennial Puzzle"},{"floor":9,"key":"Tiny Chest"},{"floor":19,"key":"Singing Bowl"},{"floor":26,"key":"Shuriken"},{"floor":30,"key":"Anchor"},{"floor":36,"key":"Gambling Chip"},{"floor":43,"key":"Bottled Lightning"},{"floor":47,"key":"Shovel"},{"floor":49,"key":"Strawberry"}],"event_choices":[{"event_name":"Golden Idol","player_choice":"Lose Max HP","floor":2,"damage_taken":0},{"event_name":"Shining Light","player_choice":"Entered Light","floor":3,"damage_taken":0},{"event_name":"Liars Game","player_choice":"agreed","floor":10,"damage_taken":0},{"event_name":"The Library","player_choice":"Read","floor":20,"damage_taken":0},{"event_name":"The Mausoleum","player_choice":"Yes","floor":21,"damage_taken":0},{"event_name":"Forgotten Altar","player_choice":"Gave Idol","floor":29,"damage_taken":0},{"event_name":"Nest","player_choice":"Joined the Cult","floor":31,"damage_taken":0},{"event_name":"MindBloom","player_choice":"Fight","floor":36,"damage_taken":0},{"event_name":"SensoryStone","player_choice":"Memory 1","floor":37,"damage_taken":0},{"event_name":"Transmorgrifier","player_choice":"Transform","floor":39,"damage_taken":0},{"event_name":"Falling","player_choice":"Removed Skill","floor":46,"damage_taken":0}],"boss_relics":[{"not_picked":["Velvet Choker","Snecko Eye"],"picked":"Ectoplasm"},{"not_picked":["Runic Dome","Sozu"],"picked":"Nuclear Battery"}],"items_purged_floors":[12,41],"potions_floor_spawned":[4,18,24,35,36,44,47,48],"seed_played":"-6589440295595639085","ascension_level":0,"potions_obtained":[{"floor":4,"key":"AttackPotion"},{"floor":18,"key":"SpeedPotion"},{"floor":24,"key":"Explosive Potion"},{"floor":35,"key":"Block Potion"},{"floor":36,"key":"SkillPotion"},{"floor":44,"key":"Strength Potion"},{"floor":47,"key":"Weak Potion"},{"floor":48,"key":"Regen Potion"}],"is_trial":false}