{"gold_per_floor":[117,117,117,132,144,144,156,156,156,156,231,231,231,248,248,347,347,357,374,374,390,234,234,52,152,152,152,163,179,179,192,192,192],"floor_reached":33,"playtime":1522,"items_purged":["Strike_G"],"score":237,"play_id":"e08e4308-fdfe-49a5-ab42-23b6bf1ae4cd","local_time":"20190226213845","is_ascension_mode":false,"campfire_choices":[{"data":"Noxious Fumes","floor":6,"key":"SMITH"},{"data":"Neutralize","floor":8,"key":"SMITH"},{"data":"Footwork","floor":10,"key":"SMITH"},{"data":"Flying Knee","floor":15,"key":"SMITH"},{"data":"Bouncing Flask","floor":23,"key":"SMITH"},{"data":"Bane","floor":27,"key":"SMITH"},{"floor":30,"key":"REST"},{"floor":32,"key":"REST"}],"neow_cost":"NONE","seed_source_timestamp":417223698544700,"circlet_count":0,"master_deck":["Defend_G","Defend_G","Defend_G","Defend_G","Defend_G","Strike_G","Strike_G","Strike_G","Survivor","Neutralize+1","Infinite Blades","Footwork+1","Noxious Fumes+1","Deflect","Flying Knee+1","Die Die Die","Deadly Poison","Bane+1","Bouncing Flask+1","Venomology","Master of Strategy","Deadly Poison+1","Blade Dance+1","Noxious Fumes+1"],"relics":["Ring of the Snake"],"potions_floor_usage":[16,19,21,21,29,31,31,33],"damage_taken":[{"damage":0,"enemies":"Jaw Worm","floor":1,"turns":3},{"damage":0,"enemies":"Small Slimes","floor":4,"turns":4},{"damage":0,"enemies":"2 Louse","floor":5,"turns":4},{"damage":3,"enemies":"Exordium Thugs","floor":7,"turns":6},{"damage":0,"enemies":"Blue Slaver","floor":14,"turns":5},{"damage":2,"enemies":"Hexaghost","floor":16,"turns":9},{"damage":20,"enemies":"Spheric Guardian","floor":18,"turns":8},{"damage":1,"enemies":"3 Byrds","floor":19,"turns":5},{"damage":8,"enemies":"Centurion and Healer","floor":21,"turns":5},{"damage":26,"enemies":"Shelled Parasite and Fungi","floor":28,"turns":7},{"damage":19,"enemies":"Snake Plant","floor":29,"turns":5},{"damage":25,"enemies":"Centurion and Healer","floor":31,"turns":5},{"damage":51,"enemies":"Collector","floor":33,"turns":6}],"seed_played":"-5114310836292514624","potions_obtained":[{"floor":4,"key":"PowerPotion"},{"floor":5,"key":"Swift Potion"},{"floor":7,"key":"Poison Potion"},{"floor":16,"key":"Ancient Potion"},{"floor":18,"key":"Fire Potion"},{"floor":19,"key":"Block Potion"}],"is_trial":false,"path_per_floor":["M","?","?","M","M","R","M","R","T","R","?","?","T","M","R","B",null,"M","M","?","M","$","R","$","?","T","R","M","M","R","M","R","B"],"character_chosen":"THE_SILENT","items_purchased":["Venomology","Master of Strategy"],"campfire_rested":2,"item_purchase_floors":[22,24],"current_hp_per_floor":[77,77,70,70,70,70,67,67,67,67,56,56,56,56,56,54,77,57,56,56,48,48,48,48,48,48,48,22,3,26,1,24,0],"gold":192,"neow_bonus":"TEN_PERCENT_HP_BONUS","is_prod":false,"is_daily":false,"chose_seed":false,"campfire_upgraded":6,"win_rate":0,"timestamp":1551217125,"path_taken":["M","?","?","M","M","R","M","R","T","R","?","?","?","M","R","BOSS","M","M","?","M","$","R","$","?","T","R","M","M","R","?","R","BOSS"],"build_version":"2019-01-23","purchased_purges":1,"victory":false,"max_hp_per_floor":[77,77,77,77,77,77,77,77,77,77,77,77,77,77,77,77,77,77,77,77,77,77,77,77,77,77,77,77,77,77,77,77,77],"card_choices":[{"not_picked":["Blade Dance","Quick Slash"],"picked":"Infinite Blades","floor":1},{"not_picked":["Reflex","Backstab"],"picked":"Footwork","floor":4},{"not_picked":["Finisher","Well Laid Plans"],"picked":"Noxious Fumes","floor":5},{"not_picked":["All Out Attack","Prepared"],"picked":"Deflect","floor":7},{"not_picked":["Sucker Punch","Slice"],"picked":"Flying Knee","floor":14},{"not_picked":["Doppelganger","Storm of Steel"],"picked":"Die Die Die","floor":16},{"not_picked":["Leg Sweep","PiercingWail+1"],"picked":"Deadly Poison","floor":18},{"not_picked":["Underhanded Strike+1","Setup"],"picked":"Bane","floor":19},{"not_picked":["Terror","Deadly Poison"],"picked":"Bouncing Flask","floor":21},{"not_picked":["Acrobatics+1","Heel Hook"],"picked":"Deadly Poison+1","floor":28},{"not_picked":["Flying Knee","Accuracy+1"],"picked":"Blade Dance+1","floor":29},{"not_picked":["Crippling Poison","Backflip"],"picked":"Noxious Fumes+1","floor":31}],"player_experience":507348,"relics_obtained":[],"event_choices":[{"damage_healed":0,"gold_gain":0,"player_choice":"Fled","damage_taken":0,"max_hp_gain":0,"max_hp_loss":0,"event_name":"Scrap Ooze","floor":2,"gold_loss":0},{"cards_removed":["Strike_G"],"damage_healed":0,"gold_gain":0,"player_choice":"Card Removal","damage_taken":7,"max_hp_gain":0,"max_hp_loss":0,"event_name":"Golden Wing","floor":3,"gold_loss":0},{"damage_healed":0,"gold_gain":75,"player_choice":"Gather Gold","damage_taken":11,"max_hp_gain":0,"max_hp_loss":0,"event_name":"World of Goop","floor":11,"gold_loss":0},{"damage_healed":0,"gold_gain":0,"player_choice":"Searched \u00270\u0027 times","damage_taken":0,"max_hp_gain":0,"max_hp_loss":0,"event_name":"Dead Adventurer","floor":12,"gold_loss":0},{"damage_healed":0,"gold_gain":0,"player_choice":"Ignored","damage_taken":0,"max_hp_gain":0,"max_hp_loss":0,"event_name":"The Mausoleum","floor":20,"gold_loss":0},{"damage_healed":0,"gold_gain":100,"player_choice":"Pray","damage_taken":0,"max_hp_gain":0,"max_hp_loss":0,"event_name":"Golden Shrine","floor":25,"gold_loss":0}],"is_beta":false,"boss_relics":[{"not_picked":[]}],"items_purged_floors":[22],"is_endless":false,"potions_floor_spawned":[4,5,7,16,18,19],"killed_by":"Collector","ascension_level":0}