{"gold_per_floor":[113,124,124,124,124,124,159,159,159,177,192,207,90,100,100,196,196,209,209,222,233,246,246,256,286,309,322,3,3,32,32,32,135,135,148,25,40,40,40,40,69,86,135,21,21,21,21,36,36,36],"floor_reached":51,"playtime":4218,"items_purged":[],"score":994,"play_id":"18897e72-8a09-4b9a-95bd-4bcb1aa4baa0","local_time":"20190307224240","is_ascension_mode":true,"campfire_choices":[{"data":"Defragment","floor":6,"key":"SMITH"},{"data":"Dualcast","floor":8,"key":"SMITH"},{"data":"Defragment","floor":15,"key":"SMITH"},{"data":"Defend_B","floor":23,"key":"SMITH"},{"data":"Loop","floor":32,"key":"SMITH"},{"floor":40,"key":"REST"},{"floor":45,"key":"REST"},{"floor":49,"key":"RECALL"}],"neow_cost":"NONE","seed_source_timestamp":1195974325143603,"circlet_count":0,"master_deck":["Strike_B","Strike_B","Defend_B+1","Defend_B","Defend_B+1","Defend_B","Zap+1","Dualcast+1","Rebound","Defragment+1","Coolheaded","Redo","Loop+1","Ball Lightning","Defragment+1","Glacier","Conserve Battery","Seek","Loop","Glacier","Hologram+1","Cold Snap","Conserve Battery+1","Loop","Multi-Cast","Conserve Battery","Amplify","Conserve Battery","Capacitor","Glacier","Redo","Darkness"],"relics":["Cracked Core","DataDisk","Symbiotic Virus","Busted Crown","Ornamental Fan","PreservedInsect","Orichalcum","Meat on the Bone","Fusion Hammer","Omamori","War Paint"],"potions_floor_usage":[7,12,12,18,24,25,30,50,50],"damage_taken":[{"damage":0,"enemies":"2 Louse","floor":1,"turns":2},{"damage":5,"enemies":"Small Slimes","floor":2,"turns":4},{"damage":17,"enemies":"3 Sentries","floor":7,"turns":6},{"damage":0,"enemies":"Cultist","floor":10,"turns":3},{"damage":0,"enemies":"Exordium Wildlife","floor":11,"turns":3},{"damage":15,"enemies":"Lots of Slimes","floor":12,"turns":6},{"damage":0,"enemies":"Looter","floor":14,"turns":3},{"damage":9,"enemies":"The Guardian","floor":16,"turns":7},{"damage":6,"enemies":"3 Byrds","floor":18,"turns":4},{"damage":0,"enemies":"Spheric Guardian","floor":20,"turns":4},{"damage":0,"enemies":"Centurion and Healer","floor":21,"turns":5},{"damage":12,"enemies":"Snake Plant","floor":22,"turns":4},{"damage":6,"enemies":"Chosen and Byrds","floor":24,"turns":4},{"damage":16,"enemies":"Gremlin Leader","floor":25,"turns":10},{"damage":8,"enemies":"Snecko","floor":27,"turns":6},{"damage":1,"enemies":"Slavers","floor":30,"turns":5},{"damage":32,"enemies":"Automaton","floor":33,"turns":8},{"damage":0,"enemies":"3 Shapes","floor":35,"turns":3},{"damage":6,"enemies":"Orb Walker","floor":37,"turns":3},{"damage":6,"enemies":"Nemesis","floor":41,"turns":11},{"damage":0,"enemies":"Sphere and 2 Shapes","floor":42,"turns":3},{"damage":0,"enemies":"Spire Growth","floor":48,"turns":5},{"damage":27,"enemies":"Awakened One","floor":50,"turns":20}],"seed_played":"-1674869665892938012","potions_obtained":[{"floor":0,"key":"EssenceOfSteel"},{"floor":0,"key":"Ancient Potion"},{"floor":0,"key":"SneckoOil"},{"floor":7,"key":"Regen Potion"},{"floor":12,"key":"Energy Potion"},{"floor":16,"key":"Weak Potion"},{"floor":21,"key":"Explosive Potion"},{"floor":22,"key":"Regen Potion"},{"floor":30,"key":"Dexterity Potion"},{"floor":33,"key":"FearPotion"}],"is_trial":false,"path_per_floor":["M","M","?","?","?","R","E","R","T","M","M","M","$","M","R","B",null,"M","?","M","M","M","R","M","E","T","M","$","?","E","?","R","B",null,"M","$","M","?","?","R","E","M","T","$","R","?","$","M","R","B",null],"character_chosen":"DEFECT","items_purchased":["Defragment","Glacier","Orichalcum","Swift Potion","Conserve Battery","Loop","Amplify","Conserve Battery","Capacitor","Glacier"],"campfire_rested":2,"item_purchase_floors":[13,13,28,28,28,28,36,36,44,44],"current_hp_per_floor":[68,63,63,68,68,68,51,51,51,51,51,51,51,51,51,42,71,65,65,65,65,53,53,59,43,43,35,35,35,34,34,34,14,64,64,64,58,58,58,76,70,70,70,70,76,76,76,76,76,49],"gold":36,"neow_bonus":"THREE_SMALL_POTIONS","is_prod":false,"is_daily":false,"chose_seed":false,"campfire_upgraded":5,"win_rate":0,"timestamp":1551998560,"path_taken":["M","M","?","?","?","R","E","R","T","M","M","?","$","M","R","BOSS","M","?","?","M","M","R","M","E","T","M","$","?","E","?","R","BOSS","M","$","M","?","?","R","E","?","T","$","R","?","?","M","R","BOSS"],"build_version":"2019-01-23","purchased_purges":0,"victory":true,"max_hp_per_floor":[75,75,75,80,80,80,80,80,80,80,80,80,80,80,80,80,80,80,80,80,80,80,80,80,80,80,80,80,80,80,80,80,80,80,80,80,80,76,76,76,76,76,76,76,76,76,76,76,76,76],"card_choices":[{"not_picked":["Streamline","Hologram"],"picked":"Rebound","floor":1},{"not_picked":["Hologram","Gash"],"picked":"Defragment","floor":2},{"not_picked":["Leap","Rebound"],"picked":"Coolheaded","floor":7},{"not_picked":["Thunder Strike","Compile Driver"],"picked":"Redo","floor":10},{"not_picked":["Stack","Rebound"],"picked":"Loop","floor":11},{"not_picked":["Force Field","Hologram"],"picked":"Ball Lightning","floor":12},{"not_picked":["Scrape","Coolheaded"],"picked":"Conserve Battery","floor":14},{"not_picked":["Fission","Meteor Strike"],"picked":"Seek","floor":16},{"not_picked":[],"picked":"Loop","floor":18},{"not_picked":["Hologram"],"picked":"SKIP","floor":20},{"not_picked":[],"picked":"Hologram+1","floor":21},{"not_picked":["Chill"],"picked":"SKIP","floor":22},{"not_picked":["Chill+1"],"picked":"SKIP","floor":24},{"not_picked":[],"picked":"Cold Snap","floor":25},{"not_picked":["Compile Driver"],"picked":"SKIP","floor":27},{"not_picked":["Cold Snap"],"picked":"SKIP","floor":30},{"not_picked":[],"picked":"Multi-Cast","floor":33},{"not_picked":[],"picked":"Conserve Battery","floor":35},{"not_picked":["Barrage+1"],"picked":"SKIP","floor":37},{"not_picked":["Leap"],"picked":"SKIP","floor":41},{"not_picked":["Go for the Eyes"],"picked":"SKIP","floor":42},{"not_picked":["Consume+1"],"picked":"SKIP","floor":48}],"player_experience":577397,"relics_obtained":[{"floor":7,"key":"DataDisk"},{"floor":9,"key":"Symbiotic Virus"},{"floor":25,"key":"Ornamental Fan"},{"floor":26,"key":"PreservedInsect"},{"floor":30,"key":"Meat on the Bone"},{"floor":41,"key":"Omamori"},{"floor":43,"key":"War Paint"}],"event_choices":[{"damage_healed":0,"gold_gain":0,"player_choice":"Grow","damage_taken":0,"max_hp_gain":0,"max_hp_loss":0,"event_name":"Living Wall","floor":3,"gold_loss":0,"cards_upgraded":["Zap"]},{"damage_healed":0,"gold_gain":0,"player_choice":"Donut","damage_taken":0,"max_hp_gain":5,"max_hp_loss":0,"event_name":"Big Fish","floor":4,"gold_loss":0},{"cards_removed":["Strike_B"],"damage_healed":0,"gold_gain":0,"player_choice":"Purged","damage_taken":0,"max_hp_gain":0,"max_hp_loss":0,"event_name":"Purifier","floor":5,"gold_loss":0},{"damage_healed":0,"gold_gain":0,"player_choice":"Copied","damage_taken":0,"max_hp_gain":0,"max_hp_loss":0,"event_name":"Duplicator","floor":19,"gold_loss":0,"cards_obtained":["Glacier"]},{"damage_healed":0,"gold_gain":0,"player_choice":"Ignored","damage_taken":0,"max_hp_gain":0,"max_hp_loss":0,"event_name":"Beggar","floor":29,"gold_loss":0},{"damage_healed":0,"gold_gain":0,"player_choice":"Max HP","damage_taken":0,"max_hp_gain":0,"max_hp_loss":4,"event_name":"Winding Halls","floor":38,"gold_loss":0},{"cards_removed":["Strike_B"],"damage_healed":0,"gold_gain":0,"player_choice":"Card Removal","damage_taken":0,"max_hp_gain":0,"max_hp_loss":0,"event_name":"Wheel of Change","floor":39,"gold_loss":0},{"damage_healed":0,"gold_gain":0,"player_choice":"2 cards matched","damage_taken":0,"max_hp_gain":0,"max_hp_loss":0,"event_name":"Match and Keep!","floor":46,"gold_loss":0,"cards_obtained":["Redo","Darkness"]}],"is_beta":false,"boss_relics":[{"not_picked":["Cursed Key","Tiny House"],"picked":"Busted Crown"},{"not_picked":["Coffee Dripper","Pandora\u0027s Box"],"picked":"Fusion Hammer"}],"items_purged_floors":[],"is_endless":false,"potions_floor_spawned":[7,11,12,16,21,22,30,33,37,48],"ascension_level":8}