{"gold_per_floor":[117,192,205,223,223,223,223,223,277,315,339,370,388,404,404,527,527,542,542,565,45,66,101,114,135,185,185,229,229,269,118,118,249,249,269,17,0,333,383,417,417,442,442,469,482,28,45,45,45,45],"floor_reached":51,"playtime":7468,"items_purged":["Strike_B","Strike_B"],"score":917,"play_id":"828c3de6-de38-4bd9-91a0-d1ca056b5e92","local_time":"20180623211630","is_ascension_mode":true,"campfire_choices":[{"data":"Dualcast","floor":6,"key":"SMITH"},{"data":"Zap","floor":8,"key":"SMITH"},{"data":"Strike_B","floor":15,"key":"PURGE"},{"data":"Blizzard","floor":27,"key":"SMITH"},{"data":"Defend_B","floor":29,"key":"PURGE"},{"data":"Echo Form","floor":32,"key":"SMITH"},{"data":"Defend_B","floor":41,"key":"PURGE"},{"data":"Hologram","floor":49,"key":"SMITH"}],"neow_cost":"NONE","seed_source_timestamp":3442763370386245,"circlet_count":0,"master_deck":["Defend_B","Defend_B","Zap+1","Dualcast+1","Melter","Hologram","Glacier","Self Repair","Gash","Coolheaded","Rebound+1","Echo Form+1","Go for the Eyes+1","Blizzard+1","Doom and Gloom+1","Reprogram+1","Chill","Flash of Steel","Hologram+1","All For One","Flash of Steel","Hologram+1"],"relics":["Runic Pyramid","Tiny Chest","Toolbox","Strawberry","Peace Pipe","Busted Crown","Enchiridion","Letter Opener","Blue Candle","Anchor","Art of War","Whetstone","Ornamental Fan","Sozu","Lantern","Red Mask","Gambling Chip","Pen Nib","Bottled Flame","Matryoshka","Blood Vial","Medical Kit"],"potions_floor_usage":[16,16,16,22,23,33],"damage_taken":[{"damage":4,"enemies":"Jaw Worm","floor":1,"turns":5},{"damage":1,"enemies":"Small Slimes","floor":3,"turns":3},{"damage":1,"enemies":"Cultist","floor":4,"turns":3},{"damage":16,"enemies":"Gremlin Nob","floor":10,"turns":5},{"damage":9,"enemies":"Lagavulin","floor":12,"turns":6},{"damage":3,"enemies":"Blue Slaver","floor":13,"turns":4},{"damage":2,"enemies":"Looter","floor":14,"turns":4},{"damage":15,"enemies":"The Guardian","floor":16,"turns":6},{"damage":6,"enemies":"Spheric Guardian","floor":18,"turns":3},{"damage":1,"enemies":"Chosen","floor":20,"turns":7},{"damage":0,"enemies":"Snecko","floor":22,"turns":7},{"damage":14,"enemies":"Gremlin Leader","floor":23,"turns":9},{"damage":5,"enemies":"3 Cultists","floor":24,"turns":6},{"damage":12,"enemies":"Cultist and Chosen","floor":25,"turns":6},{"damage":33,"enemies":"Slavers","floor":28,"turns":6},{"damage":2,"enemies":"Gremlin Leader","floor":30,"turns":7},{"damage":6,"enemies":"Collector","floor":33,"turns":8},{"damage":4,"enemies":"Orb Walker","floor":35,"turns":5},{"damage":13,"floor":39,"turns":3},{"damage":6,"enemies":"Nemesis","floor":40,"turns":7},{"damage":6,"enemies":"2 Orb Walkers","floor":42,"turns":5},{"damage":0,"enemies":"Giant Head","floor":44,"turns":8},{"damage":0,"enemies":"3 Darklings","floor":45,"turns":4},{"damage":0,"enemies":"Sphere and 2 Shapes","floor":47,"turns":3},{"damage":12,"enemies":"Donu and Deca","floor":50,"turns":5}],"seed_played":"8357998342937800900","potions_obtained":[{"floor":4,"key":"SteroidPotion"},{"floor":13,"key":"PowerPotion"},{"floor":14,"key":"FearPotion"},{"floor":16,"key":"SpeedPotion"},{"floor":18,"key":"Explosive Potion"},{"floor":20,"key":"SkillPotion"},{"floor":30,"key":"Regen Potion"}],"is_trial":false,"path_per_floor":["M","?","M","M","?","R","?","R","T","E","T","E","M","M","R","B",null,"M","?","M","$","M","E","M","M","T","R","E","R","E","$","R","B",null,"M","$","?","?","?","E","R","E","T","E","M","$","M","?","R","B"],"character_chosen":"DEFECT","items_purchased":["Letter Opener","Blue Candle","Go for the Eyes","Chill","Flash of Steel","Lantern","Medical Kit","All For One","Flash of Steel"],"campfire_rested":0,"item_purchase_floors":[21,21,21,31,36,36,46,46,46],"current_hp_per_floor":[71,60,59,58,58,58,63,63,63,47,54,52,56,61,61,53,81,81,65,75,75,81,74,76,71,71,71,68,68,73,73,73,81,81,81,81,81,81,68,69,69,77,77,81,81,81,81,81,81,69],"gold":45,"neow_bonus":"BOSS_RELIC","is_prod":false,"is_daily":false,"chose_seed":false,"campfire_upgraded":5,"win_rate":0,"timestamp":1529784990,"path_taken":["M","?","?","M","?","R","?","R","T","E","?","E","M","?","R","BOSS","M","?","?","?","M","E","M","M","T","R","E","R","E","$","R","BOSS","M","?","?","?","?","E","R","E","T","E","M","$","M","?","R","BOSS"],"build_version":"2018-06-21v2","purchased_purges":2,"victory":true,"max_hp_per_floor":[75,75,75,75,69,69,74,74,74,74,81,81,81,81,81,81,81,81,81,81,81,81,81,81,81,81,81,81,81,81,81,81,81,81,81,81,81,81,81,81,81,81,81,81,81,81,81,81,81,81],"card_choices":[{"not_picked":["Sweeping Beam","Storm"],"picked":"Melter","floor":1},{"not_picked":["Barrage","Coolheaded"],"picked":"Hologram","floor":3},{"not_picked":["Sweeping Beam","Streamline"],"picked":"Glacier","floor":4},{"not_picked":["Cold Snap","Leap"],"picked":"Self Repair","floor":10},{"not_picked":["Turbo","Compile Driver"],"picked":"Gash","floor":12},{"not_picked":["Double Energy","Cold Snap"],"picked":"Coolheaded","floor":13},{"not_picked":["Lockon","Storm"],"picked":"Rebound","floor":14},{"not_picked":["Hyperbeam","Rainbow"],"picked":"Echo Form","floor":16},{"not_picked":["Darkness"],"picked":"SKIP","floor":18},{"not_picked":["Cold Snap"],"picked":"SKIP","floor":20},{"not_picked":["Compile Driver"],"picked":"SKIP","floor":22},{"not_picked":["Steam Power+1"],"picked":"SKIP","floor":23},{"not_picked":["Hello World"],"picked":"SKIP","floor":24},{"not_picked":[],"picked":"Blizzard","floor":25},{"not_picked":[],"picked":"Doom and Gloom+1","floor":28},{"not_picked":[],"picked":"Reprogram+1","floor":30},{"not_picked":["Self Repair+1"],"picked":"SKIP","floor":35},{"not_picked":["Barrage+1"],"picked":"SKIP","floor":40},{"not_picked":["Barrage+1"],"picked":"SKIP","floor":40},{"not_picked":[],"picked":"Hologram+1","floor":42},{"not_picked":["Cold Snap"],"picked":"SKIP","floor":44},{"not_picked":["Compile Driver+1"],"picked":"SKIP","floor":45},{"not_picked":["Redo"],"picked":"SKIP","floor":47}],"player_experience":305099,"relics_obtained":[{"floor":9,"key":"Tiny Chest"},{"floor":10,"key":"Toolbox"},{"floor":11,"key":"Strawberry"},{"floor":12,"key":"Peace Pipe"},{"floor":19,"key":"Enchiridion"},{"floor":23,"key":"Anchor"},{"floor":26,"key":"Art of War"},{"floor":28,"key":"Whetstone"},{"floor":30,"key":"Ornamental Fan"},{"floor":39,"key":"Gambling Chip"},{"floor":40,"key":"Pen Nib"},{"floor":42,"key":"Bottled Flame"},{"floor":43,"key":"Matryoshka"},{"floor":44,"key":"Blood Vial"}],"event_choices":[{"event_name":"World of Goop","player_choice":"Gather Gold","floor":2,"damage_taken":0},{"event_name":"Golden Idol","player_choice":"Lose Max HP","floor":5,"damage_taken":0},{"event_name":"Big Fish","player_choice":"Donut","floor":7,"damage_taken":0},{"event_name":"Cursed Tome","player_choice":"Obtained Book","floor":19,"damage_taken":0},{"event_name":"Tomb of Lord Red Mask","player_choice":"Paid","floor":37,"damage_taken":0},{"event_name":"The Moai Head","player_choice":"Gave Idol","floor":38,"damage_taken":0},{"event_name":"Mysterious Sphere","player_choice":"Fight","floor":39,"damage_taken":0},{"event_name":"Transmorgrifier","player_choice":"Transform","floor":48,"damage_taken":0}],"boss_relics":[{"not_picked":["Black Star","Velvet Choker"],"picked":"Busted Crown"},{"not_picked":["Fusion Hammer","Tiny House"],"picked":"Sozu"}],"items_purged_floors":[31,46],"is_endless":false,"potions_floor_spawned":[4,13,14,16,18,20,30,35,42,45,47],"ascension_level":3}