{"gold_per_floor":[114,129,144,159,159,159,159,178,253,303,352,298,317,336,336,461,461,480,499,499,499,518,518,537,537,537,562,562,170,189,208,208,333,333,352,352,235,254,273,273,273,292,292,311,330,349,368,387,387,387],"floor_reached":51,"playtime":2391,"items_purged":["Decay"],"score":825,"play_id":"c412c065-daa7-43bb-bd4e-8b070c066031","local_time":"20190815213503","daily_mods":["Cursed Run","Vintage","Terminal"],"is_ascension_mode":false,"campfire_choices":[{"floor":6,"key":"REST"},{"data":"Streamline","floor":15,"key":"SMITH"},{"data":"Multi-Cast","floor":23,"key":"SMITH"},{"floor":32,"key":"REST"},{"data":"Defragment","floor":40,"key":"SMITH"},{"floor":49,"key":"REST"}],"neow_cost":"","seed_source_timestamp":650363864677144,"circlet_count":0,"master_deck":["Strike_B+1","Strike_B+1","Strike_B+1","Strike_B+1","Defend_B+1","Defend_B+1","Defend_B+1","Defend_B+1","Zap","Dualcast","Streamline+1","Multi-Cast+1","Clumsy","Darkness","Blind","Defragment+1","Parasite","All For One","Barrage","Capacitor","Chaos+1","Rebound","Defragment","Forethought","Parasite","Writhe","Decay"],"special_seed":18123,"relics":["Cursed Key","Darkstone Periapt","Du-Vu Doll","Lantern","Strawberry","Potion Belt","Symbiotic Virus","Golden Idol","Torii","Omamori","Dodecahedron","Blood Vial","Tiny Chest","PreservedInsect","Mummified Hand","Busted Crown","Ancient Tea Set","Bronze Scales","Spirit Poop","Anchor","Whetstone","The Courier","DataDisk","Enchiridion","Meat on the Bone","Bottled Tornado","Letter Opener","Orrery","Vajra","Bag of Marbles","Cables","Regal Pillow","Bottled Lightning","Orichalcum","Mercury Hourglass","Calipers","Molten Egg 2","Blue Candle"],"potions_floor_usage":[16,16,33,48,50,50,50,50,50],"damage_taken":[{"damage":0,"enemies":"Small Slimes","floor":1,"turns":3},{"damage":0,"enemies":"2 Louse","floor":2,"turns":2},{"damage":0,"enemies":"Jaw Worm","floor":3,"turns":4},{"damage":3,"enemies":"Gremlin Gang","floor":4,"turns":5},{"damage":8,"enemies":"Large Slime","floor":8,"turns":5},{"damage":0,"enemies":"Looter","floor":11,"turns":4},{"damage":1,"enemies":"Lots of Slimes","floor":13,"turns":4},{"damage":0,"enemies":"2 Fungi Beasts","floor":14,"turns":2},{"damage":23,"enemies":"The Guardian","floor":16,"turns":7},{"damage":0,"enemies":"Chosen","floor":18,"turns":3},{"damage":0,"enemies":"Spheric Guardian","floor":19,"turns":2},{"damage":16,"enemies":"Snake Plant","floor":22,"turns":4},{"damage":7,"enemies":"Shelled Parasite and Fungi","floor":24,"turns":5},{"damage":0,"enemies":"Snecko","floor":30,"turns":3},{"damage":0,"enemies":"Cultist and Chosen","floor":31,"turns":5},{"damage":24,"enemies":"Champ","floor":33,"turns":9},{"damage":0,"enemies":"Orb Walker","floor":35,"turns":3},{"damage":3,"enemies":"3 Shapes","floor":38,"turns":4},{"damage":12,"enemies":"Sphere and 2 Shapes","floor":39,"turns":4},{"damage":0,"enemies":"Writhing Mass","floor":42,"turns":4},{"damage":7,"enemies":"Transient","floor":44,"turns":5},{"damage":21,"enemies":"Spire Growth","floor":45,"turns":4},{"damage":7,"enemies":"Maw","floor":46,"turns":5},{"damage":0,"enemies":"Writhing Mass","floor":47,"turns":4},{"damage":0,"enemies":"Transient","floor":48,"turns":5},{"damage":26,"enemies":"Donu and Deca","floor":50,"turns":6}],"seed_played":"2724722799782611133","potions_obtained":[{"floor":2,"key":"SkillPotion"},{"floor":4,"key":"PowerPotion"},{"floor":11,"key":"Poison Potion"},{"floor":14,"key":"SkillPotion"},{"floor":22,"key":"PowerPotion"},{"floor":33,"key":"AttackPotion"},{"floor":35,"key":"Ancient Potion"},{"floor":44,"key":"Weak Potion"},{"floor":48,"key":"Block Potion"}],"is_trial":false,"path_per_floor":["M","M","M","M","?","R","?","M","T","T","M","$","M","M","R","B",null,"M","M","?","?","M","R","M","?","T","T","?","$","M","M","R","B",null,"M","?","$","M","M","R","?","M","T","M","M","M","M","M","R","B",null],"character_chosen":"DEFECT","items_purchased":["Streamline","Darkness","Blind","Meat on the Bone","Defragment","Defragment"],"campfire_rested":3,"item_purchase_floors":[12,29,29,29,29,37],"current_hp_per_floor":[73,79,78,75,56,75,57,49,49,49,51,51,52,54,54,39,70,69,68,67,66,50,50,45,45,51,57,41,41,43,45,65,49,71,70,69,68,65,55,55,55,63,69,64,45,40,42,44,68,48],"gold":387,"neow_bonus":"","is_prod":false,"is_daily":true,"chose_seed":false,"campfire_upgraded":3,"win_rate":0,"timestamp":1565897703,"path_taken":["M","M","M","M","?","R","?","M","T","?","M","$","M","?","R","BOSS","M","M","?","?","M","R","?","?","T","?","?","$","M","M","R","BOSS","M","?","$","M","M","R","?","M","T","?","M","?","M","M","R","BOSS"],"build_version":"2019-07-17","purchased_purges":1,"victory":true,"max_hp_per_floor":[73,79,78,77,76,75,74,73,72,71,70,69,68,67,66,71,70,69,68,67,66,65,64,63,62,67,72,71,70,69,68,67,72,71,70,69,68,67,66,65,64,69,74,73,72,71,70,69,68,73],"card_choices":[{"not_picked":["Hyperbeam","Electrodynamics"],"picked":"Multi-Cast","floor":16},{"not_picked":[],"picked":"All For One","floor":33},{"not_picked":[],"picked":"Barrage","floor":34},{"not_picked":[],"picked":"Capacitor","floor":34},{"not_picked":[],"picked":"Chaos+1","floor":34},{"not_picked":[],"picked":"Rebound","floor":34}],"player_experience":109682,"relics_obtained":[{"floor":1,"key":"Lantern"},{"floor":2,"key":"Strawberry"},{"floor":3,"key":"Potion Belt"},{"floor":4,"key":"Symbiotic Virus"},{"floor":8,"key":"Omamori"},{"floor":9,"key":"Dodecahedron"},{"floor":10,"key":"Blood Vial"},{"floor":11,"key":"Tiny Chest"},{"floor":13,"key":"PreservedInsect"},{"floor":14,"key":"Mummified Hand"},{"floor":18,"key":"Ancient Tea Set"},{"floor":19,"key":"Bronze Scales"},{"floor":22,"key":"Anchor"},{"floor":24,"key":"Whetstone"},{"floor":26,"key":"The Courier"},{"floor":27,"key":"DataDisk"},{"floor":28,"key":"Enchiridion"},{"floor":30,"key":"Bottled Tornado"},{"floor":31,"key":"Letter Opener"},{"floor":35,"key":"Vajra"},{"floor":38,"key":"Bag of Marbles"},{"floor":39,"key":"Cables"},{"floor":42,"key":"Regal Pillow"},{"floor":43,"key":"Bottled Lightning"},{"floor":44,"key":"Orichalcum"},{"floor":45,"key":"Mercury Hourglass"},{"floor":46,"key":"Calipers"},{"floor":47,"key":"Molten Egg 2"},{"floor":48,"key":"Blue Candle"}],"event_choices":[{"damage_healed":0,"gold_gain":0,"player_choice":"Take Damage","damage_taken":19,"relics_obtained":["Golden Idol"],"max_hp_gain":0,"max_hp_loss":0,"event_name":"Golden Idol","floor":5,"gold_loss":0},{"damage_healed":0,"gold_gain":0,"player_choice":"Success","damage_taken":18,"relics_obtained":["Torii"],"max_hp_gain":0,"max_hp_loss":0,"event_name":"Scrap Ooze","floor":7,"gold_loss":0},{"damage_healed":0,"gold_gain":0,"player_choice":"Ignored","damage_taken":0,"max_hp_gain":0,"max_hp_loss":0,"event_name":"Beggar","floor":20,"gold_loss":0},{"cards_removed":["Decay"],"damage_healed":0,"gold_gain":0,"player_choice":"Offered Curse","damage_taken":0,"relics_obtained":["Spirit Poop"],"max_hp_gain":0,"max_hp_loss":0,"event_name":"Bonfire Elementals","floor":21,"gold_loss":0},{"damage_healed":0,"gold_gain":0,"player_choice":"Simplicity","damage_taken":0,"max_hp_gain":0,"max_hp_loss":0,"event_name":"Back to Basics","floor":25,"gold_loss":0,"cards_upgraded":["Strike_B","Strike_B","Defend_B","Defend_B","Defend_B","Defend_B"]},{"damage_healed":0,"gold_gain":0,"player_choice":"Obtained Book","damage_taken":16,"max_hp_gain":0,"max_hp_loss":0,"event_name":"Cursed Tome","floor":28,"gold_loss":0},{"damage_healed":0,"gold_gain":0,"player_choice":"Ignored","damage_taken":0,"max_hp_gain":0,"max_hp_loss":0,"event_name":"Tomb of Lord Red Mask","floor":36,"gold_loss":0},{"damage_healed":0,"gold_gain":0,"player_choice":"1 cards matched","damage_taken":0,"max_hp_gain":0,"max_hp_loss":0,"event_name":"Match and Keep!","floor":41,"gold_loss":0,"cards_obtained":["Forethought"]}],"is_beta":false,"boss_relics":[{"not_picked":["Velvet Choker","Runic Dome"],"picked":"Busted Crown"},{"not_picked":["Eternal Feather","Coffee Dripper"],"picked":"Orrery"}],"items_purged_floors":[37],"is_endless":false,"potions_floor_spawned":[2,4,11,14,22,33,35,44,45,48],"ascension_level":0}