{"gold_per_floor":[112,129,129,142,159,159,186,186,186,26,38,38,18,28,28,124,124,143,154,172,172,182,182,201,201,225,241,241,241],"floor_reached":29,"playtime":2553,"items_purged":[],"score":309,"play_id":"053924b3-1eee-47f6-859d-db0a4c9e0e70","local_time":"20181001201935","is_ascension_mode":true,"campfire_choices":[{"data":"Bash","floor":6,"key":"SMITH"},{"data":"Anger","floor":8,"key":"SMITH"},{"data":"Rage","floor":12,"key":"SMITH"},{"data":"Spot Weakness","floor":15,"key":"SMITH"},{"floor":23,"key":"REST"},{"floor":25,"key":"REST"}],"neow_cost":"NONE","seed_source_timestamp":256024011436604,"circlet_count":0,"master_deck":["Strike_R","Strike_R","Strike_R","Strike_R","Strike_R","Defend_R","Defend_R","Defend_R","Defend_R","Bash+1","Rage+1","Shrug It Off","Battle Trance","Anger+1","Flame Barrier","Rampage","Inflame","Cleave","Battle Trance","Spot Weakness+1","Impervious","Pommel Strike","Clash","Armaments","Rampage","Writhe"],"relics":["Burning Blood","Art of War","Bottled Flame","Gremlin Horn","Sozu","Regal Pillow","Question Card"],"potions_floor_usage":[7,16,16,29],"damage_taken":[{"damage":12,"enemies":"Jaw Worm","floor":1,"turns":2},{"damage":10,"enemies":"Cultist","floor":2,"turns":4},{"damage":7,"enemies":"Small Slimes","floor":4,"turns":4},{"damage":14,"enemies":"3 Louse","floor":5,"turns":5},{"damage":7,"enemies":"3 Sentries","floor":7,"turns":6},{"damage":7,"enemies":"Blue Slaver","floor":11,"turns":2},{"damage":12,"enemies":"Exordium Wildlife","floor":14,"turns":4},{"damage":21,"enemies":"The Guardian","floor":16,"turns":10},{"damage":2,"enemies":"Chosen","floor":18,"turns":3},{"damage":26,"enemies":"2 Thieves","floor":19,"turns":4},{"damage":10,"enemies":"Snecko","floor":20,"turns":4},{"damage":27,"enemies":"Colosseum Slavers","floor":21,"turns":3},{"damage":16,"enemies":"3 Cultists","floor":22,"turns":5},{"damage":32,"enemies":"Cultist and Chosen","floor":24,"turns":7},{"damage":24,"enemies":"Snake Plant","floor":27,"turns":4},{"damage":23,"enemies":"Centurion and Healer","floor":29,"turns":4}],"seed_played":"5528513043074729570","potions_obtained":[{"floor":1,"key":"PowerPotion"},{"floor":7,"key":"Dexterity Potion"},{"floor":11,"key":"GamblersBrew"},{"floor":16,"key":"Fire Potion"}],"is_trial":false,"path_per_floor":["M","M","?","M","M","R","E","R","T","$","M","R","?","M","R","B",null,"M","M","M","?","M","R","M","R","T","M","?"],"character_chosen":"IRONCLAD","items_purchased":["Rampage","Inflame","Cleave"],"campfire_rested":2,"item_purchase_floors":[10,10,10],"current_hp_per_floor":[66,62,62,61,53,53,52,52,52,52,51,51,51,45,45,30,68,72,52,48,27,17,41,15,39,39,21,21,0],"gold":241,"neow_bonus":"RANDOM_COMMON_RELIC","is_prod":false,"is_daily":false,"chose_seed":false,"campfire_upgraded":4,"win_rate":0,"timestamp":1538421575,"path_taken":["M","M","?","M","M","R","E","R","T","?","M","R","?","M","R","BOSS","M","M","M","?","M","R","M","R","T","?","?","M"],"build_version":"2018-09-27","purchased_purges":0,"victory":false,"max_hp_per_floor":[80,80,80,80,80,80,80,80,80,80,80,80,80,80,80,80,80,80,80,80,80,80,80,80,80,80,80,80,80],"card_choices":[{"not_picked":["Headbutt","Sword Boomerang"],"picked":"Rage","floor":1},{"not_picked":["Clothesline","Battle Trance"],"picked":"Shrug It Off","floor":2},{"not_picked":["Twin Strike","Heavy Blade"],"picked":"Battle Trance","floor":4},{"not_picked":["Shrug It Off","Sword Boomerang"],"picked":"Anger","floor":5},{"not_picked":["Iron Wave","True Grit"],"picked":"Flame Barrier","floor":7},{"not_picked":["Pommel Strike","Body Slam"],"picked":"Battle Trance","floor":11},{"not_picked":["Heavy Blade","Sword Boomerang"],"picked":"Spot Weakness","floor":14},{"not_picked":["Fiend Fire","Bludgeon"],"picked":"Impervious","floor":16},{"not_picked":["Sentinel","Shockwave","Anger"],"picked":"SKIP","floor":18},{"not_picked":["Second Wind","Wild Strike"],"picked":"Pommel Strike","floor":19},{"not_picked":["Perfected Strike","Clothesline"],"picked":"Clash","floor":20},{"not_picked":["Thunderclap","True Grit"],"picked":"Armaments","floor":22},{"not_picked":["Body Slam","Rupture"],"picked":"Rampage","floor":24},{"not_picked":["Perfected Strike","Cleave+1","Wild Strike+1"],"picked":"SKIP","floor":27}],"player_experience":362693,"relics_obtained":[{"floor":7,"key":"Bottled Flame"},{"floor":9,"key":"Gremlin Horn"},{"floor":26,"key":"Regal Pillow"}],"event_choices":[{"event_name":"The Woman in Blue","player_choice":"Bought 0 Potions","floor":3,"damage_taken":0},{"event_name":"World of Goop","player_choice":"Left","floor":13,"damage_taken":0},{"event_name":"Colosseum","player_choice":"Fight","floor":21,"damage_taken":0},{"event_name":"Colosseum","player_choice":"Fled From Nobs","floor":21,"damage_taken":0},{"event_name":"The Mausoleum","player_choice":"Yes","floor":28,"damage_taken":0}],"is_beta":false,"boss_relics":[{"not_picked":["Runic Dome","Empty Cage"],"picked":"Sozu"}],"items_purged_floors":[],"is_endless":false,"potions_floor_spawned":[1,7,11,16,18,24],"killed_by":"Centurion and Healer","ascension_level":7}