{"gold_per_floor":[218,218,237,14,14,14,32,32,32,32,62,80,93,73,73,173,173,173,173,173,173,173,173,173,173],"floor_reached":25,"playtime":1330,"items_purged":["Strike_G"],"score":355,"play_id":"7f816513-216d-49e4-afbd-8d7fdef5f31d","local_time":"20190722202825","is_ascension_mode":true,"campfire_choices":[{"data":"Sucker Punch","floor":6,"key":"SMITH"},{"data":"Terror","floor":8,"key":"SMITH"},{"data":"Well Laid Plans","floor":10,"key":"SMITH"},{"data":"Prepared","floor":15,"key":"SMITH"},{"floor":23,"key":"REST"}],"neow_cost":"NONE","seed_source_timestamp":106750787893800,"circlet_count":0,"master_deck":["Strike_G","Strike_G","Strike_G","Defend_G","Defend_G","Defend_G","Defend_G","Survivor","Neutralize+1","Quick Slash","Terror+1","Well Laid Plans+1","Sucker Punch+1","Cloak And Dagger","Backflip","Prepared+1","Outmaneuver","Malaise","Dash+1","Deadly Poison+1","Distraction","Cloak And Dagger","Deflect"],"relics":["Ring of the Snake","Anchor","Frozen Egg 2","Omamori","Ectoplasm"],"potions_floor_usage":[16,20,20,20],"damage_taken":[{"damage":3,"enemies":"2 Louse","floor":1,"turns":3},{"damage":2,"enemies":"Jaw Worm","floor":3,"turns":5},{"damage":0,"enemies":"Small Slimes","floor":7,"turns":2},{"damage":7,"enemies":"Exordium Wildlife","floor":12,"turns":5},{"damage":0,"enemies":"Looter","floor":13,"turns":2},{"damage":0,"enemies":"Hexaghost","floor":16,"turns":10},{"damage":11,"enemies":"Spheric Guardian","floor":18,"turns":8},{"damage":5,"enemies":"3 Byrds","floor":19,"turns":7},{"damage":39,"enemies":"Cultist and Chosen","floor":20,"turns":11},{"damage":4,"enemies":"Chosen and Byrds","floor":21,"turns":10},{"damage":9,"enemies":"Snecko","floor":24,"turns":7},{"damage":20,"enemies":"3 Cultists","floor":25,"turns":4}],"seed_played":"2661329310796872047","potions_obtained":[{"floor":12,"key":"AttackPotion"},{"floor":13,"key":"Explosive Potion"},{"floor":14,"key":"PowerPotion"},{"floor":16,"key":"SkillPotion"},{"floor":21,"key":"GamblersBrew"}],"is_trial":false,"path_per_floor":["M","?","M","$","?","R","M","R","T","R","?","M","M","?","R","B",null,"M","M","M","M","?","R","M","M"],"character_chosen":"THE_SILENT","items_purchased":["Well Laid Plans","Sucker Punch","Cloak And Dagger"],"campfire_rested":1,"item_purchase_floors":[4,4,4],"current_hp_per_floor":[60,60,58,58,40,40,40,40,40,40,40,33,33,33,33,33,61,50,45,6,2,2,23,14,0],"gold":173,"neow_bonus":"HUNDRED_GOLD","is_prod":false,"is_daily":false,"chose_seed":false,"campfire_upgraded":4,"win_rate":0,"timestamp":1563841705,"path_taken":["M","?","M","$","?","R","M","R","T","R","?","?","M","?","R","BOSS","M","?","M","M","?","R","M","M"],"build_version":"2019-07-17","purchased_purges":1,"victory":false,"max_hp_per_floor":[70,70,70,70,70,70,70,70,70,70,70,70,70,70,70,70,70,70,70,70,70,70,70,70,70],"card_choices":[{"not_picked":["Backflip","Accuracy"],"picked":"Quick Slash","floor":1},{"not_picked":["Dagger Throw","Backstab"],"picked":"Terror","floor":3},{"not_picked":["Well Laid Plans","Cloak And Dagger"],"picked":"Backflip","floor":7},{"not_picked":["Catalyst","Deflect"],"picked":"Prepared","floor":12},{"not_picked":["Slice","Night Terror"],"picked":"Outmaneuver","floor":13},{"not_picked":["Die Die Die","Corpse Explosion"],"picked":"Malaise","floor":16},{"not_picked":["Calculated Gamble","Flying Knee+1"],"picked":"Dash+1","floor":18},{"not_picked":["Poisoned Stab","Prepared","Backflip"],"picked":"SKIP","floor":19},{"not_picked":["Outmaneuver","Cloak And Dagger"],"picked":"Deadly Poison+1","floor":20},{"not_picked":["Poisoned Stab","Flying Knee+1","Reflex"],"picked":"SKIP","floor":21},{"not_picked":["Dagger Spray","Cloak And Dagger"],"picked":"Deflect","floor":24}],"player_experience":497446,"relics_obtained":[{"floor":9,"key":"Frozen Egg 2"}],"event_choices":[{"damage_healed":0,"gold_gain":0,"player_choice":"Grow","damage_taken":0,"max_hp_gain":0,"max_hp_loss":0,"event_name":"Living Wall","floor":2,"gold_loss":0,"cards_upgraded":["Neutralize"]},{"damage_healed":0,"gold_gain":0,"player_choice":"Success","damage_taken":18,"relics_obtained":["Anchor"],"max_hp_gain":0,"max_hp_loss":0,"event_name":"Scrap Ooze","floor":5,"gold_loss":0},{"damage_healed":0,"gold_gain":30,"player_choice":"Searched \u00273\u0027 times","damage_taken":0,"relics_obtained":["Omamori"],"max_hp_gain":0,"max_hp_loss":0,"event_name":"Dead Adventurer","floor":11,"gold_loss":0},{"damage_healed":0,"gold_gain":0,"player_choice":"Bought 1 Potion","damage_taken":0,"max_hp_gain":0,"max_hp_loss":0,"event_name":"The Woman in Blue","floor":14,"gold_loss":0},{"damage_healed":0,"gold_gain":0,"cards_transformed":["Strike_G","Defend_G"],"player_choice":"Became Test Subject","damage_taken":0,"max_hp_gain":0,"max_hp_loss":0,"event_name":"Drug Dealer","floor":22,"gold_loss":0,"cards_obtained":["Distraction","Cloak And Dagger"]}],"is_beta":false,"boss_relics":[{"not_picked":["Astrolabe","WristBlade"],"picked":"Ectoplasm"}],"items_purged_floors":[4],"is_endless":false,"potions_floor_spawned":[12,13,16,19,21],"killed_by":"3 Cultists","ascension_level":9}