{"gold_per_floor":[111,122,137,137,151,182,182,202,202,228,228,261,275,350,350,473,473,492,528,603,616,640,640,653,136,136,0,15,15,59,75,75,198,198,218,218,233,253,19,60,60,60,60,60,111,111,111,43,43,43],"floor_reached":51,"playtime":4218,"items_purged":["Strike_R"],"score":1184,"play_id":"6cc55e37-ec76-45ef-953e-86a3b98f64a2","local_time":"20190323195935","is_ascension_mode":true,"campfire_choices":[{"data":"Armaments","floor":7,"key":"SMITH"},{"floor":15,"key":"REST"},{"data":"Whirlwind","floor":23,"key":"SMITH"},{"data":"Bash","floor":29,"key":"SMITH"},{"data":"Pummel","floor":32,"key":"SMITH"},{"data":"Heavy Blade","floor":42,"key":"SMITH"},{"data":"Heavy Blade","floor":44,"key":"SMITH"},{"data":"Metallicize","floor":46,"key":"SMITH"},{"data":"Defend_R","floor":49,"key":"SMITH"}],"neow_cost":"NONE","seed_source_timestamp":333584734656146,"circlet_count":0,"master_deck":["AscendersBane","Strike_R","Strike_R","Strike_R","Strike_R","Defend_R+1","Defend_R+1","Defend_R","Defend_R","Bash+1","Exhume","Carnage","Headbutt+1","Armaments+1","Anger","Reaper+1","Whirlwind+1","Pummel+1","Seeing Red+1","Limit Break+1","Sentinel+1","True Grit+1","Second Wind+1","Havoc+1","Shrug It Off+1","Shockwave+1","Limit Break+1","Warcry+1","Offering+1","Reaper","Heavy Blade+1","Metallicize+1","Heavy Blade+1","Disarm+1"],"relics":["Burning Blood","Bronze Scales","Centennial Puzzle","Lantern","Golden Idol","Toxic Egg 2","Mark of Pain","Red Mask","Brimstone","PreservedInsect","Strawberry","Juzu Bracelet","Sozu","Chemical X","Whetstone","Letter Opener","Oddly Smooth Stone"],"potions_floor_usage":[16,22,28,50],"damage_taken":[{"damage":0,"enemies":"Small Slimes","floor":1,"turns":3},{"damage":1,"enemies":"2 Louse","floor":2,"turns":2},{"damage":8,"enemies":"Jaw Worm","floor":3,"turns":4},{"damage":16,"enemies":"Blue Slaver","floor":5,"turns":3},{"damage":17,"enemies":"Lagavulin","floor":6,"turns":6},{"damage":10,"enemies":"Red Slaver","floor":8,"turns":2},{"damage":30,"enemies":"Gremlin Nob","floor":10,"turns":4},{"damage":20,"enemies":"Lagavulin","floor":12,"turns":7},{"damage":6,"enemies":"Looter","floor":13,"turns":2},{"damage":17,"enemies":"Hexaghost","floor":16,"turns":6},{"damage":6,"enemies":"Spheric Guardian","floor":18,"turns":3},{"damage":16,"enemies":"Masked Bandits","floor":19,"turns":3},{"damage":24,"enemies":"Chosen","floor":21,"turns":5},{"damage":4,"enemies":"Snake Plant","floor":22,"turns":2},{"damage":14,"enemies":"Centurion and Healer","floor":24,"turns":8},{"damage":17,"enemies":"Sentry and Sphere","floor":28,"turns":4},{"damage":0,"enemies":"Gremlin Leader","floor":30,"turns":3},{"damage":33,"enemies":"Snecko","floor":31,"turns":4},{"damage":43,"enemies":"Collector","floor":33,"turns":4},{"damage":25,"enemies":"3 Shapes","floor":35,"turns":5},{"damage":24,"enemies":"3 Darklings","floor":37,"turns":5},{"damage":6,"enemies":"Jaw Worm Horde","floor":38,"turns":2},{"damage":6,"enemies":"Reptomancer","floor":40,"turns":2},{"damage":35,"enemies":"Time Eater","floor":50,"turns":5}],"seed_played":"-4660156118018241041","potions_obtained":[{"floor":1,"key":"BloodPotion"},{"floor":3,"key":"Energy Potion"},{"floor":5,"key":"SpeedPotion"},{"floor":10,"key":"Strength Potion"},{"floor":19,"key":"Swift Potion"},{"floor":24,"key":"SpeedPotion"},{"floor":31,"key":"EssenceOfSteel"}],"is_trial":false,"path_per_floor":["M","M","M","?","M","E","R","M","T","E","?","E","M","?","R","B",null,"M","?","?","M","M","R","M","$","T","$","M","R","E","M","R","B",null,"M","?","M","M","$","E","?","R","T","R","T","R","?","$","R","B",null],"character_chosen":"IRONCLAD","items_purchased":["Brimstone","Shrug It Off+1","PreservedInsect","Shockwave+1","Limit Break+1","Chemical X","Metallicize","Disarm+1"],"campfire_rested":1,"item_purchase_floors":[25,25,25,25,27,39,39,48],"current_hp_per_floor":[78,80,78,83,73,62,62,58,58,34,34,20,20,9,32,21,65,68,58,51,37,46,46,42,42,49,49,54,54,86,82,82,86,86,86,86,86,86,86,86,86,86,86,86,86,86,82,82,82,53],"gold":43,"neow_bonus":"ONE_RANDOM_RARE_CARD","is_prod":false,"is_daily":false,"chose_seed":false,"campfire_upgraded":8,"win_rate":0,"timestamp":1553371175,"path_taken":["M","M","M","?","M","E","R","M","T","E","?","E","M","?","R","BOSS","M","?","?","?","M","R","M","$","T","$","M","R","E","M","R","BOSS","M","?","M","M","$","E","?","R","T","R","?","R","?","$","R","BOSS"],"build_version":"2019-01-23","purchased_purges":1,"victory":true,"max_hp_per_floor":[80,80,80,85,85,85,85,85,85,85,79,79,79,79,79,79,79,79,79,79,79,79,79,79,79,86,86,86,86,86,86,86,86,86,86,86,86,86,86,86,86,86,86,86,86,86,82,82,82,82],"card_choices":[{"not_picked":["Pummel","Sentinel"],"picked":"Carnage","floor":1},{"not_picked":["Combust","Iron Wave"],"picked":"Headbutt","floor":2},{"not_picked":["Seeing Red","Combust"],"picked":"Armaments","floor":3},{"not_picked":["Body Slam","Headbutt"],"picked":"Anger","floor":5},{"not_picked":["Carnage","Clash"],"picked":"Reaper","floor":6},{"not_picked":["Headbutt","Thunderclap"],"picked":"Whirlwind","floor":8},{"not_picked":["Power Through","Dual Wield"],"picked":"Pummel","floor":10},{"not_picked":["Whirlwind","Body Slam","Perfected Strike"],"picked":"SKIP","floor":12},{"not_picked":["Twin Strike","Anger"],"picked":"Seeing Red+1","floor":13},{"not_picked":["Feed","Reaper"],"picked":"Limit Break+1","floor":16},{"not_picked":["Sword Boomerang","Perfected Strike+1"],"picked":"Sentinel+1","floor":18},{"not_picked":["Body Slam","Fire Breathing"],"picked":"True Grit+1","floor":21},{"not_picked":["Dropkick+1","Rage+1"],"picked":"Second Wind+1","floor":22},{"not_picked":["True Grit+1","Twin Strike"],"picked":"Havoc+1","floor":24},{"not_picked":["Evolve","Headbutt"],"picked":"Warcry+1","floor":28},{"not_picked":["Wild Strike","Combust"],"picked":"Offering+1","floor":30},{"not_picked":["Perfected Strike","Anger","Cleave"],"picked":"SKIP","floor":31},{"not_picked":["Limit Break+1","Demon Form"],"picked":"Reaper","floor":33},{"not_picked":["Havoc+1","Headbutt","Twin Strike"],"picked":"SKIP","floor":35},{"not_picked":["True Grit+1","Clothesline"],"picked":"Heavy Blade","floor":37},{"not_picked":["Shockwave+1","Perfected Strike","Clash"],"picked":"SKIP","floor":38},{"not_picked":["Flex+1","Perfected Strike+1"],"picked":"Heavy Blade","floor":40}],"player_experience":666141,"relics_obtained":[{"floor":6,"key":"Bronze Scales"},{"floor":9,"key":"Centennial Puzzle"},{"floor":10,"key":"Lantern"},{"floor":12,"key":"Toxic Egg 2"},{"floor":19,"key":"Red Mask"},{"floor":26,"key":"Strawberry"},{"floor":30,"key":"Juzu Bracelet"},{"floor":40,"key":"Whetstone"},{"floor":43,"key":"Letter Opener"},{"floor":45,"key":"Oddly Smooth Stone"}],"event_choices":[{"damage_healed":0,"gold_gain":0,"player_choice":"Donut","damage_taken":0,"max_hp_gain":5,"max_hp_loss":0,"event_name":"Big Fish","floor":4,"gold_loss":0},{"damage_healed":0,"gold_gain":0,"player_choice":"Lose Max HP","damage_taken":0,"relics_obtained":["Golden Idol"],"max_hp_gain":0,"max_hp_loss":6,"event_name":"Golden Idol","floor":11,"gold_loss":0},{"damage_healed":0,"gold_gain":75,"player_choice":"Gather Gold","damage_taken":11,"max_hp_gain":0,"max_hp_loss":0,"event_name":"World of Goop","floor":14,"gold_loss":0},{"damage_healed":0,"gold_gain":0,"player_choice":"Fought Bandits","damage_taken":0,"max_hp_gain":0,"max_hp_loss":0,"event_name":"Masked Bandits","floor":19,"gold_loss":0},{"damage_healed":0,"gold_gain":75,"player_choice":"Touch","damage_taken":7,"max_hp_gain":0,"max_hp_loss":0,"event_name":"FaceTrader","floor":20,"gold_loss":0},{"damage_healed":0,"gold_gain":0,"player_choice":"Upgraded","damage_taken":0,"max_hp_gain":0,"max_hp_loss":0,"event_name":"Upgrade Shrine","floor":36,"gold_loss":0,"cards_upgraded":["Defend_R"]},{"damage_healed":0,"gold_gain":0,"player_choice":"Got Potions","damage_taken":0,"max_hp_gain":0,"max_hp_loss":0,"event_name":"Lab","floor":41,"gold_loss":0},{"damage_healed":0,"gold_gain":0,"player_choice":"Max HP","damage_taken":0,"max_hp_gain":0,"max_hp_loss":4,"event_name":"Winding Halls","floor":47,"gold_loss":0}],"is_beta":false,"boss_relics":[{"not_picked":["Pandora\u0027s Box","Calling Bell"],"picked":"Mark of Pain"},{"not_picked":["Runic Dome","Black Blood"],"picked":"Sozu"}],"items_purged_floors":[25],"is_endless":false,"potions_floor_spawned":[1,3,5,10,12,19,21,24,31,40],"ascension_level":12}