{"path_per_floor":["M","M","?","$","?","E","R","E","T","R","E","R","M","M","R","B",null,"M","M","$","M","?","E","T","?","T","R","E","R","?","M","R","B",null,"M","$","?","$","?","R","E","R","T","E","M","E","?","E","R"],"character_chosen":"IRONCLAD","items_purchased":["Vajra","Meat on the Bone","Flex","Anchor"],"gold_per_floor":[110,123,298,74,74,132,132,158,158,158,189,189,201,216,216,311,311,325,335,45,57,57,87,87,87,158,158,184,184,184,203,203,299,299,319,61,61,11,363,363,396,396,396,426,446,476,476,501,501],"floor_reached":50,"campfire_rested":0,"playtime":5134,"current_hp_per_floor":[80,80,80,80,80,80,80,58,58,58,54,54,62,70,70,32,68,76,56,56,53,53,40,40,40,40,40,34,34,34,54,54,54,79,56,56,56,56,57,57,67,67,67,74,86,87,87,87,87],"items_purged":["Doubt","Defend_R","Defend_R","Strike_R"],"gold":501,"score":788,"play_id":"b957f4e2-fcc7-4cd8-b613-76cfa1859ce1","is_prod":false,"is_daily":false,"is_ascension_mode":true,"campfire_upgraded":10,"path_taken":["M","M","?","$","?","E","R","E","T","R","E","R","M","M","R","BOSS","M","M","$","M","?","E","?","?","T","R","E","R","?","M","R","BOSS","M","$","?","$","?","R","E","R","T","E","?","E","?","E","R","BOSS"],"build_version":"2018-02-15-PROD1","purchased_purges":5,"victory":false,"master_deck":["Strike_R+1","Strike_R+1","Strike_R+1","Strike_R+1","Defend_R+1","Defend_R+1","Bash+1","Twin Strike+1","Shrug It Off","Bludgeon+1","Whirlwind+1","Limit Break+1","Clash+1","Havoc+1","Clash+1","Battle Trance+1","Reaper","Inflame+1","Flex+1","Flex+1","Pummel+1","Pummel+1","Heavy Blade+1"],"max_hp_per_floor":[80,80,80,80,80,80,80,80,80,80,80,80,80,80,80,80,80,80,80,80,80,80,87,87,87,87,87,87,87,87,87,87,87,87,87,87,87,87,87,87,87,87,87,87,87,87,87,87,87],"relics":["Black Blood","NeowsBlessing","Vajra","Tiny Chest","Blood Vial","Frozen Eye","Smiling Mask","Sozu","Meat on the Bone","Strawberry","Charon\u0027s Ashes","Shuriken","Bag of Preparation","Anchor","Old Coin","Molten Egg 2","Pen Nib","Bronze Scales","Ancient Tea Set","Prayer Wheel"],"card_choices":[{"not_picked":["Combust","Anger"],"picked":"Twin Strike"},{"not_picked":["Twin Strike","Headbutt"],"picked":"Metallicize"},{"not_picked":["Twin Strike","Hemokinesis"],"picked":"Bludgeon"},{"not_picked":["Shrug It Off","Cleave"],"picked":"Whirlwind"},{"not_picked":["Feed","Reaper"],"picked":"Limit Break"},{"not_picked":["Anger","Infernal Blade"],"picked":"Clash"},{"not_picked":["Perfected Strike","Warcry"],"picked":"Havoc"},{"not_picked":["Uppercut","Hemokinesis"],"picked":"Clash"},{"not_picked":["Berserk","Shockwave"],"picked":"Reaper"},{"not_picked":["Pommel Strike","Cleave"],"picked":"Inflame"},{"not_picked":["Twin Strike","Havoc"],"picked":"Flex"},{"not_picked":["Thunderclap","Bludgeon"],"picked":"Pummel"},{"not_picked":["Heavy Blade","Twin Strike"],"picked":"Pummel"},{"not_picked":["Anger","Searing Blow"],"picked":"Heavy Blade"}],"player_experience":173586,"potions_floor_usage":[11,16,16],"damage_taken":[{"damage":0,"enemies":"Small Slimes","floor":1,"turns":1},{"damage":0,"enemies":"Jaw Worm","floor":2,"turns":1},{"damage":0,"enemies":"3 Sentries","floor":6,"turns":2},{"damage":28,"enemies":"Gremlin Nob","floor":8,"turns":5},{"damage":12,"enemies":"Lagavulin","floor":11,"turns":3},{"damage":0,"enemies":"Cultist","floor":13,"turns":2},{"damage":0,"enemies":"Large Slime","floor":14,"turns":3},{"damage":46,"enemies":"Hexaghost","floor":16,"turns":7},{"damage":0,"enemies":"Chosen","floor":18,"turns":2},{"damage":28,"enemies":"Shell Parasite","floor":19,"turns":4},{"damage":11,"enemies":"Snake Plant","floor":21,"turns":2},{"damage":40,"enemies":"Slavers","floor":23,"turns":5},{"damage":26,"enemies":"Book of Stabbing","floor":28,"turns":4},{"damage":0,"enemies":"Sentry and Sphere","floor":31,"turns":2},{"damage":20,"enemies":"Automaton","floor":33,"turns":6},{"damage":48,"enemies":"3 Shapes","floor":35,"turns":3},{"damage":35,"enemies":"Mysterious Sphere","floor":39,"turns":3},{"damage":42,"enemies":"2 Orb Walkers","floor":41,"turns":3},{"damage":5,"enemies":"Giant Head","floor":44,"turns":4},{"damage":0,"enemies":"Orb Walker","floor":45,"turns":1},{"damage":6,"enemies":"2 Orb Walkers","floor":46,"turns":3},{"damage":5,"enemies":"Giant Head","floor":48,"turns":4},{"damage":93,"enemies":"Time Eater","floor":50,"turns":4}],"event_choices":[{"event_name":"Liars Game","player_choice":"agreed","floor":3,"damage_taken":0},{"event_name":"Match and Keep!","player_choice":"1 cards matched","floor":5,"damage_taken":0},{"event_name":"Back to Basics","player_choice":"Simplicity","floor":22,"damage_taken":0},{"event_name":"The Library","player_choice":"Read","floor":25,"damage_taken":0},{"event_name":"Upgrade Shrine","player_choice":"Upgraded","floor":30,"damage_taken":0},{"event_name":"Mysterious Sphere","player_choice":"Fight","floor":39,"damage_taken":0},{"event_name":"Wheel of Change","player_choice":"Full Heal","floor":47,"damage_taken":0}],"boss_relics":[{"not_picked":["Eternal Feather","Ectoplasm"],"picked":"Sozu"},{"not_picked":["Snecko Eye","Mark of Pain"],"picked":"Black Blood"}],"potions_floor_spawned":[6,11,14,16,19,21,31,35,41,46],"seed_played":"3141509458731482611","killed_by":"Time Eater","ascension_level":5,"is_trial":false}