{"gold_per_floor":[109,109,121,71,71,71,85,85,85,85,95,109,137,154,154,258,258,278,292,292,312,330,330,362,362,362,373,388,404,15,33,33,136,186,197,197,197,214,114,148,148,148,148,159,171,198,198,209,209,209,209,209,36,64,64],"floor_reached":56,"playtime":3666,"items_purged":["Strike_B","Strike_B"],"score":1408,"play_id":"0d093b88-c6cf-45d3-8ff5-24915ce0116b","local_time":"20190217113804","is_ascension_mode":false,"campfire_choices":[{"data":"Zap","floor":6,"key":"SMITH"},{"data":"Hologram","floor":10,"key":"SMITH"},{"data":"Hologram","floor":15,"key":"SMITH"},{"floor":23,"key":"RECALL"},{"data":"Dualcast","floor":25,"key":"SMITH"},{"data":"Fission","floor":32,"key":"SMITH"},{"data":"Reboot","floor":41,"key":"SMITH"},{"data":"Beam Cell","floor":47,"key":"SMITH"},{"data":"Go for the Eyes","floor":49,"key":"SMITH"},{"data":"Defend_B","floor":52,"key":"SMITH"}],"neow_cost":"NONE","seed_source_timestamp":1545236242724,"circlet_count":0,"master_deck":["Strike_B","Defend_B+1","Defend_B","Zap+1","Dualcast+1","Self Repair","Hologram+1","Gash","Hologram+1","Go for the Eyes+1","Beam Cell+1","Reboot+1","Recycle+1","Gash","Gash+1","Steam+1","Gash+1","Chill","Gash","Fission+1","Beam Cell+1","BootSequence+1","Chill+1","Panache"],"relics":["Cracked Core","Darkstone Periapt","Unceasing Top","Nuclear Battery","Matryoshka","Blood Vial","War Paint","Potion Belt","Bag of Preparation","Tiny House","Lantern","Meat on the Bone","DataDisk","Dodecahedron","Pantograph","Du-Vu Doll"],"potions_floor_usage":[12,13,13,16,55,55,55,55,55,55,55,55,55,55],"damage_taken":[{"damage":0,"enemies":"Small Slimes","floor":1,"turns":4},{"damage":5,"enemies":"Cultist","floor":3,"turns":4},{"damage":4,"enemies":"2 Louse","floor":7,"turns":2},{"damage":2,"enemies":"Blue Slaver","floor":11,"turns":3},{"damage":16,"enemies":"Lots of Slimes","floor":12,"turns":4},{"damage":8,"enemies":"Gremlin Nob","floor":13,"turns":3},{"damage":13,"enemies":"Exordium Wildlife","floor":14,"turns":5},{"damage":37,"enemies":"Slime Boss","floor":16,"turns":11},{"damage":0,"enemies":"Shell Parasite","floor":18,"turns":4},{"damage":0,"enemies":"Chosen","floor":19,"turns":3},{"damage":24,"enemies":"Snecko","floor":21,"turns":5},{"damage":0,"enemies":"Centurion and Healer","floor":22,"turns":2},{"damage":0,"enemies":"Gremlin Leader","floor":24,"turns":2},{"damage":0,"enemies":"Snake Plant","floor":27,"turns":2},{"damage":0,"enemies":"3 Cultists","floor":28,"turns":2},{"damage":0,"enemies":"Chosen and Byrds","floor":29,"turns":1},{"damage":0,"enemies":"Snake Plant","floor":31,"turns":1},{"damage":0,"enemies":"Collector","floor":33,"turns":3},{"damage":0,"enemies":"3 Darklings","floor":35,"turns":2},{"damage":0,"enemies":"Orb Walker","floor":38,"turns":1},{"damage":0,"enemies":"Nemesis","floor":40,"turns":1},{"damage":0,"enemies":"3 Darklings","floor":44,"turns":1},{"damage":0,"enemies":"Maw","floor":45,"turns":1},{"damage":0,"enemies":"Reptomancer","floor":46,"turns":1},{"damage":0,"enemies":"Spire Growth","floor":48,"turns":1},{"damage":0,"enemies":"Awakened One","floor":50,"turns":4},{"damage":0,"enemies":"Shield and Spear","floor":54,"turns":1},{"damage":67,"enemies":"The Heart","floor":55,"turns":4}],"seed_played":"827690931829647818","potions_obtained":[{"floor":0,"key":"SpeedPotion"},{"floor":0,"key":"Ancient Potion"},{"floor":0,"key":"Swift Potion"},{"floor":12,"key":"GamblersBrew"},{"floor":16,"key":"Poison Potion"},{"floor":19,"key":"Explosive Potion"},{"floor":21,"key":"EntropicBrew"},{"floor":27,"key":"GamblersBrew"},{"floor":31,"key":"AttackPotion"},{"floor":33,"key":"GamblersBrew"},{"floor":40,"key":"Strength Potion"}],"is_trial":false,"path_per_floor":["M","?","M","?","?","R","M","T","T","R","M","M","E","M","R","B",null,"M","M","?","M","M","R","E","R","T","M","M","M","$","M","R","B",null,"M","?","T","M","$","E","R","?","T","M","M","E","R","M","R","B",null,"R","$","E","B",null],"character_chosen":"DEFECT","items_purchased":["Potion Belt","Bag of Preparation","Panache"],"campfire_rested":0,"item_purchase_floors":[30,30,53],"current_hp_per_floor":[75,75,75,75,75,75,75,75,75,75,75,66,58,52,52,22,75,75,75,75,58,58,58,65,65,65,74,75,75,75,75,75,75,80,80,80,80,80,80,80,80,80,80,80,80,80,80,80,80,80,80,80,80,80,32],"gold":64,"neow_bonus":"THREE_SMALL_POTIONS","is_prod":false,"is_daily":false,"chose_seed":false,"campfire_upgraded":9,"win_rate":0,"timestamp":1550403484,"path_taken":["M","?","?","?","?","R","M","?","T","R","M","?","E","?","R","BOSS","M","M","?","M","M","R","E","R","T","M","M","M","$","M","R","BOSS","M","?","?","M","$","E","R","?","T","M","M","E","R","?","R","BOSS","R","$","E","BOSS"],"build_version":"2019-01-23","purchased_purges":2,"victory":true,"max_hp_per_floor":[75,75,75,75,75,75,75,75,75,75,75,75,75,75,75,75,75,75,75,75,75,75,75,75,75,75,75,75,75,75,75,75,75,80,80,80,80,80,80,80,80,80,80,80,80,80,80,80,80,80,80,80,80,80,80],"card_choices":[{"not_picked":["Leap","Coolheaded"],"picked":"Self Repair","floor":1},{"not_picked":["Turbo","Doom and Gloom"],"picked":"Hologram","floor":3},{"not_picked":["Compile Driver","Barrage","Hologram"],"picked":"SKIP","floor":7},{"not_picked":["Beam Cell","Storm"],"picked":"Gash","floor":11},{"not_picked":["Steam","Skim"],"picked":"Hologram","floor":12},{"not_picked":["Electrodynamics","Steam"],"picked":"Go for the Eyes","floor":13},{"not_picked":["Leap","Barrage"],"picked":"Beam Cell","floor":14},{"not_picked":["Rainbow","Fission"],"picked":"Reboot","floor":16},{"not_picked":["Chaos","Leap"],"picked":"Recycle+1","floor":18},{"not_picked":["Defragment","Capacitor"],"picked":"Gash","floor":19},{"not_picked":["Sweeping Beam","Rebound"],"picked":"Gash+1","floor":21},{"not_picked":["Ball Lightning","Steam Power","Turbo+1"],"picked":"SKIP","floor":22},{"not_picked":["Ball Lightning","Melter"],"picked":"Steam","floor":24},{"not_picked":["Sweeping Beam+1","BootSequence+1"],"picked":"Gash+1","floor":27},{"not_picked":["Doom and Gloom","Lockon"],"picked":"Chill","floor":28},{"not_picked":["Steam","Cold Snap"],"picked":"Gash","floor":29},{"not_picked":["Cold Snap","Chaos"],"picked":"Fission","floor":31},{"not_picked":["Redo","Ball Lightning"],"picked":"Beam Cell","floor":34},{"not_picked":["Turbo+1","Chaos","Compile Driver+1"],"picked":"SKIP","floor":35},{"not_picked":["Steam Power","Recycle","Rebound+1"],"picked":"SKIP","floor":38},{"not_picked":["Force Field+1","Hello World"],"picked":"BootSequence+1","floor":40},{"not_picked":["Go for the Eyes","FTL"],"picked":"Chill+1","floor":44},{"not_picked":["Turbo+1","Capacitor","Doom and Gloom+1"],"picked":"SKIP","floor":45},{"not_picked":["Capacitor","BootSequence","Sweeping Beam+1"],"picked":"SKIP","floor":46},{"not_picked":["Rebound+1","Compile Driver","Reinforced Body+1"],"picked":"SKIP","floor":48},{"not_picked":["Thunder Strike","Stack+1","Streamline+1"],"picked":"SKIP","floor":54}],"player_experience":460173,"relics_obtained":[{"floor":9,"key":"Darkstone Periapt"},{"floor":13,"key":"Unceasing Top"},{"floor":24,"key":"Matryoshka"},{"floor":26,"key":"Blood Vial"},{"floor":26,"key":"War Paint"},{"floor":37,"key":"Lantern"},{"floor":37,"key":"Meat on the Bone"},{"floor":40,"key":"DataDisk"},{"floor":43,"key":"Dodecahedron"},{"floor":46,"key":"Pantograph"},{"floor":54,"key":"Du-Vu Doll"}],"event_choices":[{"cards_removed":["Strike_B"],"damage_healed":0,"gold_gain":0,"player_choice":"Offered Basic","damage_taken":0,"max_hp_gain":0,"max_hp_loss":0,"event_name":"Bonfire Elementals","floor":2,"gold_loss":0},{"cards_removed":["Defend_B"],"damage_healed":0,"gold_gain":0,"player_choice":"Card Removal","damage_taken":0,"max_hp_gain":0,"max_hp_loss":0,"event_name":"The Cleric","floor":4,"gold_loss":50},{"damage_healed":0,"gold_gain":0,"player_choice":"Ignored","damage_taken":0,"max_hp_gain":0,"max_hp_loss":0,"event_name":"Liars Game","floor":5,"gold_loss":0},{"damage_healed":0,"gold_gain":0,"player_choice":"Ignored","damage_taken":0,"max_hp_gain":0,"max_hp_loss":0,"event_name":"Vampires","floor":20,"gold_loss":0},{"cards_removed":["Defend_B"],"damage_healed":0,"gold_gain":0,"player_choice":"Removed Skill","damage_taken":0,"max_hp_gain":0,"max_hp_loss":0,"event_name":"Falling","floor":36,"gold_loss":0},{"damage_healed":0,"gold_gain":0,"player_choice":"Ignored","damage_taken":0,"max_hp_gain":0,"max_hp_loss":0,"event_name":"SecretPortal","floor":42,"gold_loss":0}],"is_beta":false,"boss_relics":[{"not_picked":["Orrery","Fusion Hammer"],"picked":"Nuclear Battery"},{"not_picked":["Eternal Feather","Philosopher\u0027s Stone"],"picked":"Tiny House"}],"items_purged_floors":[30,39],"is_endless":false,"potions_floor_spawned":[11,12,16,19,21,27,31,33,40,48],"ascension_level":0}