{"gold_per_floor":[113,113,113,113,129,148,161,186,186,156,156],"floor_reached":11,"playtime":530,"items_purged":[],"score":73,"play_id":"a4de25ca-128c-45af-b31f-b7ac1f90919e","local_time":"20190226232434","is_ascension_mode":false,"campfire_choices":[],"neow_cost":"NONE","seed_source_timestamp":424564690105959,"circlet_count":0,"master_deck":["Defend_G","Defend_G","Defend_G","Defend_G","Defend_G","Strike_G","Strike_G","Strike_G","Strike_G","Strike_G","Survivor","Neutralize","Outmaneuver","Prepared","Deadly Poison","Grand Finale","Tactician","Leg Sweep"],"relics":["Eternal Feather"],"potions_floor_usage":[11,11],"damage_taken":[{"damage":0,"enemies":"2 Louse","floor":1,"turns":4},{"damage":0,"enemies":"Jaw Worm","floor":5,"turns":6},{"damage":5,"enemies":"Cultist","floor":6,"turns":6},{"damage":4,"enemies":"2 Fungi Beasts","floor":7,"turns":4},{"damage":58,"enemies":"3 Sentries","floor":8,"turns":16},{"damage":0,"enemies":"Looter","floor":10,"turns":4},{"damage":16,"enemies":"Gremlin Gang","floor":11,"turns":3}],"seed_played":"6174195493399896628","potions_obtained":[{"floor":6,"key":"Strength Potion"},{"floor":8,"key":"PowerPotion"}],"is_trial":false,"path_per_floor":["M","?","?","?","M","M","M","E","T","M","M"],"character_chosen":"THE_SILENT","items_purchased":[],"campfire_rested":0,"item_purchase_floors":[],"current_hp_per_floor":[70,70,70,70,70,65,61,3,3,3,0],"gold":156,"neow_bonus":"BOSS_RELIC","is_prod":false,"is_daily":false,"chose_seed":false,"campfire_upgraded":0,"win_rate":0,"timestamp":1551223474,"path_taken":["M","?","?","?","M","?","M","E","T","M","M"],"build_version":"2019-01-23","purchased_purges":0,"victory":false,"max_hp_per_floor":[70,70,70,70,70,70,70,70,70,70,70],"card_choices":[{"not_picked":["Concentrate","Backflip"],"picked":"Outmaneuver","floor":1},{"not_picked":["Calculated Gamble","Bane"],"picked":"Prepared","floor":5},{"not_picked":["Predator","Sucker Punch"],"picked":"Deadly Poison","floor":6},{"not_picked":["Outmaneuver","Setup"],"picked":"Grand Finale","floor":7},{"not_picked":["Outmaneuver","Underhanded Strike"],"picked":"Tactician","floor":8},{"not_picked":["Flechettes","Prepared"],"picked":"Leg Sweep","floor":10}],"player_experience":514338,"relics_obtained":[],"event_choices":[{"damage_healed":0,"gold_gain":0,"player_choice":"Ignored","damage_taken":0,"max_hp_gain":0,"max_hp_loss":0,"event_name":"Golden Idol","floor":2,"gold_loss":0},{"damage_healed":0,"gold_gain":0,"player_choice":"Fled","damage_taken":0,"max_hp_gain":0,"max_hp_loss":0,"event_name":"Scrap Ooze","floor":3,"gold_loss":0},{"damage_healed":0,"gold_gain":0,"player_choice":"Relic","damage_taken":0,"max_hp_gain":0,"max_hp_loss":0,"event_name":"Wheel of Change","floor":4,"gold_loss":0}],"is_beta":false,"boss_relics":[],"items_purged_floors":[],"is_endless":false,"potions_floor_spawned":[6,8],"killed_by":"Gremlin Gang","ascension_level":0}