{"gold_per_floor":[112,187,201,201,221,221,252,263,263,283,283,44,107,107,107,107],"floor_reached":16,"playtime":4335,"items_purged":[],"score":180,"play_id":"da7197ad-ce48-4efc-9345-c74cbace5c12","local_time":"20190316195525","is_ascension_mode":true,"campfire_choices":[{"data":"Bash","floor":6,"key":"SMITH"},{"data":"Searing Blow","floor":11,"key":"SMITH"},{"floor":15,"key":"REST"}],"neow_cost":"NONE","seed_source_timestamp":333528926625919,"circlet_count":0,"master_deck":["AscendersBane","Strike_R","Strike_R","Strike_R","Strike_R","Strike_R","Defend_R","Defend_R","Defend_R","Defend_R","Bash+1","Shrug It Off","Searing Blow+1","Corruption","Flame Barrier+1"],"relics":["Burning Blood","Shovel","Dodecahedron","Toxic Egg 2","Meat on the Bone"],"potions_floor_usage":[7,13,13,14,16],"damage_taken":[{"damage":5,"enemies":"2 Louse","floor":1,"turns":3},{"damage":10,"enemies":"Jaw Worm","floor":3,"turns":4},{"damage":1,"enemies":"Cultist","floor":5,"turns":4},{"damage":44,"enemies":"3 Sentries","floor":7,"turns":10},{"damage":11,"enemies":"Blue Slaver","floor":8,"turns":6},{"damage":9,"enemies":"2 Fungi Beasts","floor":10,"turns":4},{"damage":38,"enemies":"Lagavulin Event","floor":13,"turns":6},{"damage":45,"enemies":"Hexaghost","floor":16,"turns":9}],"seed_played":"8284870706812466421","potions_obtained":[{"floor":1,"key":"LiquidBronze"},{"floor":8,"key":"SteroidPotion"},{"floor":10,"key":"BloodPotion"},{"floor":14,"key":"Fruit Juice"},{"floor":14,"key":"Swift Potion"},{"floor":14,"key":"AttackPotion"}],"is_trial":false,"path_per_floor":["M","?","M","?","M","R","E","M","T","M","R","$","?","?","R","B"],"character_chosen":"IRONCLAD","items_purchased":["Toxic Egg 2"],"campfire_rested":1,"item_purchase_floors":[12],"current_hp_per_floor":[81,70,66,71,76,76,38,33,33,30,30,30,7,12,41,0],"gold":107,"neow_bonus":"TEN_PERCENT_HP_BONUS","is_prod":false,"is_daily":false,"chose_seed":false,"campfire_upgraded":2,"win_rate":0,"timestamp":1552766125,"path_taken":["M","?","M","?","M","R","E","M","T","?","R","$","?","?","R","BOSS"],"build_version":"2019-01-23","purchased_purges":0,"victory":false,"max_hp_per_floor":[88,88,88,93,93,93,93,93,93,93,93,93,93,98,98,98],"card_choices":[{"not_picked":["Combust","Clash"],"picked":"Shrug It Off","floor":1},{"not_picked":["Headbutt","Combust"],"picked":"Searing Blow","floor":3},{"not_picked":["Power Through","Rupture","Sword Boomerang"],"picked":"SKIP","floor":5},{"not_picked":["Wild Strike","Seeing Red"],"picked":"Corruption","floor":7},{"not_picked":["Wild Strike","Heavy Blade","Anger"],"picked":"SKIP","floor":8},{"not_picked":["Flex","Entrench","Sword Boomerang"],"picked":"SKIP","floor":10},{"not_picked":["Headbutt","Burning Pact+1"],"picked":"Flame Barrier+1","floor":13}],"player_experience":640334,"relics_obtained":[{"floor":7,"key":"Shovel"},{"floor":9,"key":"Dodecahedron"},{"floor":13,"key":"Meat on the Bone"}],"event_choices":[{"damage_healed":0,"gold_gain":75,"player_choice":"Gather Gold","damage_taken":11,"max_hp_gain":0,"max_hp_loss":0,"event_name":"World of Goop","floor":2,"gold_loss":0},{"damage_healed":0,"gold_gain":0,"player_choice":"Donut","damage_taken":0,"max_hp_gain":5,"max_hp_loss":0,"event_name":"Big Fish","floor":4,"gold_loss":0},{"damage_healed":0,"gold_gain":30,"player_choice":"Searched \u00272\u0027 times","damage_taken":0,"max_hp_gain":0,"max_hp_loss":0,"event_name":"Dead Adventurer","floor":13,"gold_loss":0},{"damage_healed":0,"gold_gain":0,"player_choice":"Got Potions","damage_taken":0,"max_hp_gain":0,"max_hp_loss":0,"event_name":"Lab","floor":14,"gold_loss":0}],"is_beta":false,"boss_relics":[],"items_purged_floors":[],"is_endless":false,"potions_floor_spawned":[1,8,10],"killed_by":"Hexaghost","ascension_level":11}