{"gold_per_floor":[119,137,156,168,185,215,278,307,307,338,349,368,394,394,394,496,496,508,88,108,108,108,108,126,126,126,157,174,194,194,227,227,327,327,338,238,250,250,300,327,327,342,342,359,372,407,426,444,444,444],"floor_reached":51,"playtime":4888,"items_purged":["Strike_R","Strike_R"],"score":1239,"play_id":"abca7afc-da0c-40f8-b281-82bce2ef12ee","local_time":"20190317015004","is_ascension_mode":true,"campfire_choices":[{"data":"Shrug It Off","floor":15,"key":"SMITH"},{"data":"Demon Form","floor":23,"key":"SMITH"},{"data":"Combust","floor":30,"key":"SMITH"},{"data":"Bash","floor":32,"key":"SMITH"},{"data":"Heavy Blade","floor":41,"key":"SMITH"},{"data":"Limit Break","floor":49,"key":"SMITH"}],"neow_cost":"NONE","seed_source_timestamp":354246093254755,"circlet_count":0,"master_deck":["AscendersBane","Strike_R","Strike_R","Strike_R","Defend_R","Defend_R","Defend_R","Defend_R","Bash+1","Bludgeon","Anger","Inflame","Pommel Strike","Shrug It Off+1","Feel No Pain","Feel No Pain","Corruption","Body Slam","Metallicize","Armaments+1","Fiend Fire","Demon Form+1","Heavy Blade+1","Combust+1","Shrug It Off","Havoc+1","Shrug It Off","Pummel","Ghostly Armor","Reaper","Limit Break+1","True Grit+1","Sword Boomerang+1","Warcry+1","Armaments+1","Disarm+1","Body Slam+1","Armaments+1","Pommel Strike+1"],"relics":["Burning Blood","Calipers","Orichalcum","Question Card","Ginger","Bird Faced Urn","Meat on the Bone","Velvet Choker","Bottled Tornado","MutagenicStrength","Dodecahedron","Anchor","Pantograph","Runic Cube","Torii","Ancient Tea Set","Singing Bowl","Pear"],"potions_floor_usage":[6,10,12,16,24,27,31,39,40,47,50],"damage_taken":[{"damage":0,"enemies":"Cultist","floor":1,"turns":2},{"damage":0,"enemies":"Small Slimes","floor":2,"turns":2},{"damage":2,"enemies":"2 Louse","floor":3,"turns":2},{"damage":50,"enemies":"Gremlin Gang","floor":4,"turns":7},{"damage":7,"enemies":"2 Fungi Beasts","floor":5,"turns":4},{"damage":17,"enemies":"Lagavulin","floor":6,"turns":5},{"damage":18,"enemies":"Gremlin Nob","floor":7,"turns":4},{"damage":20,"enemies":"Gremlin Nob","floor":8,"turns":4},{"damage":0,"enemies":"Lagavulin","floor":10,"turns":6},{"damage":7,"enemies":"Blue Slaver","floor":11,"turns":4},{"damage":0,"enemies":"3 Louse","floor":12,"turns":1},{"damage":9,"enemies":"3 Sentries","floor":13,"turns":9},{"damage":4,"enemies":"Hexaghost","floor":16,"turns":10},{"damage":16,"enemies":"Spheric Guardian","floor":18,"turns":6},{"damage":9,"enemies":"Shell Parasite","floor":20,"turns":6},{"damage":35,"enemies":"Snake Plant","floor":24,"turns":5},{"damage":45,"enemies":"Slavers","floor":27,"turns":5},{"damage":0,"enemies":"Cultist and Chosen","floor":28,"turns":6},{"damage":4,"enemies":"Sentry and Sphere","floor":29,"turns":7},{"damage":38,"enemies":"Gremlin Leader","floor":31,"turns":7},{"damage":48,"enemies":"Automaton","floor":33,"turns":7},{"damage":29,"enemies":"3 Darklings","floor":35,"turns":5},{"damage":11,"enemies":"Orb Walker","floor":37,"turns":4},{"damage":32,"enemies":"2 Orb Walkers","floor":39,"turns":6},{"damage":64,"enemies":"Giant Head","floor":40,"turns":9},{"damage":18,"enemies":"Writhing Mass","floor":42,"turns":7},{"damage":15,"enemies":"3 Darklings","floor":44,"turns":6},{"damage":24,"enemies":"Sphere and 2 Shapes","floor":45,"turns":10},{"damage":48,"enemies":"Reptomancer","floor":46,"turns":8},{"damage":26,"enemies":"Jaw Worm Horde","floor":47,"turns":5},{"damage":19,"enemies":"Spire Growth","floor":48,"turns":6},{"damage":68,"enemies":"Awakened One","floor":50,"turns":15}],"seed_played":"831456231664090621","potions_obtained":[{"floor":1,"key":"Weak Potion"},{"floor":2,"key":"LiquidBronze"},{"floor":6,"key":"FairyPotion"},{"floor":8,"key":"Strength Potion"},{"floor":10,"key":"Explosive Potion"},{"floor":12,"key":"SpeedPotion"},{"floor":20,"key":"LiquidBronze"},{"floor":24,"key":"Poison Potion"},{"floor":31,"key":"Weak Potion"},{"floor":35,"key":"Dexterity Potion"},{"floor":45,"key":"SneckoOil"},{"floor":46,"key":"SteroidPotion"}],"is_trial":false,"path_per_floor":["M","M","M","M","M","E","?","E","T","E","M","M","E","?","R","B",null,"M","$","M","?","?","R","M","?","T","E","M","M","R","E","R","B",null,"M","$","M","?","?","E","R","M","T","M","M","E","M","M","R","B",null],"character_chosen":"IRONCLAD","items_purchased":["Bottled Tornado","Combust","Shrug It Off"],"campfire_rested":0,"item_purchase_floors":[19,19,19],"current_hp_per_floor":[78,80,80,36,35,24,12,14,14,20,25,31,38,38,38,50,73,74,74,80,80,80,80,61,61,61,48,64,80,80,56,56,62,76,63,63,68,68,74,36,36,53,53,74,76,71,67,66,66,51],"gold":444,"neow_bonus":"ONE_RANDOM_RARE_CARD","is_prod":false,"is_daily":false,"chose_seed":false,"campfire_upgraded":6,"win_rate":0,"timestamp":1552787404,"path_taken":["M","M","M","?","M","E","?","E","T","E","M","M","E","?","R","BOSS","M","$","?","?","?","R","M","?","T","E","M","M","R","E","R","BOSS","M","$","M","?","?","E","R","M","T","M","M","E","M","M","R","BOSS"],"build_version":"2019-01-23","purchased_purges":2,"victory":true,"max_hp_per_floor":[80,80,80,80,80,80,80,80,80,80,80,80,80,80,80,80,80,80,80,80,80,80,80,80,80,80,80,80,80,80,80,80,80,80,80,80,80,76,76,76,76,76,76,76,76,86,86,86,86,86],"card_choices":[{"not_picked":["Pommel Strike","Warcry"],"picked":"Anger","floor":1},{"not_picked":["Pummel","Perfected Strike"],"picked":"Inflame","floor":2},{"not_picked":["Fire Breathing","Dropkick","Bloodletting"],"picked":"SKIP","floor":3},{"not_picked":["Searing Blow","Heavy Blade"],"picked":"Pommel Strike","floor":4},{"not_picked":["Wild Strike","Infernal Blade"],"picked":"Shrug It Off","floor":5},{"not_picked":["Anger","Wild Strike"],"picked":"Feel No Pain","floor":6},{"not_picked":["Seeing Red","Power Through"],"picked":"Feel No Pain","floor":7},{"not_picked":["Battle Trance","Dark Embrace"],"picked":"Corruption","floor":8},{"not_picked":["True Grit","Heavy Blade","Headbutt"],"picked":"Body Slam","floor":10},{"not_picked":["Anger","Sword Boomerang","Thunderclap"],"picked":"Metallicize","floor":11},{"not_picked":["Entrench","Headbutt","Clothesline"],"picked":"Armaments","floor":12},{"not_picked":["Armaments","Sentinel","Clash"],"picked":"Fiend Fire","floor":13},{"not_picked":["Double Tap","Reaper","Brutality"],"picked":"Demon Form","floor":16},{"not_picked":["Burning Pact","Rampage","Feel No Pain"],"picked":"Heavy Blade","floor":18},{"not_picked":["Dual Wield+1","Thunderclap+1","Armaments"],"picked":"Havoc+1","floor":20},{"not_picked":["Searing Blow","Bloodletting","Clothesline"],"picked":"Shrug It Off","floor":24},{"not_picked":["Twin Strike","Clash","Reckless Charge+1"],"picked":"Pummel","floor":27},{"not_picked":["Hemokinesis","Clash+1","Dropkick"],"picked":"Ghostly Armor","floor":28},{"not_picked":["Perfected Strike","Armaments","Ghostly Armor","Burning Pact+1"],"picked":"SKIP","floor":29},{"not_picked":["Intimidate","Dropkick","Power Through"],"picked":"Reaper","floor":31},{"not_picked":["Feed","Exhume","Demon Form"],"picked":"Limit Break","floor":33},{"not_picked":["Armaments","Twin Strike+1","Demon Form"],"picked":"True Grit+1","floor":35},{"not_picked":["Bloodletting+1","Wild Strike+1","Body Slam","Havoc"],"picked":"SKIP","floor":37},{"not_picked":["Burning Pact","Thunderclap+1","Pummel+1"],"picked":"Sword Boomerang+1","floor":39},{"not_picked":["Flex","Wild Strike","Twin Strike+1"],"picked":"Warcry+1","floor":40},{"not_picked":["Wild Strike+1","Clash+1","Clothesline+1","Perfected Strike+1"],"picked":"SKIP","floor":42},{"not_picked":["Shrug It Off","Sword Boomerang","Rupture+1"],"picked":"Armaments+1","floor":44},{"not_picked":["Second Wind+1","Rage","Entrench+1"],"picked":"Disarm+1","floor":45},{"not_picked":["Immolate","Warcry","Fiend Fire"],"picked":"Body Slam+1","floor":46},{"not_picked":["Thunderclap","Flex","Evolve+1"],"picked":"Armaments+1","floor":47},{"not_picked":["Pummel+1","Clash+1","Thunderclap+1"],"picked":"Pommel Strike+1","floor":48}],"player_experience":645944,"relics_obtained":[{"floor":6,"key":"Calipers"},{"floor":7,"key":"Orichalcum"},{"floor":8,"key":"Question Card"},{"floor":9,"key":"Ginger"},{"floor":10,"key":"Bird Faced Urn"},{"floor":13,"key":"Meat on the Bone"},{"floor":26,"key":"Dodecahedron"},{"floor":27,"key":"Anchor"},{"floor":31,"key":"Pantograph"},{"floor":39,"key":"Torii"},{"floor":40,"key":"Ancient Tea Set"},{"floor":43,"key":"Singing Bowl"},{"floor":46,"key":"Pear"}],"event_choices":[{"damage_healed":0,"gold_gain":0,"player_choice":"Searched \u00271\u0027 times","damage_taken":0,"max_hp_gain":0,"max_hp_loss":0,"event_name":"Dead Adventurer","floor":7,"gold_loss":0},{"damage_healed":0,"gold_gain":0,"player_choice":"Upgraded","damage_taken":0,"max_hp_gain":0,"max_hp_loss":0,"event_name":"Upgrade Shrine","floor":14,"gold_loss":0,"cards_upgraded":["Armaments"]},{"damage_healed":0,"gold_gain":0,"player_choice":"Ignored","damage_taken":0,"max_hp_gain":0,"max_hp_loss":0,"event_name":"Vampires","floor":21,"gold_loss":0},{"damage_healed":0,"gold_gain":0,"player_choice":"Ignored","damage_taken":0,"max_hp_gain":0,"max_hp_loss":0,"event_name":"Ghosts","floor":22,"gold_loss":0},{"damage_healed":0,"gold_gain":0,"player_choice":"Inject Mutagens","damage_taken":0,"relics_obtained":["MutagenicStrength"],"max_hp_gain":0,"max_hp_loss":0,"event_name":"Drug Dealer","floor":25,"gold_loss":0},{"damage_healed":0,"gold_gain":0,"player_choice":"Max HP","damage_taken":0,"max_hp_gain":0,"max_hp_loss":4,"event_name":"Winding Halls","floor":38,"gold_loss":0},{"damage_healed":0,"gold_gain":0,"player_choice":"Fight","damage_taken":0,"max_hp_gain":0,"max_hp_loss":0,"event_name":"Mysterious Sphere","floor":39,"gold_loss":0}],"is_beta":false,"boss_relics":[{"not_picked":["Pandora\u0027s Box","Black Blood"],"picked":"Velvet Choker"},{"not_picked":["White Beast Statue","Eternal Feather"],"picked":"Runic Cube"}],"items_purged_floors":[19,36],"is_endless":false,"potions_floor_spawned":[1,2,6,8,10,12,13,20,24,31,35,45,46],"ascension_level":11}