{"path_per_floor":["M","?","M","?","M","R","E","M","T","R","$","M","M","E","R","B",null,"M","M","M","?","M","R","E","R","T","M","?","E","M","$","R","B",null,"M","M","?","M","M","R","E","?","T","M","M","E","R","M","R"],"character_chosen":"THE_SILENT","items_purchased":["Bane","Backflip","Calculated Gamble","Blood Vial","Regen Potion"],"gold_per_floor":[117,117,133,133,149,149,180,194,194,194,95,112,123,148,148,252,252,270,281,297,397,414,414,448,448,448,464,464,489,504,72,72,172,172,192,210,210,228,239,239,272,0,26,43,53,78,78,91,91],"floor_reached":50,"campfire_rested":6,"playtime":8765,"current_hp_per_floor":[69,69,69,69,69,69,59,55,55,55,55,55,55,41,41,22,70,62,49,17,17,12,48,22,60,60,45,45,27,19,19,60,26,87,71,72,72,74,43,84,55,55,55,35,35,1,42,27,68],"items_purged":["Strike_G","Neutralize"],"gold":91,"play_id":"1ac98e41-586f-4ae1-86ca-dfcec333a6df","is_prod":false,"is_daily":false,"is_ascension_mode":false,"campfire_upgraded":3,"path_taken":["M","?","?","?","M","R","E","M","T","R","$","M","M","E","R","BOSS","M","M","?","?","M","R","E","R","T","M","?","E","?","$","R","BOSS","M","M","?","?","M","R","E","?","T","M","M","E","R","M","R","BOSS"],"build_version":"2018-02-01-PROD3","purchased_purges":3,"victory":false,"master_deck":["Defend_G+1","Defend_G+1","Defend_G+1","Defend_G+1","Defend_G+1","Strike_G+1","Strike_G+1","Strike_G+1","Survivor","All Out Attack+1","Crippling Poison","Noxious Fumes+1","Burst+1","Skewer+1","Bane+1","Heel Hook","Bane","Terror","Riddle With Holes+1","Tools of the Trade","Footwork+1","Outmaneuver+1","Quick Slash","Predator","Backflip","Calculated Gamble","Malaise+1","Flying Knee+1","Dagger Spray+1","Footwork","Well Laid Plans","Deflect+1","Acrobatics+1"],"max_hp_per_floor":[70,70,70,70,70,70,70,70,70,70,70,70,70,70,70,70,70,70,70,70,70,70,70,77,77,77,77,77,87,87,87,87,87,87,87,87,87,87,87,87,87,87,87,87,87,87,87,87,87],"relics":["Velvet Choker","Regal Pillow","Ice Cream","Dodecahedron","Black Star","Strawberry","Bronze Scales","Happy Flower","Pear","Gremlin Horn","Blood Vial","Snecko Eye","Snake Skull","Whetstone","Red Mask","Vajra","Ancient Tea Set","Dream Catcher"],"card_choices":[{"not_picked":["Poisoned Stab","Outmaneuver"],"picked":"All Out Attack"},{"not_picked":["Acrobatics","Outmaneuver"],"picked":"Noxious Fumes"},{"not_picked":["Bane","Acrobatics"],"picked":"Burst"},{"not_picked":["Noxious Fumes","Outmaneuver"],"picked":"Skewer"},{"not_picked":["Blade Dance","Catalyst"],"picked":"Heel Hook"},{"not_picked":["Caltrops","Dagger Throw"],"picked":"Bane"},{"not_picked":["Sucker Punch","Heel Hook"],"picked":"Terror"},{"not_picked":["Deadly Poison","Choke"],"picked":"Riddle With Holes"},{"not_picked":["Endless Agony","Poisoned Stab"],"picked":"Tools of the Trade"},{"not_picked":["Eviscerate","Blur"],"picked":"Footwork"},{"not_picked":["Caltrops","Bane"],"picked":"Outmaneuver"},{"not_picked":["Outmaneuver","Deflect"],"picked":"Quick Slash"},{"not_picked":["Backstab","Poisoned Stab"],"picked":"Predator"},{"not_picked":["Flying Knee","Dagger Spray"],"picked":"Malaise"},{"not_picked":["Deflect","Quick Slash"],"picked":"Flying Knee"},{"not_picked":["Doppelganger","Deadly Poison"],"picked":"Dagger Spray"},{"not_picked":["Sucker Punch","Eviscerate"],"picked":"Footwork"},{"not_picked":["Flying Knee","PiercingWail"],"picked":"Well Laid Plans"},{"not_picked":["Slice","Quick Slash"],"picked":"Deflect"},{"not_picked":["Heel Hook","Deflect"],"picked":"Acrobatics"}],"player_experience":69423,"potions_floor_usage":[14,18,19,19,20,29,33,38,41,41,45,46,50],"damage_taken":[{"damage":1,"enemies":"Jaw Worm","floor":1,"turns":5},{"damage":0,"enemies":"2 Louse","floor":3,"turns":1},{"damage":0,"enemies":"Blue Slaver","floor":5,"turns":4},{"damage":10,"enemies":"3 Sentries","floor":7,"turns":7},{"damage":4,"enemies":"Large Slime","floor":8,"turns":6},{"damage":0,"enemies":"Red Slaver","floor":12,"turns":4},{"damage":0,"enemies":"Gremlin Gang","floor":13,"turns":2},{"damage":14,"enemies":"Gremlin Nob","floor":14,"turns":4},{"damage":19,"enemies":"The Guardian","floor":16,"turns":8},{"damage":8,"enemies":"Shell Parasite","floor":18,"turns":5},{"damage":13,"enemies":"2 Thieves","floor":19,"turns":3},{"damage":32,"enemies":"Centurion and Healer","floor":20,"turns":6},{"damage":5,"enemies":"Snecko","floor":22,"turns":4},{"damage":33,"enemies":"Book of Stabbing","floor":24,"turns":7},{"damage":15,"enemies":"3 Cultists","floor":27,"turns":5},{"damage":28,"enemies":"Slavers","floor":29,"turns":6},{"damage":8,"enemies":"Cultist and Chosen","floor":30,"turns":6},{"damage":51,"enemies":"Champ","floor":33,"turns":13},{"damage":16,"enemies":"3 Darklings","floor":35,"turns":5},{"damage":1,"enemies":"3 Shapes","floor":36,"turns":4},{"damage":0,"enemies":"Maw","floor":38,"turns":7},{"damage":33,"enemies":"4 Shapes","floor":39,"turns":8},{"damage":31,"enemies":"2 Orb Walkers","floor":41,"turns":5},{"damage":22,"enemies":"Sphere and 2 Shapes","floor":44,"turns":6},{"damage":2,"enemies":"3 Darklings","floor":45,"turns":5},{"damage":36,"enemies":"Nemesis","floor":46,"turns":10},{"damage":17,"enemies":"4 Shapes","floor":48,"turns":4},{"damage":72,"enemies":"Awakened One","floor":50,"turns":9}],"event_choices":[{"event_name":"Living Wall","player_choice":"Change","floor":2,"damage_taken":0},{"event_name":"Liars Game","player_choice":"disagreed","floor":4,"damage_taken":0},{"event_name":"Golden Shrine","player_choice":"Pray","floor":21,"damage_taken":0},{"event_name":"Back to Basics","player_choice":"Simplicity","floor":28,"damage_taken":0},{"event_name":"Upgrade Shrine","player_choice":"Upgraded","floor":37,"damage_taken":0},{"event_name":"Tomb of Lord Red Mask","player_choice":"Paid","floor":42,"damage_taken":0}],"boss_relics":[{"not_picked":["Runic Pyramid","Ectoplasm"],"picked":"Black Star"},{"not_picked":["Runic Dome","White Beast Statue"],"picked":"Snecko Eye"}],"potions_floor_spawned":[5,7,12,13,16,19,22,27,33,35,39,44,45],"seed_played":"4840413913233051365","killed_by":"Awakened One","ascension_level":0,"is_trial":false}