{"gold_per_floor":[112,125,140,215,215,250,250,282,331,331,357,373,390,403,403,476,476,491,506,9,22,22,49,49,65,89,37,69,143,157,182,182,257,257,270,285,185,204,204,232,143,177,177,177,209,224,236,270,270,270],"floor_reached":51,"playtime":5318,"items_purged":["Strike_R","Strike_R"],"score":1575,"play_id":"2def2017-a4b7-4643-81be-5dd7851d42ce","local_time":"20190407161246","is_ascension_mode":true,"campfire_choices":[{"data":"Bash","floor":7,"key":"SMITH"},{"floor":10,"key":"REST"},{"data":"Demon Form","floor":15,"key":"SMITH"},{"floor":24,"key":"REST"},{"floor":32,"key":"REST"},{"floor":49,"key":"RECALL"}],"neow_cost":"NONE","seed_source_timestamp":834110276563727,"circlet_count":0,"master_deck":["AscendersBane","Strike_R+1","Strike_R+1","Defend_R","Defend_R+1","Defend_R","Defend_R","Bash+1","Shrug It Off+1","Carnage","Combust","Immolate","Flex+1","Demon Form+1","Warcry+1","Shrug It Off+1","Double Tap+1","Havoc+1","Reaper","Secret Technique+1","True Grit+1","Feel No Pain","Exhume+1","Feel No Pain","Havoc+1","Impervious+1","Entrench+1","Limit Break+1","Shrug It Off+1","Deep Breath+1","Whirlwind+1","Heavy Blade","Disarm+1","Shrug It Off+1","Flame Barrier+1"],"relics":["Burning Blood","Toxic Egg 2","Ancient Tea Set","War Paint","Whetstone","Kunai","Fusion Hammer","Dodecahedron","Bag of Marbles","Bottled Lightning","Sundial","PreservedInsect","Coffee Dripper","WingedGreaves","Bird Faced Urn","Omamori","Letter Opener","Red Skull"],"potions_floor_usage":[13,16,19,47,50,50],"damage_taken":[{"damage":20,"enemies":"Jaw Worm","floor":1,"turns":6},{"damage":5,"enemies":"2 Louse","floor":2,"turns":4},{"damage":0,"enemies":"Cultist","floor":3,"turns":4},{"damage":30,"enemies":"3 Sentries","floor":6,"turns":6},{"damage":10,"enemies":"Gremlin Nob","floor":8,"turns":3},{"damage":22,"enemies":"3 Sentries","floor":11,"turns":4},{"damage":6,"enemies":"Looter","floor":12,"turns":3},{"damage":22,"enemies":"Exordium Thugs","floor":13,"turns":4},{"damage":0,"enemies":"Exordium Wildlife","floor":14,"turns":3},{"damage":18,"enemies":"Slime Boss","floor":16,"turns":6},{"damage":13,"enemies":"Shell Parasite","floor":18,"turns":4},{"damage":11,"enemies":"Spheric Guardian","floor":19,"turns":5},{"damage":20,"enemies":"Snecko","floor":21,"turns":5},{"damage":67,"enemies":"Book of Stabbing","floor":23,"turns":6},{"damage":42,"enemies":"Centurion and Healer","floor":25,"turns":11},{"damage":52,"enemies":"Slavers","floor":28,"turns":7},{"damage":26,"enemies":"Snake Plant","floor":30,"turns":7},{"damage":36,"enemies":"Book of Stabbing","floor":31,"turns":5},{"damage":45,"enemies":"Champ","floor":33,"turns":12},{"damage":7,"enemies":"3 Shapes","floor":35,"turns":7},{"damage":22,"enemies":"3 Darklings","floor":36,"turns":8},{"damage":29,"enemies":"Writhing Mass","floor":38,"turns":7},{"damage":0,"enemies":"Giant Head","floor":40,"turns":5},{"damage":29,"enemies":"Nemesis","floor":42,"turns":7},{"damage":26,"enemies":"Reptomancer","floor":45,"turns":7},{"damage":0,"enemies":"Maw","floor":46,"turns":5},{"damage":41,"enemies":"Sphere and 2 Shapes","floor":47,"turns":8},{"damage":15,"enemies":"Nemesis","floor":48,"turns":9},{"damage":47,"enemies":"Time Eater","floor":50,"turns":9}],"seed_played":"1865469662970644313","potions_obtained":[{"floor":2,"key":"Ancient Potion"},{"floor":11,"key":"Fruit Juice"},{"floor":12,"key":"FearPotion"},{"floor":13,"key":"SkillPotion"},{"floor":21,"key":"BloodPotion"},{"floor":23,"key":"Dexterity Potion"},{"floor":28,"key":"Strength Potion"},{"floor":30,"key":"Swift Potion"},{"floor":40,"key":"SteroidPotion"},{"floor":47,"key":"SkillPotion"},{"floor":48,"key":"Swift Potion"}],"is_trial":false,"path_per_floor":["M","M","M","?","?","E","R","E","T","R","E","M","M","M","R","B",null,"M","M","$","M","?","E","R","M","T","$","E","T","M","E","R","B",null,"M","M","$","M","?","E","$","E","T","?","E","M","M","E","R","B",null],"character_chosen":"IRONCLAD","items_purchased":["Reaper","Secret Technique+1","True Grit+1","Feel No Pain","Havoc+1","Deep Breath+1"],"campfire_rested":3,"item_purchase_floors":[20,20,20,20,27,41],"current_hp_per_floor":[61,62,68,57,57,33,33,29,29,53,37,37,26,32,32,20,70,63,58,58,64,64,22,48,87,87,87,75,75,67,59,85,55,79,87,87,87,87,87,87,87,87,87,87,87,87,66,63,63,87],"gold":270,"neow_bonus":"TEN_PERCENT_HP_BONUS","is_prod":false,"is_daily":false,"chose_seed":false,"campfire_upgraded":2,"win_rate":0,"timestamp":1554649966,"path_taken":["M","M","M","?","?","E","R","E","T","R","E","M","M","M","R","BOSS","M","?","$","M","?","E","R","M","T","?","E","?","M","E","R","BOSS","M","M","$","M","?","E","$","E","T","?","E","M","M","E","R","BOSS"],"build_version":"2019-01-23","purchased_purges":2,"victory":true,"max_hp_per_floor":[82,82,82,82,82,82,82,82,82,82,82,82,87,87,87,87,87,87,87,87,87,87,87,87,87,87,87,87,87,87,87,87,87,87,87,87,87,87,87,87,87,87,87,87,87,87,87,87,87,87],"card_choices":[{"not_picked":["Perfected Strike","Blood for Blood"],"picked":"Shrug It Off","floor":1},{"not_picked":["Cleave","Wild Strike"],"picked":"Carnage","floor":2},{"not_picked":["Bloodletting","Dual Wield"],"picked":"Combust","floor":3},{"not_picked":["Twin Strike","Second Wind+1"],"picked":"Immolate","floor":6},{"not_picked":["Wild Strike","Headbutt"],"picked":"Flex+1","floor":8},{"not_picked":["Dual Wield+1","Twin Strike","Body Slam"],"picked":"SKIP","floor":11},{"not_picked":["Perfected Strike","Twin Strike"],"picked":"Demon Form","floor":12},{"not_picked":["Corruption","Wild Strike"],"picked":"Warcry+1","floor":13},{"not_picked":["Clash","Wild Strike"],"picked":"Shrug It Off+1","floor":14},{"not_picked":["Berserk","Fiend Fire"],"picked":"Double Tap+1","floor":16},{"not_picked":["Feel No Pain","Cleave"],"picked":"Havoc+1","floor":18},{"not_picked":["Cleave","Heavy Blade","Flex+1"],"picked":"SKIP","floor":19},{"not_picked":["Wild Strike","Cleave"],"picked":"Exhume+1","floor":21},{"not_picked":["Searing Blow","Pommel Strike"],"picked":"Feel No Pain","floor":23},{"not_picked":["Iron Wave","Metallicize","Seeing Red+1"],"picked":"SKIP","floor":25},{"not_picked":["Headbutt","Shrug It Off+1"],"picked":"Impervious+1","floor":28},{"not_picked":["Sever Soul","Perfected Strike","Flex+1"],"picked":"SKIP","floor":30},{"not_picked":["Thunderclap","Bloodletting+1"],"picked":"Entrench+1","floor":31},{"not_picked":["Dark Embrace","Juggernaut"],"picked":"Limit Break+1","floor":33},{"not_picked":["Wild Strike","Rage+1","Fire Breathing+1"],"picked":"SKIP","floor":35},{"not_picked":["Clash","Seeing Red+1","Havoc+1"],"picked":"SKIP","floor":36},{"not_picked":["Clash","Pommel Strike","Thunderclap"],"picked":"SKIP","floor":38},{"not_picked":["Iron Wave","Cleave"],"picked":"Shrug It Off+1","floor":40},{"not_picked":["Hemokinesis","Power Through+1"],"picked":"Whirlwind+1","floor":42},{"not_picked":["Wild Strike","Sever Soul"],"picked":"Heavy Blade","floor":45},{"not_picked":["Sever Soul","Flex+1"],"picked":"Disarm+1","floor":46},{"not_picked":["Wild Strike+1","Clothesline"],"picked":"Shrug It Off+1","floor":47},{"not_picked":["Sever Soul","Dark Embrace"],"picked":"Flame Barrier+1","floor":48}],"player_experience":752259,"relics_obtained":[{"floor":6,"key":"Ancient Tea Set"},{"floor":8,"key":"War Paint"},{"floor":9,"key":"Whetstone"},{"floor":11,"key":"Kunai"},{"floor":23,"key":"Dodecahedron"},{"floor":26,"key":"Bag of Marbles"},{"floor":28,"key":"Bottled Lightning"},{"floor":29,"key":"Sundial"},{"floor":31,"key":"PreservedInsect"},{"floor":40,"key":"WingedGreaves"},{"floor":42,"key":"Bird Faced Urn"},{"floor":43,"key":"Omamori"},{"floor":45,"key":"Letter Opener"},{"floor":48,"key":"Red Skull"}],"event_choices":[{"damage_healed":0,"gold_gain":75,"player_choice":"Gather Gold","damage_taken":11,"max_hp_gain":0,"max_hp_loss":0,"event_name":"World of Goop","floor":4,"gold_loss":0},{"damage_healed":0,"gold_gain":0,"player_choice":"Gave Potion","damage_taken":0,"relics_obtained":["Toxic Egg 2"],"max_hp_gain":0,"max_hp_loss":0,"event_name":"WeMeetAgain","floor":5,"gold_loss":0},{"damage_healed":0,"gold_gain":0,"player_choice":"Ignored","damage_taken":0,"max_hp_gain":0,"max_hp_loss":0,"event_name":"Vampires","floor":22,"gold_loss":0},{"damage_healed":0,"gold_gain":0,"player_choice":"Ignored","damage_taken":0,"max_hp_gain":0,"max_hp_loss":0,"event_name":"Tomb of Lord Red Mask","floor":39,"gold_loss":0},{"cards_removed":["Strike_R"],"damage_healed":0,"gold_gain":0,"player_choice":"Purged","damage_taken":0,"max_hp_gain":0,"max_hp_loss":0,"event_name":"Purifier","floor":44,"gold_loss":0}],"is_beta":false,"boss_relics":[{"not_picked":["Sozu","Lizard Tail"],"picked":"Fusion Hammer"},{"not_picked":["Eternal Feather","Mark of Pain"],"picked":"Coffee Dripper"}],"items_purged_floors":[20,37],"is_endless":false,"potions_floor_spawned":[2,11,12,13,14,21,23,28,30,40,42,46,47,48],"ascension_level":16}