{"gold_per_floor":[363,84,97,97,107,138,197,223,248,6,6,31,31,47,47,121,121,133,150,75,75,90,90,108,134,134,134,148,148,167,199,199,276,276,296,315,112,129,149,149,179,179,206,56,82,82],"floor_reached":46,"playtime":4110,"items_purged":["Clumsy","Strike_G","Pain","Strike_G"],"score":1056,"play_id":"721b30a5-ba0f-4d16-b6e1-b0f5fb729c21","local_time":"20190422175320","is_ascension_mode":true,"campfire_choices":[{"data":"Neutralize","floor":11,"key":"SMITH"},{"floor":15,"key":"REST"},{"floor":23,"key":"REST"},{"floor":29,"key":"REST"},{"floor":32,"key":"REST"},{"floor":40,"key":"RECALL"}],"neow_cost":"CURSE","seed_source_timestamp":937102563456968,"circlet_count":0,"master_deck":["AscendersBane","Defend_G","Defend_G","Defend_G","Defend_G","Defend_G","Strike_G+1","Strike_G","Survivor+1","Neutralize+1","Crippling Poison+1","Predator","Dash+1","PiercingWail","Well Laid Plans","Deadly Poison","Infinite Blades","Glass Knife","All Out Attack","Leg Sweep","PiercingWail","Caltrops","Backflip","Backflip+1","Blur","A Thousand Cuts","Deflect+1","Cloak And Dagger+1","After Image","Flechettes","Predator+1","Malaise","After Image"],"special_seed":0,"relics":["Ring of the Snake","Oddly Smooth Stone","PreservedInsect","Lantern","War Paint","Whetstone","Fusion Hammer","Strawberry","WarpedTongs","Snake Skull","Snecko Eye","Mercury Hourglass","Ancient Tea Set","Incense Burner"],"potions_floor_usage":[6,25,28,31,33,33,41,46],"damage_taken":[{"damage":2.0,"enemies":"Small Slimes","floor":1.0,"turns":4.0},{"damage":0,"enemies":"2 Louse","floor":3,"turns":3},{"damage":0,"enemies":"Jaw Worm","floor":5,"turns":4},{"damage":16,"enemies":"Lagavulin","floor":6,"turns":9},{"damage":19,"enemies":"Gremlin Nob","floor":12,"turns":4},{"damage":0,"enemies":"Blue Slaver","floor":14,"turns":4},{"damage":12,"enemies":"The Guardian","floor":16,"turns":12},{"damage":8,"enemies":"2 Thieves","floor":18,"turns":4},{"damage":12,"enemies":"Spheric Guardian","floor":19,"turns":5},{"damage":2,"enemies":"Centurion and Healer","floor":22,"turns":7},{"damage":14,"enemies":"Chosen and Byrds","floor":24,"turns":7},{"damage":2,"enemies":"Slavers","floor":25,"turns":5},{"damage":8,"enemies":"3 Cultists","floor":28,"turns":5},{"damage":6,"enemies":"Snecko","floor":30,"turns":6},{"damage":2,"enemies":"Book of Stabbing","floor":31,"turns":5},{"damage":58,"enemies":"Automaton","floor":33,"turns":15},{"damage":9,"enemies":"3 Darklings","floor":35,"turns":5},{"damage":7,"enemies":"Orb Walker","floor":36,"turns":3},{"damage":0,"enemies":"Sphere and 2 Shapes","floor":38,"turns":5},{"damage":7,"enemies":"Jaw Worm Horde","floor":39,"turns":3},{"damage":31,"enemies":"Reptomancer","floor":41,"turns":6},{"damage":2,"enemies":"Nemesis","floor":45,"turns":7},{"damage":15,"enemies":"2 Orb Walkers","floor":46,"turns":2}],"seed_played":"-204997814147203437","potions_obtained":[{"floor":1.0,"key":"SteroidPotion"},{"floor":3,"key":"SpeedPotion"},{"floor":18,"key":"Energy Potion"},{"floor":25,"key":"Strength Potion"},{"floor":28,"key":"Fire Potion"},{"floor":31,"key":"SneckoOil"},{"floor":33,"key":"Swift Potion"},{"floor":36,"key":"GhostInAJar"},{"floor":38,"key":"LiquidBronze"},{"floor":41,"key":"SpeedPotion"}],"is_trial":false,"path_per_floor":["M","$","M","?","M","E","?","T","T","$","R","E","?","M","R","B",null,"M","M","?","?","M","R","M","E","T","?","M","R","M","E","R","B",null,"M","M","$","M","M","R","E","?","T","$","E","?"],"character_chosen":"THE_SILENT","items_purchased":["Predator","Oddly Smooth Stone","PiercingWail","Well Laid Plans","After Image"],"campfire_rested":4,"item_purchase_floors":[2,2,10,10,37],"current_hp_per_floor":[57,57,57,62,62,46,46,46,46,46,46,27,1,1,22,10,56,48,36,36,16,14,36,22,27,27,27,19,43,37,35,59,1,63,54,47,47,47,40,40,9,9,9,9,7,0],"gold":82,"neow_bonus":"TWO_FIFTY_GOLD","is_prod":false,"is_daily":false,"chose_seed":false,"campfire_upgraded":1,"win_rate":0,"timestamp":1555952000,"path_taken":["M","$","M","?","M","E","?","?","T","?","R","E","?","M","R","BOSS","M","M","?","?","M","R","M","E","T","?","M","R","M","E","R","BOSS","M","?","$","M","M","R","E","?","T","$","E","?"],"build_version":"2019-01-23","purchased_purges":4,"victory":false,"max_hp_per_floor":[66,66,66,71,71,71,71,71,71,71,71,71,71,71,71,71,71,71,71,71,76,76,76,76,83,83,83,83,83,83,83,83,83,83,83,83,83,83,83,83,83,83,83,83,83,83],"card_choices":[{"not_picked":["Slice","Accuracy"],"picked":"Crippling Poison","floor":1.0},{"not_picked":["Deflect","Predator","Slice"],"picked":"SKIP","floor":3},{"not_picked":["Dagger Spray","Deflect"],"picked":"Dash","floor":5},{"not_picked":["Underhanded Strike","Bane","Eviscerate"],"picked":"SKIP","floor":6},{"not_picked":["Slice","Poisoned Stab"],"picked":"Deadly Poison","floor":12},{"not_picked":["Tactician","Blade Dance"],"picked":"Infinite Blades","floor":14},{"not_picked":["Envenom","Night Terror"],"picked":"Glass Knife","floor":16},{"not_picked":["Slice","Riddle With Holes"],"picked":"All Out Attack","floor":18},{"not_picked":["Cloak And Dagger","PiercingWail"],"picked":"Leg Sweep","floor":19},{"not_picked":["Accuracy","Quick Slash"],"picked":"PiercingWail","floor":22},{"not_picked":["Dash","Outmaneuver"],"picked":"Caltrops","floor":24},{"not_picked":["Dagger Spray","Dodge and Roll"],"picked":"Backflip","floor":25},{"not_picked":["Prepared+1","Finisher","Calculated Gamble"],"picked":"SKIP","floor":28},{"not_picked":["Slice","Grand Finale"],"picked":"Backflip+1","floor":30},{"not_picked":["Heel Hook","Skewer"],"picked":"Blur","floor":31},{"not_picked":["Bullet Time","Corpse Explosion"],"picked":"A Thousand Cuts","floor":33},{"not_picked":["Escape Plan+1","Sucker Punch"],"picked":"Deflect+1","floor":35},{"not_picked":["Bane","Slice"],"picked":"Cloak And Dagger+1","floor":36},{"not_picked":["Concentrate+1","Blur"],"picked":"Flechettes","floor":38},{"not_picked":["Quick Slash","Blade Dance"],"picked":"Predator+1","floor":39},{"not_picked":["Calculated Gamble","Dagger Spray+1"],"picked":"Malaise","floor":41},{"not_picked":["Caltrops+1","Underhanded Strike"],"picked":"After Image","floor":45}],"player_experience":857762,"relics_obtained":[{"floor":6,"key":"PreservedInsect"},{"floor":8,"key":"Lantern"},{"floor":9,"key":"War Paint"},{"floor":12,"key":"Whetstone"},{"floor":25,"key":"Strawberry"},{"floor":31,"key":"Snake Skull"},{"floor":41,"key":"Mercury Hourglass"},{"floor":43,"key":"Ancient Tea Set"},{"floor":45,"key":"Incense Burner"}],"event_choices":[{"damage_healed":0,"gold_gain":0,"player_choice":"Donut","damage_taken":0,"max_hp_gain":5,"max_hp_loss":0,"event_name":"Big Fish","floor":4,"gold_loss":0},{"damage_healed":0,"gold_gain":59,"player_choice":"Gained Gold","damage_taken":0,"max_hp_gain":0,"max_hp_loss":0,"event_name":"Golden Wing","floor":7,"gold_loss":0},{"damage_healed":0,"gold_gain":0,"player_choice":"Fled","damage_taken":26,"max_hp_gain":0,"max_hp_loss":0,"event_name":"Scrap Ooze","floor":13,"gold_loss":0},{"cards_removed":["Strike_G"],"damage_healed":0,"gold_gain":0,"player_choice":"Gave Gold","damage_taken":0,"max_hp_gain":0,"max_hp_loss":0,"event_name":"Beggar","floor":20,"gold_loss":75},{"damage_healed":0,"gold_gain":0,"player_choice":"Shed Blood","damage_taken":25,"max_hp_gain":5,"max_hp_loss":0,"event_name":"Forgotten Altar","floor":21,"gold_loss":0},{"damage_healed":0,"gold_gain":0,"player_choice":"Rummage","damage_taken":0,"relics_obtained":["WarpedTongs"],"max_hp_gain":0,"max_hp_loss":0,"event_name":"Accursed Blacksmith","floor":27,"gold_loss":0,"cards_obtained":["Pain"]},{"damage_healed":0,"gold_gain":0,"player_choice":"Ignored","damage_taken":0,"max_hp_gain":0,"max_hp_loss":0,"event_name":"Tomb of Lord Red Mask","floor":42,"gold_loss":0},{"damage_healed":0,"gold_gain":0,"player_choice":"Fight","damage_taken":0,"max_hp_gain":0,"max_hp_loss":0,"event_name":"Mysterious Sphere","floor":46,"gold_loss":0}],"is_beta":false,"boss_relics":[{"not_picked":["HoveringKite","Pandora\u0027s Box"],"picked":"Fusion Hammer"},{"not_picked":["Cursed Key","Coffee Dripper"],"picked":"Snecko Eye"}],"items_purged_floors":[2,10,37,44],"is_endless":false,"potions_floor_spawned":[1,3,18,25,28,31,33,36,38,41],"killed_by":"2 Orb Walkers","ascension_level":20}