{"gold_per_floor":[114,114,129,29,74,104,119,119,169,169,169,188,226,245,245,370,370,389,408,408,38,137,137,175,90,140,140,159,197,197,322,322,447,447,466,474,146,165,184,222,241,279,304,177,177,177,196,196,196,196],"floor_reached":51,"playtime":3193,"items_purged":["Strike_G","Strike_G"],"score":953,"play_id":"6ec60c31-b21c-4ace-b603-2e058f56f6a0","local_time":"20190413210844","daily_mods":["Allstar","Vintage","Lethality"],"is_ascension_mode":false,"campfire_choices":[{"data":"Thinking Ahead","floor":8,"key":"SMITH"},{"data":"Blind","floor":10,"key":"SMITH"},{"data":"Dark Shackles","floor":15,"key":"SMITH"},{"data":"Infinite Blades","floor":23,"key":"SMITH"},{"data":"Cloak And Dagger","floor":27,"key":"SMITH"},{"floor":32,"key":"REST"},{"data":"Infinite Blades","floor":46,"key":"SMITH"},{"data":"After Image","floor":49,"key":"SMITH"}],"neow_cost":"","seed_source_timestamp":0,"circlet_count":0,"master_deck":["Defend_G","Defend_G","Defend_G+1","Defend_G","Strike_G","Strike_G","Survivor","Neutralize","Thinking Ahead+1","Blind+1","Purity","Bandage Up","Dark Shackles+1","Infinite Blades","Sucker Punch","Dagger Spray","Injury","Dagger Spray+1","Die Die Die+1","A Thousand Cuts","Blur+1","Cloak And Dagger+1","Infinite Blades+1","Backstab+1","Riddle With Holes+1","Infinite Blades+1","After Image+1","Sucker Punch+1","Well Laid Plans","Malaise","Infinite Blades+1"],"special_seed":17999,"relics":["Ring of the Snake","Pen Nib","Happy Flower","Tiny Chest","Singing Bowl","Paper Crane","Orichalcum","Golden Idol","Strawberry","Molten Egg 2","Bottled Tornado","White Beast Statue","Pear","Snake Skull","HandDrill","Anchor","Centennial Puzzle","Potion Belt","Letter Opener","Bottled Flame","Gremlin Horn","FossilizedHelix","Bottled Lightning","WristBlade","Dream Catcher","Tough Bandages","Mummified Hand","Mercury Hourglass","Bronze Scales","Darkstone Periapt","Oddly Smooth Stone","War Paint","Smiling Mask","Ninja Scroll","Toxic Egg 2"],"potions_floor_usage":[6,18,31,31,31,33,50,50,50,50],"damage_taken":[{"damage":0,"enemies":"Small Slimes","floor":1,"turns":3},{"damage":5,"enemies":"Cultist","floor":3,"turns":4},{"damage":0,"enemies":"2 Louse","floor":5,"turns":2},{"damage":14,"enemies":"Gremlin Nob","floor":6,"turns":4},{"damage":9,"enemies":"Large Slime","floor":7,"turns":4},{"damage":0,"enemies":"Looter","floor":12,"turns":3},{"damage":15,"enemies":"3 Sentries","floor":13,"turns":5},{"damage":1,"enemies":"3 Louse","floor":14,"turns":2},{"damage":8,"enemies":"Slime Boss","floor":16,"turns":8},{"damage":14,"enemies":"3 Byrds","floor":18,"turns":2},{"damage":8,"enemies":"2 Thieves","floor":19,"turns":2},{"damage":25,"enemies":"Slavers","floor":24,"turns":4},{"damage":0,"enemies":"Snake Plant","floor":28,"turns":4},{"damage":42,"enemies":"Gremlin Leader","floor":29,"turns":5},{"damage":4,"enemies":"Colosseum Slavers","floor":31,"turns":3},{"damage":0,"enemies":"Colosseum Nobs","floor":31,"turns":3},{"damage":10,"enemies":"Automaton","floor":33,"turns":5},{"damage":0,"enemies":"Orb Walker","floor":35,"turns":2},{"damage":5,"enemies":"2 Orb Walkers","floor":36,"turns":5},{"damage":0,"enemies":"3 Darklings","floor":38,"turns":2},{"damage":4,"enemies":"Maw","floor":39,"turns":5},{"damage":0,"enemies":"Giant Head","floor":40,"turns":6},{"damage":0,"enemies":"Jaw Worm Horde","floor":41,"turns":2},{"damage":0,"enemies":"Reptomancer","floor":42,"turns":3},{"damage":0,"enemies":"4 Shapes","floor":47,"turns":2},{"damage":0,"enemies":"Donu and Deca","floor":50,"turns":5}],"seed_played":"-5670151409989047964","potions_obtained":[{"floor":2,"key":"EssenceOfSteel"},{"floor":2,"key":"Energy Potion"},{"floor":2,"key":"Explosive Potion"},{"floor":7,"key":"SkillPotion"},{"floor":18,"key":"PowerPotion"},{"floor":28,"key":"Strength Potion"},{"floor":29,"key":"Weak Potion"},{"floor":31,"key":"Block Potion"},{"floor":33,"key":"Dexterity Potion"},{"floor":35,"key":"Strength Potion"},{"floor":36,"key":"Regen Potion"},{"floor":38,"key":"Dexterity Potion"}],"is_trial":false,"path_per_floor":["M","?","M","$","M","E","M","R","T","R","?","M","E","M","R","B",null,"M","M","?","$","?","R","E","?","T","R","M","E","T","?","R","B",null,"M","?","$","M","M","E","M","E","T","$","?","R","M","T","R","B",null],"character_chosen":"THE_SILENT","items_purchased":["Infinite Blades","Sucker Punch","Cloak And Dagger","Infinite Blades","HandDrill","Mummified Hand","Well Laid Plans","Infinite Blades"],"campfire_rested":1,"item_purchase_floors":[4,4,21,21,21,37,37,44],"current_hp_per_floor":[70,70,66,66,70,56,51,51,51,51,51,62,51,50,50,46,77,73,69,69,69,69,69,48,48,48,48,52,14,14,14,40,34,87,87,82,82,86,86,89,89,89,89,89,91,91,91,91,91,91],"gold":196,"neow_bonus":"","is_prod":false,"is_daily":true,"chose_seed":false,"campfire_upgraded":7,"win_rate":0,"timestamp":1555178924,"path_taken":["M","?","M","?","M","E","M","R","T","R","?","M","E","M","R","BOSS","M","M","?","$","?","R","E","?","T","R","M","E","?","?","R","BOSS","M","?","$","M","M","E","M","E","T","$","?","R","M","?","R","BOSS"],"build_version":"2019-01-23","purchased_purges":2,"victory":true,"max_hp_per_floor":[70,70,70,70,70,70,70,70,70,70,70,77,77,77,77,77,77,87,87,87,87,87,87,87,87,87,87,87,87,87,87,87,87,87,87,87,87,87,87,89,89,89,89,89,91,91,91,91,91,91],"card_choices":[{"not_picked":["Reflex","Prepared"],"picked":"Dagger Spray","floor":6},{"not_picked":["Poisoned Stab","Dagger Throw"],"picked":"Dagger Spray","floor":13},{"not_picked":["Storm of Steel","Phantasmal Killer"],"picked":"Die Die Die+1","floor":16},{"not_picked":["Dagger Throw+1","Quick Slash+1"],"picked":"Backstab+1","floor":24},{"not_picked":["Poisoned Stab+1","Wraith Form v2"],"picked":"Riddle With Holes+1","floor":29},{"not_picked":["Heel Hook+1","PiercingWail"],"picked":"Infinite Blades+1","floor":31},{"not_picked":["Envenom","Corpse Explosion"],"picked":"After Image","floor":33},{"not_picked":["Expertise","Reflex"],"picked":"Sucker Punch+1","floor":36},{"not_picked":["Finisher+1","PiercingWail+1","Deadly Poison+1"],"picked":"Singing Bowl","floor":40},{"not_picked":["Terror","Dagger Throw+1"],"picked":"Malaise","floor":42},{"not_picked":["Enlightenment","PanicButton","Flash of Steel+1"],"picked":"Singing Bowl","floor":45}],"player_experience":98024,"relics_obtained":[{"floor":1,"key":"Pen Nib"},{"floor":3,"key":"Happy Flower"},{"floor":5,"key":"Tiny Chest"},{"floor":6,"key":"Singing Bowl"},{"floor":7,"key":"Paper Crane"},{"floor":9,"key":"Orichalcum"},{"floor":12,"key":"Strawberry"},{"floor":13,"key":"Molten Egg 2"},{"floor":14,"key":"Bottled Tornado"},{"floor":18,"key":"Pear"},{"floor":19,"key":"Snake Skull"},{"floor":24,"key":"Anchor"},{"floor":26,"key":"Potion Belt"},{"floor":28,"key":"Letter Opener"},{"floor":29,"key":"Bottled Flame"},{"floor":30,"key":"Gremlin Horn"},{"floor":31,"key":"FossilizedHelix"},{"floor":31,"key":"Bottled Lightning"},{"floor":35,"key":"Dream Catcher"},{"floor":36,"key":"Tough Bandages"},{"floor":38,"key":"Mercury Hourglass"},{"floor":39,"key":"Bronze Scales"},{"floor":40,"key":"Darkstone Periapt"},{"floor":41,"key":"Oddly Smooth Stone"},{"floor":42,"key":"War Paint"},{"floor":43,"key":"Smiling Mask"},{"floor":47,"key":"Ninja Scroll"},{"floor":48,"key":"Toxic Egg 2"}],"event_choices":[{"damage_healed":0,"gold_gain":0,"player_choice":"Got Potions","damage_taken":0,"max_hp_gain":0,"max_hp_loss":0,"event_name":"Lab","floor":2,"gold_loss":0},{"damage_healed":0,"gold_gain":0,"player_choice":"Take Wound","damage_taken":0,"relics_obtained":["Golden Idol"],"max_hp_gain":0,"max_hp_loss":0,"event_name":"Golden Idol","floor":11,"gold_loss":0,"cards_obtained":["Injury"]},{"damage_healed":0,"gold_gain":0,"cards_transformed":["Strike_G","Defend_G"],"player_choice":"Became Test Subject","damage_taken":0,"max_hp_gain":0,"max_hp_loss":0,"event_name":"Drug Dealer","floor":20,"gold_loss":0,"cards_obtained":["A Thousand Cuts","Blur"]},{"damage_healed":0,"gold_gain":99,"player_choice":"Stole From Cult","damage_taken":0,"max_hp_gain":0,"max_hp_loss":0,"event_name":"Nest","floor":22,"gold_loss":0},{"damage_healed":0,"gold_gain":0,"player_choice":"Obtained Relic","damage_taken":0,"relics_obtained":["Centennial Puzzle"],"max_hp_gain":0,"max_hp_loss":0,"event_name":"Addict","floor":25,"gold_loss":85},{"damage_healed":0,"gold_gain":0,"player_choice":"Fight","damage_taken":0,"max_hp_gain":0,"max_hp_loss":0,"event_name":"Colosseum","floor":31,"gold_loss":0},{"damage_healed":0,"gold_gain":0,"player_choice":"Fought Nobs","damage_taken":0,"max_hp_gain":0,"max_hp_loss":0,"event_name":"Colosseum","floor":31,"gold_loss":0},{"damage_healed":0,"gold_gain":0,"player_choice":"Fight","damage_taken":0,"max_hp_gain":0,"max_hp_loss":0,"event_name":"Mysterious Sphere","floor":36,"gold_loss":0},{"damage_healed":0,"gold_gain":0,"player_choice":"Memory 1","damage_taken":0,"max_hp_gain":0,"max_hp_loss":0,"event_name":"SensoryStone","floor":45,"gold_loss":0}],"is_beta":false,"boss_relics":[{"not_picked":["Busted Crown","Fusion Hammer"],"picked":"White Beast Statue"},{"not_picked":["Lizard Tail","Pandora\u0027s Box"],"picked":"WristBlade"}],"items_purged_floors":[21,44],"is_endless":false,"potions_floor_spawned":[5,7,12,14,18,19,24,28,29,31,31,33,35,36,38,39,40,41,42,47],"ascension_level":0}