{"gold_per_floor":[360,371,386,45,45,45,73,85,120,146,189,201,213,241,253,360,372,372,58,0,0,0,0,0],"floor_reached":24,"playtime":1070,"items_purged":["Strike_G"],"score":237,"play_id":"16bb4f97-a7f8-420c-a8be-d2f3bf0276e5","local_time":"20190714221059","is_ascension_mode":true,"campfire_choices":[{"data":"Accuracy","floor":6,"key":"SMITH"},{"floor":12,"key":"REST"},{"data":"Choke","floor":15,"key":"SMITH"},{"data":"Noxious Fumes","floor":23,"key":"SMITH"}],"neow_cost":"PERCENT_DAMAGE","seed_source_timestamp":174845846830100,"circlet_count":0,"master_deck":["Strike_G","Strike_G","Strike_G","Strike_G","Defend_G","Defend_G","Defend_G","Defend_G","Defend_G","Survivor","Neutralize","Cloak And Dagger","Infinite Blades+1","Endless Agony","Accuracy+1","Choke+1","Bullet Time","Noxious Fumes","Crippling Poison","Envenom","Infinite Blades","Noxious Fumes+1"],"relics":["Ring of the Snake","Pen Nib","MawBank","Vajra","Singing Bowl","Ectoplasm","Question Card"],"potions_floor_usage":[11,16,16,20],"damage_taken":[{"damage":3,"enemies":"Small Slimes","floor":1,"turns":5},{"damage":1,"enemies":"Cultist","floor":2,"turns":4},{"damage":0,"enemies":"Jaw Worm","floor":3,"turns":5},{"damage":20,"enemies":"3 Sentries","floor":7,"turns":8},{"damage":8,"enemies":"Large Slime","floor":10,"turns":5},{"damage":5,"enemies":"Gremlin Nob","floor":11,"turns":3},{"damage":0,"enemies":"Looter","floor":14,"turns":2},{"damage":19,"enemies":"The Guardian","floor":16,"turns":10},{"damage":0,"enemies":"Chosen","floor":18,"turns":3},{"damage":2,"enemies":"2 Thieves","floor":20,"turns":3},{"damage":20,"enemies":"Chosen and Byrds","floor":22,"turns":4},{"damage":66,"enemies":"Gremlin Leader","floor":24,"turns":5}],"seed_played":"9196916953277160835","potions_obtained":[{"floor":10,"key":"PowerPotion"},{"floor":11,"key":"Block Potion"},{"floor":14,"key":"LiquidBronze"},{"floor":16,"key":"GhostInAJar"},{"floor":18,"key":"LiquidBronze"}],"is_trial":false,"path_per_floor":["M","M","M","$","?","R","E","?","T","M","E","R","$","M","R","B",null,"M","$","M","$","M","R","E"],"character_chosen":"THE_SILENT","items_purchased":["Accuracy","Choke","Pen Nib","Question Card","Infinite Blades"],"campfire_rested":1,"item_purchase_floors":[4,4,4,19,19],"current_hp_per_floor":[46,45,45,45,45,45,25,25,25,17,14,35,35,35,35,16,72,74,74,74,74,54,54,0],"gold":0,"neow_bonus":"TWO_FIFTY_GOLD","is_prod":false,"is_daily":false,"chose_seed":false,"campfire_upgraded":3,"win_rate":0,"timestamp":1563156659,"path_taken":["M","M","M","$","?","R","E","?","T","?","E","R","$","M","R","BOSS","M","$","M","$","M","R","E"],"build_version":"2019-07-05","purchased_purges":1,"victory":false,"max_hp_per_floor":[70,70,70,70,70,70,70,70,70,70,72,72,72,72,72,72,72,74,74,76,76,76,76,76],"card_choices":[{"not_picked":["PiercingWail","Calculated Gamble"],"picked":"Cloak And Dagger","floor":1},{"not_picked":["Slice","Bane"],"picked":"Infinite Blades","floor":2},{"not_picked":["Flying Knee","Dodge and Roll"],"picked":"Endless Agony","floor":3},{"not_picked":["Flying Knee","Riddle With Holes"],"picked":"Bullet Time","floor":7},{"not_picked":["Dodge and Roll","Flechettes"],"picked":"Noxious Fumes","floor":10},{"not_picked":["Blur","Prepared","Flying Knee"],"picked":"Singing Bowl","floor":11},{"not_picked":["Deflect","Cloak And Dagger"],"picked":"Crippling Poison","floor":14},{"not_picked":["Unload","Doppelganger"],"picked":"Envenom","floor":16},{"not_picked":["Bouncing Flask","Dagger Throw+1","Outmaneuver+1"],"picked":"Singing Bowl","floor":18},{"not_picked":["Dodge and Roll","Prepared","Blur+1","Outmaneuver"],"picked":"Singing Bowl","floor":20},{"not_picked":["Backflip+1","Prepared","Dash+1"],"picked":"Noxious Fumes","floor":22}],"player_experience":343144,"relics_obtained":[{"floor":7,"key":"MawBank"},{"floor":9,"key":"Vajra"},{"floor":11,"key":"Singing Bowl"}],"event_choices":[{"damage_healed":0,"gold_gain":0,"player_choice":"Ignored","damage_taken":0,"max_hp_gain":0,"max_hp_loss":0,"event_name":"Liars Game","floor":5,"gold_loss":0},{"damage_healed":0,"gold_gain":0,"player_choice":"Upgraded","damage_taken":0,"max_hp_gain":0,"max_hp_loss":0,"event_name":"Upgrade Shrine","floor":8,"gold_loss":0,"cards_upgraded":["Infinite Blades"]}],"is_beta":false,"boss_relics":[{"not_picked":["Ring of the Serpent","HoveringKite"],"picked":"Ectoplasm"}],"items_purged_floors":[4],"is_endless":false,"potions_floor_spawned":[10,11,14,16,18],"killed_by":"Gremlin Leader","ascension_level":3}