{"gold_per_floor":[114,114,129,204,24,24,54,54,79,79,109,124,154,169,169,269,269,284,299,299,149,164,194,194,224,224,239,239,254,169,199,199,299,299,314,314,329,248,263,263,363,393,418,433,463,478,508,523,523,523],"floor_reached":51,"playtime":5588,"items_purged":[],"score":1090,"play_id":"efc90c86-d86b-49e4-95d8-b4e8a2e1cf37","local_time":"20190619203924","daily_mods":["Shiny","Hoarder","DeadlyEvents"],"is_ascension_mode":false,"campfire_choices":[{"data":"Immolate","floor":6.0,"key":"SMITH"},{"data":"Fiend Fire","floor":8.0,"key":"SMITH"},{"data":"Demon Form","floor":10.0,"key":"SMITH"},{"data":"Offering","floor":15.0,"key":"SMITH"},{"floor":24.0,"key":"DIG"},{"floor":28.0,"key":"DIG"},{"floor":32.0,"key":"DIG"},{"data":"Limit Break","floor":40,"key":"SMITH"},{"floor":49,"key":"DIG"}],"neow_cost":"","seed_source_timestamp":0,"circlet_count":0,"master_deck":["Double Tap","Demon Form+1","Bludgeon","Feed","Limit Break+1","Barricade","Fiend Fire+1","Dark Embrace","Impervious","Juggernaut","Brutality","Reaper","Exhume","Offering+1","Immolate+1","Shrug It Off","Shrug It Off","Shrug It Off","Secret Weapon","Secret Weapon","Secret Weapon","Metallicize","Metallicize","Metallicize","Impervious","Impervious","Impervious","Corruption","Corruption","Corruption","Body Slam+1","Body Slam+1","Body Slam+1","Offering","Offering","Offering","Inflame+1","Inflame+1","Inflame+1","Shrug It Off+1","Shrug It Off+1","Shrug It Off+1","Feel No Pain+1","Feel No Pain+1","Feel No Pain+1"],"special_seed":18066,"relics":["Burning Blood","Strawberry","Vajra","Shovel","Omamori","Cursed Key","Boot","Bronze Scales","Frozen Egg 2","Regal Pillow","Bag of Marbles","Happy Flower","Anchor","Pen Nib","Black Star","Magic Flower","Turnip","Blood Vial","Potion Belt","Dream Catcher","Meat on the Bone","Ornamental Fan","Art of War","Letter Opener"],"potions_floor_usage":[47,50,50,50],"damage_taken":[{"damage":0.0,"enemies":"2 Louse","floor":1.0,"turns":1.0},{"damage":6.0,"enemies":"Cultist","floor":3.0,"turns":3.0},{"damage":12.0,"enemies":"Gremlin Nob","floor":7.0,"turns":2.0},{"damage":36.0,"enemies":"3 Sentries","floor":11.0,"turns":13.0},{"damage":6.0,"enemies":"Jaw Worm","floor":12.0,"turns":1.0},{"damage":6.0,"enemies":"Gremlin Nob","floor":13.0,"turns":2.0},{"damage":10.0,"enemies":"Looter","floor":14.0,"turns":2.0},{"damage":18.0,"enemies":"The Guardian","floor":16.0,"turns":11.0},{"damage":13.0,"enemies":"2 Thieves","floor":18.0,"turns":4.0},{"damage":6.0,"enemies":"Shell Parasite","floor":19.0,"turns":3.0},{"damage":24.0,"enemies":"Cultist and Chosen","floor":22.0,"turns":2.0},{"damage":24.0,"enemies":"Slavers","floor":23.0,"turns":4.0},{"damage":26.0,"enemies":"Book of Stabbing","floor":25.0,"turns":5.0},{"damage":15.0,"enemies":"Centurion and Healer","floor":27.0,"turns":7.0},{"damage":6.0,"enemies":"Snake Plant","floor":29.0,"turns":1.0},{"damage":35.0,"enemies":"Gremlin Leader","floor":31.0,"turns":4.0},{"damage":29.0,"enemies":"Champ","floor":33.0,"turns":9.0},{"damage":24,"enemies":"3 Darklings","floor":35,"turns":5},{"damage":24,"enemies":"Orb Walker","floor":37,"turns":3},{"damage":17,"enemies":"Sphere and 2 Shapes","floor":39,"turns":3},{"damage":54,"enemies":"Mind Bloom Boss Battle","floor":41,"turns":8},{"damage":21,"enemies":"Giant Head","floor":42,"turns":6},{"damage":18,"enemies":"Writhing Mass","floor":44,"turns":3},{"damage":9,"enemies":"Reptomancer","floor":45,"turns":5},{"damage":23,"enemies":"Maw","floor":46,"turns":6},{"damage":48,"enemies":"Nemesis","floor":47,"turns":9},{"damage":18,"enemies":"4 Shapes","floor":48,"turns":7},{"damage":27,"enemies":"Donu and Deca","floor":50,"turns":5}],"seed_played":"6170826981099357843","potions_obtained":[{"floor":1.0,"key":"Weak Potion"},{"floor":11.0,"key":"SpeedPotion"},{"floor":13.0,"key":"LiquidBronze"},{"floor":14.0,"key":"FearPotion"},{"floor":16.0,"key":"EssenceOfSteel"},{"floor":18.0,"key":"SpeedPotion"},{"floor":23.0,"key":"Ancient Potion"},{"floor":44,"key":"Swift Potion"},{"floor":45,"key":"Block Potion"},{"floor":48,"key":"Block Potion"}],"is_trial":false,"path_per_floor":["M","?","M","?","$","R","E","R","T","R","E","M","E","M","R","B",null,"M","M","?","$","M","E","R","E","T","M","R","M","?","E","R","B",null,"M","?","M","$","M","R","?","E","T","M","E","M","E","M","R","B",null],"character_chosen":"IRONCLAD","items_purchased":["Secret Weapon","Offering","Inflame+1"],"campfire_rested":0,"item_purchase_floors":[5,21,38],"current_hp_per_floor":[80,90,93,82,82,82,83,83,83,83,103,106,109,108,108,115,115,117,120,120,120,114,102,102,85,85,142,142,142,142,116,116,127,148,133,133,118,118,113,113,113,163,163,159,167,160,175,171,171,178],"gold":523,"neow_bonus":"","is_prod":false,"is_daily":true,"chose_seed":false,"campfire_upgraded":5,"win_rate":0,"timestamp":1560973164,"path_taken":["M","?","?","?","$","R","E","R","T","R","?","M","E","M","R","BOSS","M","M","?","$","M","E","R","E","T","M","R","M","?","E","R","BOSS","M","?","M","$","M","R","?","E","T","M","E","M","E","M","R","BOSS"],"build_version":"2019-01-23","purchased_purges":0,"victory":true,"max_hp_per_floor":[80,90,93,93,93,93,100,100,100,100,103,106,109,112,112,115,115,118,121,121,121,127,133,133,136,136,142,142,142,142,145,145,148,148,151,151,154,154,160,160,160,163,163,166,169,172,175,178,178,178],"card_choices":[{"not_picked":["Iron Wave","Sentinel","Shockwave"],"picked":"SKIP","floor":1.0},{"not_picked":["Reckless Charge","Hemokinesis"],"picked":"Shrug It Off","floor":3.0},{"not_picked":["True Grit","Rupture"],"picked":"Metallicize","floor":7.0},{"not_picked":["Barricade","Armaments","Havoc"],"picked":"SKIP","floor":11.0},{"not_picked":["Evolve","Headbutt","Shrug It Off"],"picked":"SKIP","floor":12.0},{"not_picked":["Spot Weakness","Entrench"],"picked":"Impervious","floor":13.0},{"not_picked":["Iron Wave","Entrench"],"picked":"Corruption","floor":14.0},{"not_picked":["Clash","Power Through","Hemokinesis"],"picked":"SKIP","floor":18.0},{"not_picked":["Hemokinesis","Pommel Strike"],"picked":"Body Slam+1","floor":19.0},{"not_picked":["Combust","True Grit","Anger+1"],"picked":"SKIP","floor":22.0},{"not_picked":["Intimidate","Infernal Blade","Dropkick"],"picked":"SKIP","floor":23.0},{"not_picked":["Clothesline+1","Wild Strike+1","Clash"],"picked":"SKIP","floor":25.0},{"not_picked":["Ghostly Armor+1","Corruption+1","Headbutt"],"picked":"SKIP","floor":27.0},{"not_picked":["Flex","Heavy Blade","Rampage"],"picked":"SKIP","floor":29.0},{"not_picked":["Sever Soul","Pommel Strike","Whirlwind+1"],"picked":"SKIP","floor":31.0},{"not_picked":["Twin Strike+1","Perfected Strike+1","Sever Soul"],"picked":"SKIP","floor":35},{"not_picked":["Perfected Strike","Ghostly Armor+1","Bloodletting+1"],"picked":"SKIP","floor":37},{"not_picked":["Combust+1","Heavy Blade"],"picked":"Shrug It Off+1","floor":39},{"not_picked":["Seeing Red","Sword Boomerang+1"],"picked":"Feel No Pain+1","floor":42},{"not_picked":["Searing Blow+1","Cleave","Disarm"],"picked":"SKIP","floor":44},{"not_picked":["Sever Soul","Brutality+1","Rage"],"picked":"SKIP","floor":45},{"not_picked":["Pommel Strike+1","Wild Strike","Heavy Blade+1"],"picked":"SKIP","floor":46},{"not_picked":["Clash+1","Perfected Strike+1","Flex+1"],"picked":"SKIP","floor":47},{"not_picked":["Pummel+1","Searing Blow","Carnage+1"],"picked":"SKIP","floor":48}],"player_experience":978042,"relics_obtained":[{"floor":7.0,"key":"Strawberry"},{"floor":9.0,"key":"Vajra"},{"floor":11.0,"key":"Shovel"},{"floor":13.0,"key":"Omamori"},{"floor":23.0,"key":"Boot"},{"floor":24.0,"key":"Bronze Scales"},{"floor":25.0,"key":"Frozen Egg 2"},{"floor":26.0,"key":"Regal Pillow"},{"floor":28.0,"key":"Bag of Marbles"},{"floor":31.0,"key":"Anchor"},{"floor":32.0,"key":"Pen Nib"},{"floor":41,"key":"Magic Flower"},{"floor":42,"key":"Turnip"},{"floor":42,"key":"Blood Vial"},{"floor":43,"key":"Potion Belt"},{"floor":45,"key":"Dream Catcher"},{"floor":45,"key":"Meat on the Bone"},{"floor":47,"key":"Ornamental Fan"},{"floor":47,"key":"Art of War"},{"floor":49,"key":"Letter Opener"}],"event_choices":[{"cards_removed":["Berserk"],"damage_healed":0.0,"max_hp_gain":10.0,"max_hp_loss":0.0,"gold_gain":0.0,"event_name":"Bonfire Elementals","player_choice":"Offered Rare","floor":2.0,"gold_loss":0.0,"damage_taken":0.0},{"damage_healed":0.0,"max_hp_gain":0.0,"max_hp_loss":0.0,"gold_gain":75.0,"event_name":"World of Goop","player_choice":"Gather Gold","floor":4.0,"gold_loss":0.0,"damage_taken":11.0},{"damage_healed":0.0,"max_hp_gain":0.0,"max_hp_loss":0.0,"gold_gain":0.0,"event_name":"Addict","player_choice":"Obtained Relic","floor":30.0,"gold_loss":85.0,"damage_taken":0.0,"relics_obtained":["Happy Flower"]},{"damage_healed":0,"gold_gain":0,"player_choice":"Ignored","damage_taken":0,"max_hp_gain":0,"max_hp_loss":0,"event_name":"Tomb of Lord Red Mask","floor":36,"gold_loss":0},{"damage_healed":0,"gold_gain":0,"player_choice":"Fight","damage_taken":0,"max_hp_gain":0,"max_hp_loss":0,"event_name":"MindBloom","floor":41,"gold_loss":0}],"is_beta":false,"boss_relics":[{"not_picked":["Runic Cube","Ectoplasm"],"picked":"Cursed Key"},{"not_picked":["Busted Crown","Orrery"],"picked":"Black Star"}],"items_purged_floors":[],"is_endless":false,"potions_floor_spawned":[1,11,13,14,16,18,23,27,29,35,39,44,45,48],"ascension_level":0}