{"gold_per_floor":[109,129,142,317,337,337,368,368,395,411,411,427,427,443,443,547,547,560,609,534,552,237,237,263,263,263,263,293,293],"floor_reached":29,"playtime":1793,"items_purged":["Strike_G"],"score":313,"play_id":"cabca5ba-845e-4eb0-9b9b-781dc40d69c7","local_time":"20190224161501","is_ascension_mode":false,"campfire_choices":[{"data":"Deadly Poison","floor":6,"key":"SMITH"},{"data":"Deadly Poison","floor":8,"key":"SMITH"},{"data":"Dagger Spray","floor":15,"key":"SMITH"},{"data":"Cloak And Dagger","floor":23,"key":"SMITH"},{"data":"Iron Wave","floor":25,"key":"SMITH"}],"neow_cost":"NONE","seed_source_timestamp":224726067493587,"circlet_count":0,"master_deck":["Defend_G","Defend_G","Defend_G","Defend_G","Defend_G","Strike_G","Strike_G","Strike_G","Survivor","Neutralize+1","Deadly Poison+1","Deadly Poison+1","Backflip","Cloak And Dagger+1","Deflect","Dagger Spray+1","Iron Wave+1","Slice+1","Sucker Punch+1","Acrobatics","Prepared+1"],"relics":["White Beast Statue","Ancient Tea Set","Regal Pillow","Black Star","Blood Vial","Ninja Scroll","Dream Catcher","Pantograph","Turnip","Molten Egg 2","The Courier"],"potions_floor_usage":[5,7,7,16,16,16,18,21,28,29],"damage_taken":[{"damage":0,"enemies":"2 Louse","floor":1,"turns":3},{"damage":0,"enemies":"Cultist","floor":2,"turns":5},{"damage":1,"enemies":"Jaw Worm","floor":3,"turns":4},{"damage":4,"enemies":"Lots of Slimes","floor":5,"turns":5},{"damage":6,"enemies":"3 Sentries","floor":7,"turns":11},{"damage":8,"enemies":"Red Slaver","floor":10,"turns":2},{"damage":4,"enemies":"2 Fungi Beasts","floor":12,"turns":4},{"damage":1,"enemies":"3 Louse","floor":14,"turns":4},{"damage":0,"enemies":"Hexaghost","floor":16,"turns":9},{"damage":7,"enemies":"Shell Parasite","floor":18,"turns":5},{"damage":12,"enemies":"2 Thieves","floor":21,"turns":4},{"damage":32,"enemies":"Gremlin Leader","floor":24,"turns":7},{"damage":32,"enemies":"Slavers","floor":28,"turns":8},{"damage":12,"enemies":"3 Cultists","floor":29,"turns":4}],"seed_played":"-3572884773550324598","potions_obtained":[{"floor":1,"key":"PowerPotion"},{"floor":2,"key":"EssenceOfSteel"},{"floor":3,"key":"Dexterity Potion"},{"floor":5,"key":"EssenceOfSteel"},{"floor":7,"key":"SteroidPotion"},{"floor":10,"key":"GamblersBrew"},{"floor":12,"key":"Strength Potion"},{"floor":14,"key":"EssenceOfSteel"},{"floor":16,"key":"Poison Potion"},{"floor":18,"key":"Explosive Potion"},{"floor":21,"key":"FairyPotion"},{"floor":24,"key":"SpeedPotion"},{"floor":28,"key":"FearPotion"}],"is_trial":false,"path_per_floor":["M","M","M","?","M","R","E","R","T","M","?","M","?","M","R","B",null,"M","T","?","M","$","R","E","R","T","?","E","M"],"character_chosen":"THE_SILENT","items_purchased":["Ninja Scroll"],"campfire_rested":0,"item_purchase_floors":[22],"current_hp_per_floor":[70,70,69,69,65,65,59,59,59,51,51,47,47,46,46,46,70,63,63,63,53,53,53,23,23,23,23,5,0],"gold":293,"neow_bonus":"BOSS_RELIC","is_prod":false,"is_daily":false,"chose_seed":false,"campfire_upgraded":5,"win_rate":0,"timestamp":1551024901,"path_taken":["M","M","M","?","M","R","E","R","T","M","?","?","?","?","R","BOSS","M","?","?","M","$","R","E","R","T","?","E","M"],"build_version":"2019-01-23","purchased_purges":1,"victory":false,"max_hp_per_floor":[70,70,70,70,70,70,70,70,70,70,70,70,70,70,70,70,70,70,70,70,70,70,70,70,70,70,70,70,70],"card_choices":[{"not_picked":["PiercingWail","Prepared"],"picked":"Deadly Poison","floor":1},{"not_picked":["Deflect","Masterful Stab"],"picked":"Deadly Poison","floor":2},{"not_picked":["Tools of the Trade","Prepared"],"picked":"Backflip","floor":3},{"not_picked":["Quick Slash","Endless Agony"],"picked":"Cloak And Dagger","floor":5},{"not_picked":["Infinite Blades","Catalyst"],"picked":"Deflect","floor":7},{"not_picked":["Slice","Poisoned Stab"],"picked":"Dagger Spray","floor":10},{"not_picked":["Quick Slash","Leg Sweep","Masterful Stab"],"picked":"SKIP","floor":12},{"not_picked":["Masterful Stab","Underhanded Strike","Backflip"],"picked":"SKIP","floor":14},{"not_picked":["Escape Plan","Dagger Spray"],"picked":"Slice+1","floor":18},{"not_picked":["Dodge and Roll","Backflip"],"picked":"Sucker Punch+1","floor":21},{"not_picked":["Deflect","Tactician"],"picked":"Acrobatics","floor":24},{"not_picked":["Venomology","Terror"],"picked":"Prepared+1","floor":28}],"player_experience":489177,"relics_obtained":[{"floor":7,"key":"Ancient Tea Set"},{"floor":9,"key":"Regal Pillow"},{"floor":19,"key":"Blood Vial"},{"floor":24,"key":"Dream Catcher"},{"floor":24,"key":"Pantograph"},{"floor":26,"key":"Turnip"},{"floor":28,"key":"Molten Egg 2"},{"floor":28,"key":"The Courier"}],"event_choices":[{"damage_healed":0,"gold_gain":175,"player_choice":"AGREE","damage_taken":0,"max_hp_gain":0,"max_hp_loss":0,"event_name":"Liars Game","floor":4,"gold_loss":0,"cards_obtained":["Doubt"]},{"cards_removed":["Doubt"],"damage_healed":0,"gold_gain":0,"player_choice":"Took Card","damage_taken":0,"max_hp_gain":0,"max_hp_loss":0,"event_name":"NoteForYourself","floor":11,"gold_loss":0,"cards_obtained":["Iron Wave"]},{"damage_healed":0,"gold_gain":0,"player_choice":"Upgraded","damage_taken":0,"max_hp_gain":0,"max_hp_loss":0,"event_name":"Upgrade Shrine","floor":13,"gold_loss":0,"cards_upgraded":["Neutralize"]},{"cards_removed":["Strike_G"],"damage_healed":0,"gold_gain":0,"player_choice":"Gave Gold","damage_taken":0,"max_hp_gain":0,"max_hp_loss":0,"event_name":"Beggar","floor":20,"gold_loss":75},{"damage_healed":0,"gold_gain":0,"player_choice":"Ignored","damage_taken":0,"max_hp_gain":0,"max_hp_loss":0,"event_name":"Cursed Tome","floor":27,"gold_loss":0}],"is_beta":false,"boss_relics":[{"not_picked":["Orrery","Busted Crown"],"picked":"Black Star"}],"items_purged_floors":[22],"is_endless":false,"potions_floor_spawned":[1,2,3,5,7,10,12,14,16,18,21,24,28],"killed_by":"3 Cultists","ascension_level":0}