{"gold_per_floor":[112,131,131,149,149,149,2,36,36,36,54,74,74],"floor_reached":13,"playtime":554,"items_purged":[],"score":128,"play_id":"6401e01b-75ae-44ef-9fca-a5c0cb2b93b8","local_time":"20190312103051","is_ascension_mode":true,"campfire_choices":[{"data":"Dash","floor":6,"key":"SMITH"}],"neow_cost":"NONE","seed_source_timestamp":306741536072266,"circlet_count":0,"master_deck":["AscendersBane","Defend_G","Defend_G","Defend_G","Defend_G","Defend_G","Strike_G","Strike_G","Strike_G","Strike_G","Strike_G","Survivor","Neutralize","Quick Slash","Footwork","Dash+1","A Thousand Cuts","Setup"],"relics":["Ring of the Snake","NeowsBlessing","NlothsMask","Gambling Chip","Bag of Marbles","The Courier"],"potions_floor_usage":[13,13,13],"damage_taken":[{"damage":0,"enemies":"2 Louse","floor":1,"turns":1},{"damage":0,"enemies":"Cultist","floor":2,"turns":1},{"damage":0,"enemies":"Small Slimes","floor":4,"turns":1},{"damage":43,"enemies":"Gremlin Nob","floor":8,"turns":6},{"damage":0,"enemies":"2 Fungi Beasts","floor":11,"turns":3},{"damage":1,"enemies":"Exordium Wildlife","floor":12,"turns":6},{"damage":15,"enemies":"3 Sentries","floor":13,"turns":6}],"seed_played":"5282079448815355492","potions_obtained":[{"floor":4,"key":"SkillPotion"},{"floor":8,"key":"Poison Potion"},{"floor":11,"key":"SkillPotion"}],"is_trial":false,"path_per_floor":["M","M","?","M","?","R","$","E","T","?","M","M","E"],"character_chosen":"THE_SILENT","items_purchased":["Bag of Marbles"],"campfire_rested":0,"item_purchase_floors":[7],"current_hp_per_floor":[63,63,63,63,56,56,56,13,13,13,13,12,0],"gold":74,"neow_bonus":"THREE_ENEMY_KILL","is_prod":false,"is_daily":false,"chose_seed":false,"campfire_upgraded":1,"win_rate":0,"timestamp":1552386651,"path_taken":["M","M","?","?","?","R","$","E","T","?","M","M","E"],"build_version":"2019-01-23","purchased_purges":0,"victory":false,"max_hp_per_floor":[70,70,70,70,70,70,70,70,70,70,70,70,70],"card_choices":[{"not_picked":["Deadly Poison","Slice"],"picked":"Quick Slash","floor":1},{"not_picked":["Heel Hook","Finisher"],"picked":"Footwork","floor":2},{"not_picked":["Dagger Spray","Blade Dance"],"picked":"Dash","floor":4},{"not_picked":["Concentrate","Bane","Outmaneuver"],"picked":"SKIP","floor":8},{"not_picked":["Blade Dance","Finisher"],"picked":"A Thousand Cuts","floor":11},{"not_picked":["Blade Dance","Quick Slash"],"picked":"Setup","floor":12}],"player_experience":614798,"relics_obtained":[{"floor":8,"key":"The Courier"}],"event_choices":[{"damage_healed":0,"gold_gain":0,"player_choice":"Trade","damage_taken":0,"relics_obtained":["NlothsMask"],"max_hp_gain":0,"max_hp_loss":0,"event_name":"FaceTrader","floor":3,"gold_loss":0},{"damage_healed":0,"gold_gain":0,"player_choice":"Success","damage_taken":7,"relics_obtained":["Gambling Chip"],"max_hp_gain":0,"max_hp_loss":0,"event_name":"Scrap Ooze","floor":5,"gold_loss":0},{"damage_healed":0,"gold_gain":0,"player_choice":"Ignored","damage_taken":0,"max_hp_gain":0,"max_hp_loss":0,"event_name":"Shining Light","floor":10,"gold_loss":0}],"is_beta":false,"boss_relics":[],"items_purged_floors":[],"is_endless":false,"potions_floor_spawned":[4,8,11],"killed_by":"3 Sentries","ascension_level":10}