{"path_per_floor":["M","M","M","?","M","R","E","R","T","E","M","M","R","?","R","B",null,"M","?","$","?","M","R","E","R","T","?","M","E","M","M","R","B",null,"M","M","$","M","$","E","?","M","T","E","?","M","E","$","R","B"],"character_chosen":"IRONCLAD","items_purchased":["Regal Pillow","Whetstone"],"gold_per_floor":[110,128,144,144,162,162,192,192,192,225,241,257,257,257,257,358,358,378,378,147,147,164,164,190,190,190,190,207,234,246,261,261,358,358,368,381,128,148,23,53,53,71,119,153,0,18,48,48,48,48],"floor_reached":51,"campfire_rested":0,"playtime":3419,"current_hp_per_floor":[72,72,72,58,49,49,35,35,35,41,47,53,53,46,46,35,72,56,56,56,43,52,52,70,70,70,70,77,87,85,87,87,75,87,87,87,87,69,69,85,85,79,79,71,71,77,87,87,87,87],"items_purged":["Strike_R","Flex","Defend_R"],"gold":48,"score":949,"play_id":"5a82120a-94f1-45d6-a8bc-a32d73829175","is_prod":false,"is_daily":false,"is_ascension_mode":true,"campfire_upgraded":4,"path_taken":["M","M","?","?","M","R","E","R","T","E","M","M","R","?","R","BOSS","M","?","$","?","?","R","E","R","T","?","?","E","M","M","R","BOSS","M","M","$","M","$","E","?","M","T","E","?","?","E","?","R","BOSS"],"build_version":"2018-02-15-PROD1","purchased_purges":3,"victory":true,"master_deck":["Strike_R+1","Strike_R+1","Defend_R+1","Defend_R+1","Bash+1","Pummel+1","Double Tap+1","Inflame+1","Heavy Blade+1","Limit Break+1","Whirlwind+1","Reaper","Flex+1","Evolve+1","Power Through+1","Havoc+1","Sword Boomerang+1"],"max_hp_per_floor":[72,72,72,72,72,72,72,72,72,72,72,72,72,72,72,72,72,72,72,72,77,77,77,77,77,77,77,77,87,87,87,87,87,87,87,87,87,87,87,87,87,87,87,87,87,87,87,87,87,87],"relics":["Burning Blood","Lantern","Girya","Bottled Flame","Snecko Eye","Regal Pillow","Orichalcum","Frozen Eye","Pear","Velvet Choker","Whetstone","Pen Nib","Bag of Marbles","Bronze Scales","Red Mask","Peace Pipe"],"card_choices":[{"not_picked":["True Grit","Second Wind"],"picked":"Inflame"},{"not_picked":["Headbutt","Thunderclap"],"picked":"Clash"},{"not_picked":["Anger","Shrug It Off"],"picked":"Heavy Blade"},{"not_picked":["Reaper","Shrug It Off"],"picked":"Limit Break"},{"not_picked":["Sword Boomerang","Warcry"],"picked":"Whirlwind"},{"not_picked":["Juggernaut","Impervious"],"picked":"Reaper"},{"not_picked":["Shockwave","Pummel"],"picked":"Flex"},{"not_picked":["Shockwave","Clash"],"picked":"Flex"},{"not_picked":["Perfected Strike","Twin Strike"],"picked":"Evolve"},{"not_picked":["Burning Pact","Seeing Red"],"picked":"Power Through"},{"not_picked":["Wild Strike","Hemokinesis"],"picked":"Havoc"},{"not_picked":["Battle Trance","Hemokinesis"],"picked":"Sword Boomerang"}],"player_experience":170167,"potions_floor_usage":[11,12,24,44,50],"damage_taken":[{"damage":1,"enemies":"Cultist","floor":1,"turns":3},{"damage":1,"enemies":"2 Louse","floor":2,"turns":3},{"damage":0,"enemies":"Small Slimes","floor":3,"turns":2},{"damage":15,"enemies":"3 Louse","floor":5,"turns":3},{"damage":20,"enemies":"Lagavulin","floor":7,"turns":5},{"damage":0,"enemies":"Gremlin Nob","floor":10,"turns":2},{"damage":0,"enemies":"Looter","floor":11,"turns":1},{"damage":0,"enemies":"Blue Slaver","floor":12,"turns":1},{"damage":17,"enemies":"The Guardian","floor":16,"turns":5},{"damage":22,"enemies":"2 Thieves","floor":18,"turns":2},{"damage":0,"enemies":"Chosen","floor":22,"turns":2},{"damage":13,"enemies":"Slavers","floor":24,"turns":4},{"damage":0,"enemies":"Centurion and Healer","floor":28,"turns":2},{"damage":6,"enemies":"Book of Stabbing","floor":29,"turns":2},{"damage":8,"enemies":"Snake Plant","floor":30,"turns":2},{"damage":6,"enemies":"Cultist and Chosen","floor":31,"turns":3},{"damage":18,"enemies":"Automaton","floor":33,"turns":4},{"damage":0,"enemies":"3 Darklings","floor":35,"turns":2},{"damage":0,"enemies":"Orb Walker","floor":36,"turns":2},{"damage":29,"enemies":"Sphere and 2 Shapes","floor":38,"turns":3},{"damage":15,"enemies":"2 Orb Walkers","floor":40,"turns":3},{"damage":12,"enemies":"4 Shapes","floor":42,"turns":1},{"damage":22,"enemies":"Nemesis","floor":44,"turns":3},{"damage":0,"enemies":"3 Darklings","floor":46,"turns":1},{"damage":7,"enemies":"Giant Head","floor":47,"turns":3},{"damage":0,"enemies":"Time Eater","floor":50,"turns":2}],"event_choices":[{"event_name":"Shining Light","player_choice":"Entered Light","floor":4,"damage_taken":0},{"event_name":"Golden Wing","player_choice":"Card Removal","floor":14,"damage_taken":0},{"event_name":"Back to Basics","player_choice":"Simplicity","floor":19,"damage_taken":0},{"event_name":"Forgotten Altar","player_choice":"Shed Blood","floor":21,"damage_taken":0},{"event_name":"The Mausoleum","player_choice":"No","floor":27,"damage_taken":0},{"event_name":"Accursed Blacksmith","player_choice":"Ignore","floor":41,"damage_taken":0},{"event_name":"Tomb of Lord Red Mask","player_choice":"Paid","floor":45,"damage_taken":0}],"boss_relics":[{"not_picked":["Cursed Key","Tiny House"],"picked":"Snecko Eye"},{"not_picked":["Philosopher\u0027s Stone","Question Card"],"picked":"Velvet Choker"}],"potions_floor_spawned":[3,7,10,11,18,31,33,38,42,46,47],"seed_played":"6922081915701476232","ascension_level":4,"is_trial":false}