{"gold_per_floor":[114,129,144,244,259,274,274,304,329,129,159,159,174,189,189,289,289,304,304,304,319,334,34,49,79,79,79,94,94,109,109,109,209,209,224,239,254,269,284,284,57,72,72,87,117,117,147,162,162,162],"floor_reached":51,"playtime":3200,"items_purged":[],"score":897,"play_id":"41137ba2-949e-45eb-ad48-25f29be4a9cf","local_time":"20190803141925","daily_mods":["SealedDeck","Uncertain Future","DeadlyEvents"],"is_ascension_mode":false,"campfire_choices":[{"data":"Flechettes","floor":7.0,"key":"SMITH"},{"data":"Crippling Poison","floor":12.0,"key":"SMITH"},{"data":"Footwork","floor":15.0,"key":"SMITH"},{"data":"Well Laid Plans","floor":27.0,"key":"SMITH"},{"data":"Corpse Explosion","floor":29.0,"key":"SMITH"},{"data":"Bouncing Flask","floor":32.0,"key":"SMITH"},{"data":"Deadly Poison","floor":40,"key":"SMITH"},{"data":"PiercingWail","floor":46,"key":"SMITH"},{"floor":49,"key":"REST"}],"neow_cost":"","seed_source_timestamp":0,"circlet_count":0,"master_deck":["Backflip","Quick Slash","Poisoned Stab","Blur","Cloak And Dagger","Cloak And Dagger","Backflip","Skewer","Deadly Poison+1","Well Laid Plans+1","Crippling Poison+1","Flechettes+1","PiercingWail+1","All Out Attack","Infinite Blades","PiercingWail","Leg Sweep","Flying Knee","Leg Sweep","Footwork+1","Corpse Explosion+1","Deflect","Bouncing Flask+1","Catalyst+1","Deadly Poison+1","Catalyst+1","Parasite","Dodge and Roll+1","Escape Plan","Parasite","Acrobatics"],"special_seed":18111,"relics":["Ring of the Snake","Mercury Hourglass","Strawberry","Bronze Scales","Busted Crown","Thread and Needle","Torii","Prayer Wheel","Black Star","Happy Flower","Frozen Egg 2","Pear","Dodecahedron","Dream Catcher","Incense Burner"],"potions_floor_usage":[50,50],"damage_taken":[{"damage":0.0,"enemies":"Small Slimes","floor":1.0,"turns":3.0},{"damage":0.0,"enemies":"Cultist","floor":2.0,"turns":3.0},{"damage":1.0,"enemies":"Jaw Worm","floor":3.0,"turns":3.0},{"damage":3.0,"enemies":"Blue Slaver","floor":5.0,"turns":4.0},{"damage":0.0,"enemies":"3 Louse","floor":6.0,"turns":2.0},{"damage":10.0,"enemies":"3 Sentries","floor":8.0,"turns":5.0},{"damage":6.0,"enemies":"Gremlin Nob","floor":11.0,"turns":3.0},{"damage":0.0,"enemies":"2 Fungi Beasts","floor":13.0,"turns":2.0},{"damage":3.0,"enemies":"Gremlin Gang","floor":14.0,"turns":2.0},{"damage":7.0,"enemies":"Hexaghost","floor":16.0,"turns":8.0},{"damage":0.0,"enemies":"3 Byrds","floor":18.0,"turns":4.0},{"damage":3.0,"enemies":"Shell Parasite","floor":21.0,"turns":4.0},{"damage":0.0,"enemies":"Centurion and Healer","floor":22.0,"turns":4.0},{"damage":0.0,"enemies":"Cultist and Chosen","floor":24.0,"turns":3.0},{"damage":0.0,"enemies":"Book of Stabbing","floor":25.0,"turns":5.0},{"damage":0.0,"enemies":"Snake Plant","floor":28.0,"turns":3.0},{"damage":0.0,"enemies":"Sentry and Sphere","floor":30.0,"turns":3.0},{"damage":0.0,"enemies":"Collector","floor":33.0,"turns":5.0},{"damage":1.0,"enemies":"3 Darklings","floor":35.0,"turns":4.0},{"damage":0.0,"enemies":"Orb Walker","floor":36.0,"turns":2.0},{"damage":1.0,"enemies":"Writhing Mass","floor":37.0,"turns":4.0},{"damage":0,"enemies":"3 Darklings","floor":38,"turns":4},{"damage":0,"enemies":"4 Shapes","floor":39,"turns":3},{"damage":0,"enemies":"Maw","floor":42,"turns":5},{"damage":0,"enemies":"Spire Growth","floor":44,"turns":4},{"damage":0,"enemies":"Nemesis","floor":45,"turns":5},{"damage":0,"enemies":"Giant Head","floor":47,"turns":5},{"damage":0,"enemies":"Writhing Mass","floor":48,"turns":4},{"damage":3,"enemies":"Time Eater","floor":50,"turns":5}],"seed_played":"407684035303193076","potions_obtained":[{"floor":1.0,"key":"SpeedPotion"},{"floor":5.0,"key":"FairyPotion"},{"floor":11.0,"key":"Strength Potion"},{"floor":16.0,"key":"SpeedPotion"},{"floor":24.0,"key":"SteroidPotion"},{"floor":28.0,"key":"Weak Potion"}],"is_trial":false,"path_per_floor":["M","M","M","?","M","M","R","E","T","$","E","R","M","M","R","B",null,"M","?","?","M","M","$","M","E","T","R","M","R","M","?","R","B",null,"M","M","M","M","M","R","$","M","T","M","E","R","E","M","R","B",null],"character_chosen":"THE_SILENT","items_purchased":["Infinite Blades","PiercingWail","Leg Sweep","Thread and Needle","Happy Flower","Escape Plan"],"campfire_rested":1,"item_purchase_floors":[10,10,10,23,41,41],"current_hp_per_floor":[70,70,69,69,66,66,66,56,63,63,57,57,57,54,54,47,77,77,63,63,60,60,60,60,60,60,60,60,60,60,60,60,60,82,81,81,80,80,80,80,80,80,80,80,90,90,90,90,92,89],"gold":162,"neow_bonus":"","is_prod":false,"is_daily":true,"chose_seed":false,"campfire_upgraded":8,"win_rate":0,"timestamp":1564838365,"path_taken":["M","M","M","?","M","M","R","E","T","$","?","R","M","?","R","BOSS","M","?","?","M","M","$","M","E","T","R","M","R","M","?","R","BOSS","M","M","M","?","M","R","$","M","T","?","?","R","E","M","R","BOSS"],"build_version":"2019-07-17","purchased_purges":0,"victory":true,"max_hp_per_floor":[70,70,70,70,70,70,70,70,77,77,77,77,77,77,77,77,77,77,82,82,82,82,82,82,82,82,82,82,82,82,82,82,82,82,82,82,82,82,82,82,82,82,82,82,92,92,92,92,92,92],"card_choices":[{"not_picked":["Well Laid Plans","Underhanded Strike"],"picked":"Crippling Poison","floor":1.0},{"not_picked":["Poisoned Stab","Backflip"],"picked":"Flechettes","floor":2.0},{"not_picked":["Endless Agony","Quick Slash","Calculated Gamble"],"picked":"SKIP","floor":3.0},{"not_picked":["Underhanded Strike","Slice"],"picked":"PiercingWail","floor":5.0},{"not_picked":["Poisoned Stab","Bouncing Flask"],"picked":"All Out Attack","floor":6.0},{"not_picked":["Skewer","Prepared","Accuracy"],"picked":"SKIP","floor":8.0},{"not_picked":["Grand Finale","Acrobatics"],"picked":"Flying Knee","floor":11.0},{"not_picked":["Distraction","Flying Knee"],"picked":"Leg Sweep","floor":13.0},{"not_picked":["Predator","Flying Knee"],"picked":"Footwork","floor":14.0},{"not_picked":["Burst","Bullet Time"],"picked":"Corpse Explosion","floor":16.0},{"not_picked":["Poisoned Stab"],"picked":"SKIP","floor":18.0},{"not_picked":[],"picked":"Bouncing Flask","floor":21.0},{"not_picked":["Terror+1"],"picked":"SKIP","floor":22.0},{"not_picked":["Bane"],"picked":"SKIP","floor":24.0},{"not_picked":["Poisoned Stab"],"picked":"SKIP","floor":25.0},{"not_picked":[],"picked":"Catalyst+1","floor":28.0},{"not_picked":["Masterful Stab"],"picked":"SKIP","floor":28.0},{"not_picked":["Dagger Throw"],"picked":"SKIP","floor":30.0},{"not_picked":["Blade Dance"],"picked":"SKIP","floor":30.0},{"not_picked":[],"picked":"Deadly Poison+1","floor":35.0},{"not_picked":[],"picked":"Catalyst+1","floor":35.0},{"not_picked":["Masterful Stab"],"picked":"SKIP","floor":36.0},{"not_picked":["Outmaneuver+1"],"picked":"SKIP","floor":36.0},{"not_picked":["Deflect"],"picked":"SKIP","floor":37.0},{"not_picked":["Quick Slash+1"],"picked":"SKIP","floor":37.0},{"not_picked":["Flying Knee+1"],"picked":"SKIP","floor":38},{"not_picked":["Accuracy+1"],"picked":"SKIP","floor":38},{"not_picked":[],"picked":"Dodge and Roll+1","floor":39},{"not_picked":["Prepared"],"picked":"SKIP","floor":39},{"not_picked":["Poisoned Stab+1"],"picked":"SKIP","floor":42},{"not_picked":["Poisoned Stab"],"picked":"SKIP","floor":42},{"not_picked":["Poisoned Stab"],"picked":"SKIP","floor":44},{"not_picked":["Accuracy+1"],"picked":"SKIP","floor":44},{"not_picked":["Tactician+1"],"picked":"SKIP","floor":45},{"not_picked":["Well Laid Plans+1"],"picked":"SKIP","floor":47},{"not_picked":[],"picked":"Acrobatics","floor":48},{"not_picked":["Poisoned Stab+1"],"picked":"SKIP","floor":48}],"player_experience":1057710,"relics_obtained":[{"floor":8.0,"key":"Mercury Hourglass"},{"floor":9.0,"key":"Strawberry"},{"floor":11.0,"key":"Bronze Scales"},{"floor":25.0,"key":"Torii"},{"floor":26.0,"key":"Prayer Wheel"},{"floor":43,"key":"Frozen Egg 2"},{"floor":45,"key":"Pear"},{"floor":45,"key":"Dodecahedron"},{"floor":47,"key":"Dream Catcher"},{"floor":47,"key":"Incense Burner"}],"event_choices":[{"damage_healed":0.0,"max_hp_gain":0.0,"max_hp_loss":0.0,"gold_gain":100.0,"event_name":"Golden Shrine","player_choice":"Pray","floor":4.0,"gold_loss":0.0,"damage_taken":0.0},{"damage_healed":0.0,"max_hp_gain":5.0,"max_hp_loss":0.0,"gold_gain":0.0,"event_name":"Forgotten Altar","player_choice":"Shed Blood","floor":19.0,"gold_loss":0.0,"damage_taken":19.0},{"damage_healed":0.0,"max_hp_gain":0.0,"max_hp_loss":0.0,"gold_gain":0.0,"event_name":"The Library","player_choice":"Read","floor":20.0,"gold_loss":0.0,"damage_taken":0.0,"cards_obtained":["Deflect"]},{"damage_healed":0.0,"max_hp_gain":0.0,"max_hp_loss":0.0,"gold_gain":0.0,"event_name":"The Woman in Blue","player_choice":"Bought 0 Potions","floor":31.0,"gold_loss":0.0,"damage_taken":0.0}],"is_beta":false,"boss_relics":[{"not_picked":["HoveringKite","Orrery"],"picked":"Busted Crown"},{"not_picked":["Ring of the Serpent","White Beast Statue"],"picked":"Black Star"}],"items_purged_floors":[],"is_endless":false,"potions_floor_spawned":[1,5,11,16,24,28,30,33,35,39,42,44,47],"ascension_level":0}