{"path_per_floor":["M","M","?","M","$","E","M","M","T","?","E","?","E","M","R","B",null,"M","?","?","?","?","E","R","M","T","T","M","$","?","$","R","B",null,"M","M","$","?","?","R","E","R","T","?","M","R","$","M","R","B"],"character_chosen":"IRONCLAD","items_purchased":["Good Instincts"],"gold_per_floor":[118,129,79,97,22,52,71,88,141,197,226,226,251,261,261,357,357,374,299,214,114,114,144,144,159,241,290,307,207,207,82,82,183,183,199,210,60,108,108,108,135,135,135,135,155,155,55,69,69,69],"floor_reached":51,"campfire_rested":6,"playtime":6641,"current_hp_per_floor":[78,80,80,80,80,53,57,59,59,55,53,53,48,48,48,33,80,80,80,80,80,80,34,58,63,63,63,63,63,48,48,73,67,85,85,83,83,43,43,68,37,66,66,66,71,99,99,82,99,37],"items_purged":["Defend_R","Defend_R","Spot Weakness","Strike_R"],"gold":69,"play_id":"0ccbbc43-74bb-44c4-9bb2-a7651e4b94db","is_prod":false,"is_daily":false,"is_ascension_mode":false,"campfire_upgraded":1,"path_taken":["M","M","?","M","$","E","M","M","T","?","E","?","E","M","R","BOSS","M","?","?","?","?","E","R","M","T","?","M","$","?","$","R","BOSS","M","M","$","?","?","R","E","R","T","?","M","R","$","M","R","BOSS"],"build_version":"2018-02-01-PROD3","purchased_purges":4,"victory":true,"master_deck":["Strike_R","Strike_R","Strike_R","Strike_R","Clash","Rage","Dual Wield+1","Iron Wave","Clothesline+1","Clash","Second Wind","Warcry+1","J.A.X.","Clash","Second Wind+1","Anger","Anger","Body Slam+1","Flex","Warcry+1","Intimidate","Rupture+1","Good Instincts","Flex+1"],"max_hp_per_floor":[80,80,80,80,80,80,80,80,80,80,80,80,80,80,80,80,80,80,80,80,80,80,80,80,80,80,80,80,80,85,85,85,85,85,85,85,85,85,85,85,99,99,99,99,99,99,99,99,99,99],"relics":["Burning Blood","Orichalcum","Omamori","Frozen Egg 2","Unceasing Top","Blood Vial","Black Star","Letter Opener","Juzu Bracelet","Dream Catcher","Oddly Smooth Stone","Shuriken","Lantern","Cursed Key","Sundial","Mango","Ginger","Gambling Chip"],"card_choices":[{"not_picked":["Heavy Blade","Sword Boomerang"],"picked":"Clash"},{"not_picked":["Body Slam","Battle Trance"],"picked":"Rage"},{"not_picked":["Perfected Strike","Armaments"],"picked":"Dual Wield"},{"not_picked":["Body Slam","Metallicize"],"picked":"Spot Weakness"},{"not_picked":["Combust","Cleave"],"picked":"Iron Wave"},{"not_picked":["Heavy Blade","Seeing Red"],"picked":"Clothesline"},{"not_picked":["Shrug It Off","Pummel"],"picked":"Clash"},{"not_picked":["Feel No Pain","Flame Barrier"],"picked":"Second Wind"},{"not_picked":["Reckless Charge","Pommel Strike"],"picked":"Warcry"},{"not_picked":["Rampage","Clothesline"],"picked":"Clash"},{"not_picked":["Warcry","Intimidate"],"picked":"Second Wind"},{"not_picked":["Iron Wave","Metallicize"],"picked":"Anger"},{"not_picked":["Rupture","Intimidate"],"picked":"Anger"},{"not_picked":["Power Through","Shrug It Off"],"picked":"Body Slam"},{"not_picked":["Shockwave","Clothesline"],"picked":"Flex"},{"not_picked":["True Grit","Heavy Blade"],"picked":"Warcry"},{"not_picked":["Dropkick","Twin Strike"],"picked":"Intimidate"},{"not_picked":["True Grit","Flame Barrier"],"picked":"Rupture"},{"not_picked":["Hemokinesis","Feel No Pain"],"picked":"Flex"}],"player_experience":46055,"potions_floor_usage":[50,50],"damage_taken":[{"damage":8.0,"enemies":"2 Louse","floor":1.0,"turns":3.0},{"damage":3.0,"enemies":"Small Slimes","floor":2.0,"turns":3.0},{"damage":3.0,"enemies":"Jaw Worm","floor":4.0,"turns":4.0},{"damage":33.0,"enemies":"3 Sentries","floor":6.0,"turns":9.0},{"damage":2.0,"enemies":"3 Louse","floor":7.0,"turns":4.0},{"damage":4.0,"enemies":"Large Slime","floor":8.0,"turns":7.0},{"damage":10.0,"enemies":"Gremlin Nob","floor":10.0,"turns":4.0},{"damage":8.0,"enemies":"Gremlin Nob","floor":11.0,"turns":5.0},{"damage":11.0,"enemies":"3 Sentries","floor":13.0,"turns":7.0},{"damage":8.0,"enemies":"Exordium Thugs","floor":14.0,"turns":4.0},{"damage":38.0,"enemies":"The Guardian","floor":16.0,"turns":7.0},{"damage":5.0,"enemies":"Chosen","floor":18.0,"turns":5.0},{"damage":52.0,"enemies":"Slavers","floor":23.0,"turns":6.0},{"damage":3.0,"enemies":"Spheric Guardian","floor":25.0,"turns":3.0},{"damage":8.0,"enemies":"Centurion and Healer","floor":28.0,"turns":4.0},{"damage":14.0,"enemies":"Champ","floor":33.0,"turns":7.0},{"damage":4.0,"enemies":"3 Darklings","floor":35.0,"turns":4.0},{"damage":8.0,"enemies":"Orb Walker","floor":36.0,"turns":2.0},{"damage":48.0,"enemies":"Mysterious Sphere","floor":38.0,"turns":3.0},{"damage":53.0,"enemies":"Nemesis","floor":41.0,"turns":7.0},{"damage":3.0,"enemies":"Sphere and 2 Shapes","floor":45.0,"turns":2.0},{"damage":23,"enemies":"4 Shapes","floor":48,"turns":2},{"damage":68,"enemies":"Donu and Deca","floor":50,"turns":6}],"event_choices":[{"event_name":"The Cleric","player_choice":"Card Removal","floor":3.0,"damage_taken":0.0},{"event_name":"Dead Adventurer","player_choice":"Searched \u00272\u0027 times","floor":10.0,"damage_taken":0.0},{"event_name":"Living Wall","player_choice":"Grow","floor":12.0,"damage_taken":0.0},{"event_name":"Beggar","player_choice":"Gave Gold","floor":19.0,"damage_taken":0.0},{"event_name":"Addict","player_choice":"Obtained Relic","floor":20.0,"damage_taken":0.0},{"event_name":"Drug Dealer","player_choice":"Got JAXXED","floor":21.0,"damage_taken":0.0},{"event_name":"The Mausoleum","player_choice":"Yes","floor":22.0,"damage_taken":0.0},{"event_name":"Forgotten Altar","player_choice":"Shed Blood","floor":30.0,"damage_taken":0.0},{"event_name":"Mysterious Sphere","player_choice":"Fight","floor":38.0,"damage_taken":0.0},{"event_name":"Tomb of Lord Red Mask","player_choice":"Ignored","floor":39.0,"damage_taken":0.0},{"event_name":"The Woman in Blue","player_choice":"Bought 0 Potions","floor":44.0,"damage_taken":0.0}],"boss_relics":[],"potions_floor_spawned":[2,4,6,8,10,18,33,35,38],"seed_played":"5984336044396284398","ascension_level":0,"is_trial":false}