{"gold_per_floor":[118,134,234,250,260,289,309,309,333,349,369,369,369,381,381,479,479,490,50,67,85,185,185,204,204,204,204,229,257,269,481,493,605,617,640,66,85,97,49,49,84,84,131,131,142,160,179,199,199,199],"floor_reached":50,"playtime":4281,"items_purged":["Strike_R"],"score":575,"play_id":"e2ea141f-1f6c-4a28-bba9-6ec4c832981d","local_time":"20181229152329","is_ascension_mode":false,"campfire_choices":[{"data":"Whirlwind","floor":8,"key":"SMITH"},{"data":"Bash","floor":13,"key":"SMITH"},{"floor":15,"key":"RECALL"},{"data":"Limit Break","floor":23,"key":"SMITH"},{"floor":27,"key":"REST"},{"floor":30,"key":"REST"},{"data":"Bloodletting","floor":32,"key":"SMITH"},{"data":"Armaments","floor":40,"key":"SMITH"},{"data":"Offering","floor":42,"key":"SMITH"},{"data":"Battle Trance","floor":44,"key":"SMITH"},{"data":"Metallicize","floor":49,"key":"SMITH"}],"neow_cost":"NONE","seed_source_timestamp":749441040729565,"circlet_count":0,"master_deck":["Strike_R","Strike_R","Strike_R","Defend_R","Defend_R","Defend_R","Bash+1","Whirlwind+1","Clash","Iron Wave","Flame Barrier","Metallicize+1","Dropkick","Limit Break+1","Flex+1","Metallicize","Spot Weakness","Carnage+1","Inflame+1","Heavy Blade+1","Battle Trance+1","Rupture+1","Bloodletting+1","Offering+1","Havoc+1","Armaments+1","Evolve+1","Sword Boomerang+1"],"relics":["Burning Blood","Mummified Hand","Vajra","Black Star","Ginger","Du-Vu Doll","Kunai","Pear","MawBank","Centennial Puzzle","Eternal Feather","Bottled Tornado","HandDrill","Potion Belt","Bird Faced Urn"],"potions_floor_usage":[16,16,22,22,29,33,50,50,50,50],"damage_taken":[{"damage":2,"enemies":"2 Louse","floor":1,"turns":2},{"damage":6,"enemies":"Cultist","floor":2,"turns":3},{"damage":0,"enemies":"Small Slimes","floor":4,"turns":3},{"damage":15,"enemies":"Exordium Thugs","floor":5,"turns":4},{"damage":44,"enemies":"3 Sentries","floor":6,"turns":9},{"damage":0,"enemies":"Large Slime","floor":7,"turns":6},{"damage":0,"enemies":"Red Slaver","floor":10,"turns":4},{"damage":2,"enemies":"Looter","floor":11,"turns":2},{"damage":0,"enemies":"Gremlin Gang","floor":14,"turns":3},{"damage":25,"enemies":"The Guardian","floor":16,"turns":8},{"damage":49,"enemies":"2 Thieves","floor":18,"turns":4},{"damage":0,"enemies":"Spheric Guardian","floor":20,"turns":3},{"damage":0,"enemies":"Chosen and Byrds","floor":21,"turns":4},{"damage":12,"enemies":"Colosseum Slavers","floor":22,"turns":3},{"damage":33,"enemies":"Colosseum Nobs","floor":22,"turns":6},{"damage":15,"enemies":"Centurion and Healer","floor":24,"turns":5},{"damage":34,"enemies":"Slavers","floor":28,"turns":3},{"damage":5,"enemies":"Cultist and Chosen","floor":29,"turns":3},{"damage":47,"enemies":"Champ","floor":33,"turns":7},{"damage":13,"enemies":"3 Darklings","floor":35,"turns":5},{"damage":3,"enemies":"Orb Walker","floor":37,"turns":2},{"damage":19,"enemies":"Maw","floor":38,"turns":3},{"damage":56,"enemies":"Nemesis","floor":41,"turns":7},{"damage":8,"enemies":"Writhing Mass","floor":45,"turns":3},{"damage":10,"enemies":"3 Darklings","floor":46,"turns":4},{"damage":22,"enemies":"Spire Growth","floor":47,"turns":3},{"damage":11,"enemies":"Writhing Mass","floor":48,"turns":2},{"damage":108,"enemies":"Awakened One","floor":50,"turns":6}],"seed_played":"-7364496974894416360","potions_obtained":[{"floor":1,"key":"LiquidBronze"},{"floor":5,"key":"Poison Potion"},{"floor":7,"key":"SmokeBomb"},{"floor":10,"key":"Strength Potion"},{"floor":14,"key":"FearPotion"},{"floor":18,"key":"Explosive Potion"},{"floor":21,"key":"Fire Potion"},{"floor":24,"key":"Swift Potion"},{"floor":28,"key":"SkillPotion"},{"floor":35,"key":"EntropicBrew"},{"floor":37,"key":"SteroidPotion"},{"floor":38,"key":"EssenceOfSteel"},{"floor":48,"key":"PowerPotion"}],"is_trial":false,"path_per_floor":["M","M","?","M","M","E","M","R","T","M","M","?","R","M","R","B",null,"M","$","M","M","?","R","M","?","T","R","E","M","R","?","R","B",null,"M","$","M","M","$","R","E","R","T","R","M","M","M","M","R","B"],"character_chosen":"IRONCLAD","items_purchased":["Ginger","Metallicize","Spot Weakness","Bottled Tornado","Armaments","HandDrill","PowerPotion"],"campfire_rested":2,"item_purchase_floors":[19,19,19,36,36,36,39],"current_hp_per_floor":[88,88,88,88,79,41,47,47,47,53,57,57,57,63,63,44,88,45,45,51,57,24,24,15,15,25,54,26,27,56,56,56,15,98,91,91,94,81,81,96,46,61,61,76,80,86,80,81,96,0],"gold":199,"neow_bonus":"TEN_PERCENT_HP_BONUS","is_prod":false,"is_daily":false,"chose_seed":false,"campfire_upgraded":8,"win_rate":0,"timestamp":1546097009,"path_taken":["M","M","?","?","M","E","M","R","T","M","M","?","R","M","R","BOSS","M","$","M","M","?","R","M","?","T","R","E","?","R","?","R","BOSS","M","$","M","M","$","R","E","R","T","R","M","?","M","M","R","BOSS"],"build_version":"2018-12-20","purchased_purges":1,"victory":false,"max_hp_per_floor":[88,88,88,88,88,88,88,88,88,88,88,88,88,88,88,88,88,88,88,88,88,88,88,88,88,98,98,98,98,98,98,98,98,98,98,98,98,98,98,98,98,98,98,98,98,98,98,98,98,98],"card_choices":[{"not_picked":["Headbutt","Anger"],"picked":"Whirlwind","floor":1},{"not_picked":["Heavy Blade","Wild Strike","Cleave"],"picked":"SKIP","floor":2},{"not_picked":["Bloodletting","Power Through"],"picked":"Clash","floor":4},{"not_picked":["Sentinel","Feel No Pain"],"picked":"Iron Wave","floor":5},{"not_picked":["Hemokinesis","Pommel Strike"],"picked":"Flame Barrier","floor":6},{"not_picked":["Sentinel","Warcry"],"picked":"Metallicize","floor":7},{"not_picked":["Immolate","Iron Wave"],"picked":"Dropkick","floor":10},{"not_picked":["Twin Strike","Pommel Strike","Sword Boomerang"],"picked":"SKIP","floor":11},{"not_picked":["Shrug It Off","Cleave","Sentinel"],"picked":"SKIP","floor":14},{"not_picked":["Juggernaut","Brutality"],"picked":"Limit Break","floor":16},{"not_picked":["Heavy Blade","Warcry+1"],"picked":"Flex+1","floor":18},{"not_picked":["Anger","Thunderclap"],"picked":"Carnage+1","floor":20},{"not_picked":["Thunderclap","Iron Wave+1"],"picked":"Inflame+1","floor":21},{"not_picked":["Iron Wave+1","Rage"],"picked":"Heavy Blade+1","floor":22},{"not_picked":["Sever Soul","Dropkick","Intimidate"],"picked":"SKIP","floor":24},{"not_picked":["Rage","Evolve+1"],"picked":"Rupture+1","floor":28},{"not_picked":["Hemokinesis","Immolate"],"picked":"Bloodletting","floor":29},{"not_picked":["Exhume","Fiend Fire"],"picked":"Offering","floor":33},{"not_picked":["Wild Strike+1","Flex"],"picked":"Havoc+1","floor":35},{"not_picked":["Perfected Strike+1","Havoc","Blood for Blood"],"picked":"SKIP","floor":37},{"not_picked":["Wild Strike","Rage","Shrug It Off+1"],"picked":"SKIP","floor":38},{"not_picked":["Barricade","Ghostly Armor+1"],"picked":"Evolve+1","floor":41},{"not_picked":["Carnage+1","Rage","Blood for Blood"],"picked":"SKIP","floor":45},{"not_picked":["Flame Barrier+1","Shockwave+1","Sentinel+1"],"picked":"SKIP","floor":46},{"not_picked":["Havoc+1","Rampage","True Grit"],"picked":"SKIP","floor":47},{"not_picked":["Armaments","Limit Break"],"picked":"Sword Boomerang+1","floor":48}],"player_experience":411327,"relics_obtained":[{"floor":6,"key":"Mummified Hand"},{"floor":9,"key":"Vajra"},{"floor":22,"key":"Du-Vu Doll"},{"floor":22,"key":"Kunai"},{"floor":26,"key":"Pear"},{"floor":28,"key":"MawBank"},{"floor":28,"key":"Centennial Puzzle"},{"floor":41,"key":"Potion Belt"},{"floor":41,"key":"Bird Faced Urn"}],"event_choices":[{"damage_healed":0,"gold_gain":100,"player_choice":"Pray","damage_taken":0,"max_hp_gain":0,"max_hp_loss":0,"event_name":"Golden Shrine","floor":3,"gold_loss":0},{"cards_removed":["Defend_R"],"damage_healed":0,"gold_gain":0,"player_choice":"Purged","damage_taken":0,"max_hp_gain":0,"max_hp_loss":0,"event_name":"Purifier","floor":12,"gold_loss":0},{"damage_healed":0,"gold_gain":0,"player_choice":"Fight","damage_taken":0,"max_hp_gain":0,"max_hp_loss":0,"event_name":"Colosseum","floor":22,"gold_loss":0},{"damage_healed":0,"gold_gain":0,"player_choice":"Fought Nobs","damage_taken":0,"max_hp_gain":0,"max_hp_loss":0,"event_name":"Colosseum","floor":22,"gold_loss":0},{"damage_healed":0,"gold_gain":0,"cards_transformed":["Strike_R"],"player_choice":"Transformed","damage_taken":0,"max_hp_gain":0,"max_hp_loss":0,"event_name":"Transmorgrifier","floor":25,"gold_loss":0,"cards_obtained":["Battle Trance"]},{"damage_healed":0,"gold_gain":200,"player_choice":"Gold","damage_taken":0,"max_hp_gain":0,"max_hp_loss":0,"event_name":"Wheel of Change","floor":31,"gold_loss":0}],"is_beta":false,"boss_relics":[{"not_picked":["Cursed Key","Mark of Pain"],"picked":"Black Star"},{"not_picked":["Astrolabe","Tiny House"],"picked":"Eternal Feather"}],"items_purged_floors":[36],"is_endless":false,"potions_floor_spawned":[1,5,7,10,14,18,21,22,24,28,35,37,38,48],"killed_by":"Awakened One","ascension_level":0}