{"gold_per_floor":[111,111,18,30,30,61,61,36,36,63,63,77,96,9,9,84,84,101,101,121,131,144,144,177,177,258,287,95,8,8,8],"floor_reached":31,"playtime":1318,"items_purged":["Strike_G"],"score":587,"play_id":"d348f996-6fe6-440f-b952-bc736d2aae8e","local_time":"20190731200126","is_ascension_mode":true,"campfire_choices":[{"data":"Neutralize","floor":7,"key":"SMITH"},{"data":"Caltrops","floor":11,"key":"SMITH"},{"data":"Cloak And Dagger","floor":15,"key":"SMITH"},{"floor":23,"key":"REST"},{"data":"Burst","floor":25,"key":"SMITH"}],"neow_cost":"NONE","seed_source_timestamp":882774747861800,"circlet_count":0,"master_deck":["AscendersBane","Strike_G","Strike_G","Defend_G","Defend_G","Defend_G","Defend_G","Defend_G","Survivor","Neutralize+1","Dagger Spray","Caltrops+1","Acrobatics","Deadly Poison","PiercingWail","Deadly Poison","Caltrops+1","Cloak And Dagger+1","Footwork+1","Blade Dance","Burst+1","All Out Attack","Catalyst","Noxious Fumes+1","Dash+1","Slice+1","Footwork+1","Blade Dance+1","Footwork+1","Cloak And Dagger+1"],"relics":["Ring of the Snake","NeowsBlessing","Art of War","Frozen Egg 2","Kunai","Sozu","Meat on the Bone","Molten Egg 2","Toxic Egg 2","Dead Branch"],"potions_floor_usage":[27],"damage_taken":[{"damage":0,"enemies":"Small Slimes","floor":1,"turns":1},{"damage":0,"enemies":"Jaw Worm","floor":4,"turns":1},{"damage":0,"enemies":"Gremlin Nob","floor":6,"turns":1},{"damage":28,"enemies":"Lagavulin","floor":10,"turns":7},{"damage":0,"enemies":"2 Louse","floor":12,"turns":2},{"damage":4,"enemies":"Red Slaver","floor":13,"turns":3},{"damage":0,"enemies":"Hexaghost","floor":16,"turns":8},{"damage":8,"enemies":"Shell Parasite","floor":18,"turns":5},{"damage":17,"enemies":"Spheric Guardian","floor":20,"turns":5},{"damage":24,"enemies":"Snecko","floor":21,"turns":8},{"damage":21,"enemies":"Sentry and Sphere","floor":22,"turns":6},{"damage":34,"enemies":"Gremlin Leader","floor":24,"turns":6},{"damage":20,"enemies":"Book of Stabbing","floor":27,"turns":4},{"damage":20,"enemies":"Chosen and Byrds","floor":31,"turns":4}],"seed_played":"-3187389732405684573","potions_obtained":[{"floor":12,"key":"LiquidBronze"},{"floor":13,"key":"Poison Potion"}],"is_trial":false,"path_per_floor":["M","?","$","M","?","E","R","$","T","E","R","M","M","$","R","B",null,"M","?","M","M","M","R","E","R","T","E","$","$","?","M"],"character_chosen":"THE_SILENT","items_purchased":["Caltrops","Acrobatics","Deadly Poison","Footwork+1","Blade Dance","Footwork+1","Blade Dance+1","Footwork+1","Cloak And Dagger+1"],"campfire_rested":1,"item_purchase_floors":[3,3,8,14,14,28,28,29,29],"current_hp_per_floor":[63,56,56,56,56,56,56,56,56,28,28,28,24,24,24,24,59,51,51,46,34,25,46,24,24,24,16,16,16,16,0],"gold":8,"neow_bonus":"THREE_ENEMY_KILL","is_prod":false,"is_daily":false,"chose_seed":false,"campfire_upgraded":4,"win_rate":0,"timestamp":1564617686,"path_taken":["M","?","$","M","?","E","R","?","T","E","R","M","M","$","R","BOSS","M","?","M","M","?","R","E","R","T","E","?","$","?","M"],"build_version":"2019-07-17","purchased_purges":1,"victory":false,"max_hp_per_floor":[70,70,70,70,70,70,70,70,70,70,70,70,70,70,70,70,70,70,70,70,70,70,70,70,70,70,70,70,70,70,70],"card_choices":[{"not_picked":["Deflect","Prepared"],"picked":"Dagger Spray","floor":1},{"not_picked":["Blade Dance","Flying Knee"],"picked":"Deadly Poison","floor":4},{"not_picked":["Slice","Phantasmal Killer"],"picked":"PiercingWail","floor":6},{"not_picked":["All Out Attack","Dodge and Roll"],"picked":"Caltrops+1","floor":10},{"not_picked":["Deadly Poison","Poisoned Stab"],"picked":"Cloak And Dagger","floor":12},{"not_picked":["Slice","PiercingWail","Backflip"],"picked":"SKIP","floor":13},{"not_picked":["After Image+1","Bullet Time"],"picked":"Burst","floor":16},{"not_picked":["Dagger Throw","Sucker Punch"],"picked":"All Out Attack","floor":18},{"not_picked":["Skewer","Riddle With Holes","Masterful Stab"],"picked":"SKIP","floor":20},{"not_picked":["Calculated Gamble","Quick Slash"],"picked":"Catalyst","floor":21},{"not_picked":["Deflect+1","Finisher"],"picked":"Noxious Fumes+1","floor":22},{"not_picked":["Bane","Night Terror"],"picked":"Dash","floor":24},{"not_picked":["Dagger Throw+1","Distraction+1"],"picked":"Slice+1","floor":27}],"player_experience":599847,"relics_obtained":[{"floor":6,"key":"Art of War"},{"floor":9,"key":"Frozen Egg 2"},{"floor":10,"key":"Kunai"},{"floor":24,"key":"Molten Egg 2"},{"floor":26,"key":"Toxic Egg 2"},{"floor":27,"key":"Dead Branch"}],"event_choices":[{"cards_removed":["Strike_G"],"damage_healed":0,"gold_gain":0,"player_choice":"Card Removal","damage_taken":7,"max_hp_gain":0,"max_hp_loss":0,"event_name":"Golden Wing","floor":2,"gold_loss":0},{"cards_removed":["Strike_G"],"damage_healed":0,"gold_gain":0,"player_choice":"Forget","damage_taken":0,"max_hp_gain":0,"max_hp_loss":0,"event_name":"Living Wall","floor":5,"gold_loss":0},{"damage_healed":0,"gold_gain":0,"player_choice":"Gave Potion","damage_taken":0,"relics_obtained":["Meat on the Bone"],"max_hp_gain":0,"max_hp_loss":0,"event_name":"WeMeetAgain","floor":19,"gold_loss":0},{"damage_healed":0,"gold_gain":0,"player_choice":"Ignored","damage_taken":0,"max_hp_gain":0,"max_hp_loss":0,"event_name":"Ghosts","floor":30,"gold_loss":0}],"is_beta":false,"boss_relics":[{"not_picked":["WristBlade","Orrery"],"picked":"Sozu"}],"items_purged_floors":[28],"is_endless":false,"potions_floor_spawned":[12,13,22,27],"killed_by":"Chosen and Byrds","ascension_level":13}