{"gold_per_floor":[112,62,75,75,88,115,115,115,187,187,218,218,233,293,293,389,389,389,314,314,314,314,314,314,314,314,314,239,239,239,239,239,239,239,239,239,239,239,239,239,239,239,239,239,239,239,239,239,239,239,239,239,139,139,139],"floor_reached":55,"playtime":3292,"items_purged":["Shame","Parasite"],"score":875,"play_id":"aef564fd-f7ac-4352-992b-831dee5ff699","local_time":"20190731164914","is_ascension_mode":true,"campfire_choices":[{"data":"Rampage","floor":7,"key":"SMITH"},{"data":"Bash","floor":10,"key":"SMITH"},{"data":"Intimidate","floor":12,"key":"SMITH"},{"data":"Reaper","floor":15,"key":"SMITH"},{"data":"Spot Weakness","floor":23,"key":"SMITH"},{"data":"Iron Wave","floor":27,"key":"SMITH"},{"floor":30,"key":"RECALL"},{"data":"Headbutt","floor":32,"key":"SMITH"},{"floor":42,"key":"REST"},{"floor":49,"key":"REST"},{"floor":52,"key":"REST"}],"neow_cost":"NONE","seed_source_timestamp":1740545505942080,"circlet_count":0,"master_deck":["Strike_R","Strike_R","Strike_R","Defend_R","Defend_R","Defend_R","Defend_R","Bash+1","Headbutt+1","Sword Boomerang","Rampage+1","Headbutt","Intimidate+1","Reaper+1","Headbutt+1","Reaper","Iron Wave+1","Spot Weakness+1","Heavy Blade+1","Flex+1","Spot Weakness+1","Feed+1","Heavy Blade+1","Madness","Madness","Shockwave+1","Twin Strike+1","Rampage+1","Pommel Strike+1","Flex+1","Metallicize+1"],"relics":["Burning Blood","NeowsBlessing","PreservedInsect","SsserpentHead","Mercury Hourglass","Bag of Preparation","Ectoplasm","Pen Nib","Anchor","Self Forming Clay","Dodecahedron","Charon\u0027s Ashes","Red Mask","Fusion Hammer","Happy Flower","Art of War","Bird Faced Urn","Dream Catcher","Whetstone"],"potions_floor_usage":[55,55],"damage_taken":[{"damage":0,"enemies":"Small Slimes","floor":1,"turns":1},{"damage":0,"enemies":"Jaw Worm","floor":3,"turns":1},{"damage":0,"enemies":"2 Louse","floor":5,"turns":1},{"damage":35,"enemies":"3 Sentries","floor":6,"turns":7},{"damage":0,"enemies":"Gremlin Nob","floor":11,"turns":2},{"damage":9,"enemies":"Red Slaver","floor":13,"turns":3},{"damage":12,"enemies":"Large Slime","floor":14,"turns":3},{"damage":35,"enemies":"Hexaghost","floor":16,"turns":7},{"damage":2,"enemies":"Chosen","floor":18,"turns":3},{"damage":21,"enemies":"Shell Parasite","floor":21,"turns":4},{"damage":29,"enemies":"Slavers","floor":24,"turns":4},{"damage":22,"enemies":"Centurion and Healer","floor":25,"turns":7},{"damage":3,"enemies":"Book of Stabbing","floor":29,"turns":3},{"damage":0,"enemies":"Masked Bandits","floor":31,"turns":2},{"damage":22,"enemies":"Automaton","floor":33,"turns":4},{"damage":0,"enemies":"Orb Walker","floor":35,"turns":2},{"damage":2,"enemies":"3 Darklings","floor":39,"turns":3},{"damage":18,"enemies":"Reptomancer","floor":40,"turns":4},{"damage":9,"enemies":"Writhing Mass","floor":41,"turns":4},{"damage":21,"enemies":"4 Shapes","floor":44,"turns":3},{"damage":6,"enemies":"Sphere and 2 Shapes","floor":45,"turns":3},{"damage":11,"enemies":"2 Orb Walkers","floor":46,"turns":3},{"damage":51,"enemies":"Nemesis","floor":47,"turns":5},{"damage":21,"enemies":"Spire Growth","floor":48,"turns":3},{"damage":68,"enemies":"Awakened One","floor":50,"turns":7},{"damage":18,"enemies":"Shield and Spear","floor":54,"turns":3},{"damage":88,"enemies":"The Heart","floor":55,"turns":5}],"seed_played":"-6520403096991302620","potions_obtained":[{"floor":3,"key":"SmokeBomb"},{"floor":5,"key":"SteroidPotion"},{"floor":14,"key":"AttackPotion"},{"floor":21,"key":"PowerPotion"}],"is_trial":false,"path_per_floor":["M","?","M","?","M","E","R","?","T","R","E","R","M","M","R","B",null,"M","?","T","M","?","R","E","M","T","R","$","E","R","?","R","B",null,"M","?","T","?","M","E","M","R","T","M","M","?","E","M","R","B",null,"R","$","E","B"],"character_chosen":"IRONCLAD","items_purchased":[],"campfire_rested":3,"item_purchase_floors":[],"current_hp_per_floor":[80,80,80,85,85,56,56,56,56,56,62,62,59,55,55,31,85,85,85,85,74,74,74,62,79,79,79,79,85,85,85,85,69,85,85,85,85,74,85,73,80,85,85,83,85,85,56,41,66,39,85,85,82,82,0],"gold":139,"neow_bonus":"THREE_ENEMY_KILL","is_prod":false,"is_daily":false,"chose_seed":false,"campfire_upgraded":7,"win_rate":0,"timestamp":1564580954,"path_taken":["M","?","M","?","?","E","R","?","T","R","E","R","M","?","R","BOSS","M","?","?","M","?","R","E","?","T","R","$","E","R","?","R","BOSS","M","?","?","?","M","E","M","R","T","?","M","?","E","M","R","BOSS","R","$","E","BOSS"],"build_version":"2019-07-17","purchased_purges":2,"victory":false,"max_hp_per_floor":[80,80,80,85,85,85,85,85,85,85,85,85,85,85,85,85,85,85,85,85,85,85,85,85,85,85,85,85,85,85,85,85,85,85,85,85,85,85,85,85,85,85,85,85,85,85,85,85,85,85,85,85,82,82,82],"card_choices":[{"not_picked":["Pommel Strike","Twin Strike"],"picked":"Headbutt","floor":1},{"not_picked":["Thunderclap","Clothesline"],"picked":"Sword Boomerang","floor":3},{"not_picked":["Perfected Strike","Iron Wave"],"picked":"Rampage","floor":5},{"not_picked":["Combust","Sword Boomerang"],"picked":"Headbutt","floor":6},{"not_picked":["Whirlwind","Searing Blow"],"picked":"Intimidate","floor":11},{"not_picked":["Corruption","Pummel"],"picked":"Reaper","floor":13},{"not_picked":["Reckless Charge","Power Through"],"picked":"Headbutt","floor":14},{"not_picked":["Fiend Fire","Feed"],"picked":"Reaper","floor":16},{"not_picked":["Sword Boomerang","Twin Strike"],"picked":"Iron Wave","floor":18},{"not_picked":["Heavy Blade","Sword Boomerang"],"picked":"Spot Weakness","floor":21},{"not_picked":["Juggernaut","Twin Strike"],"picked":"Heavy Blade+1","floor":24},{"not_picked":["Seeing Red","Perfected Strike"],"picked":"Flex+1","floor":25},{"not_picked":["Clothesline","Clash+1"],"picked":"Spot Weakness+1","floor":29},{"not_picked":["Barricade","Brutality"],"picked":"Feed","floor":33},{"not_picked":["Twin Strike","Ghostly Armor"],"picked":"Heavy Blade+1","floor":35},{"not_picked":["Twin Strike+1","Sword Boomerang"],"picked":"Shockwave+1","floor":39},{"not_picked":["Searing Blow","Immolate"],"picked":"Twin Strike+1","floor":40},{"not_picked":["True Grit+1","Anger","Heavy Blade"],"picked":"SKIP","floor":41},{"not_picked":["Twin Strike+1","Power Through","Combust+1"],"picked":"SKIP","floor":44},{"not_picked":["Body Slam","True Grit"],"picked":"Rampage+1","floor":45},{"not_picked":["True Grit","Entrench"],"picked":"Pommel Strike+1","floor":46},{"not_picked":["Second Wind","Ghostly Armor"],"picked":"Flex+1","floor":47},{"not_picked":["Cleave+1","Immolate","Clash+1"],"picked":"SKIP","floor":48},{"not_picked":["Iron Wave+1","Warcry"],"picked":"Metallicize+1","floor":49},{"not_picked":["Twin Strike","Perfected Strike","Rampage+1"],"picked":"SKIP","floor":54}],"player_experience":133658,"relics_obtained":[{"floor":6,"key":"PreservedInsect"},{"floor":9,"key":"Mercury Hourglass"},{"floor":11,"key":"Bag of Preparation"},{"floor":20,"key":"Pen Nib"},{"floor":24,"key":"Self Forming Clay"},{"floor":26,"key":"Dodecahedron"},{"floor":29,"key":"Charon\u0027s Ashes"},{"floor":31,"key":"Red Mask"},{"floor":40,"key":"Happy Flower"},{"floor":43,"key":"Art of War"},{"floor":46,"key":"Bird Faced Urn"},{"floor":47,"key":"Dream Catcher"},{"floor":54,"key":"Whetstone"}],"event_choices":[{"cards_removed":["Strike_R"],"damage_healed":0,"gold_gain":0,"player_choice":"Card Removal","damage_taken":0,"max_hp_gain":0,"max_hp_loss":0,"event_name":"The Cleric","floor":2,"gold_loss":50},{"damage_healed":0,"gold_gain":0,"player_choice":"Donut","damage_taken":0,"max_hp_gain":5,"max_hp_loss":0,"event_name":"Big Fish","floor":4,"gold_loss":0},{"damage_healed":0,"gold_gain":0,"player_choice":"Trade","damage_taken":0,"relics_obtained":["SsserpentHead"],"max_hp_gain":0,"max_hp_loss":0,"event_name":"FaceTrader","floor":8,"gold_loss":0},{"cards_removed":["Strike_R"],"damage_healed":0,"gold_gain":0,"player_choice":"Gave Gold","damage_taken":0,"max_hp_gain":0,"max_hp_loss":0,"event_name":"Beggar","floor":19,"gold_loss":75},{"damage_healed":0,"gold_gain":0,"player_choice":"Stole Relic","damage_taken":0,"relics_obtained":["Anchor"],"max_hp_gain":0,"max_hp_loss":0,"event_name":"Addict","floor":22,"gold_loss":0,"cards_obtained":["Shame"]},{"damage_healed":0,"gold_gain":0,"player_choice":"Fought Bandits","damage_taken":0,"max_hp_gain":0,"max_hp_loss":0,"event_name":"Masked Bandits","floor":31,"gold_loss":0},{"damage_healed":0,"gold_gain":0,"player_choice":"Ignored","damage_taken":0,"max_hp_gain":0,"max_hp_loss":0,"event_name":"Tomb of Lord Red Mask","floor":36,"gold_loss":0},{"damage_healed":0,"gold_gain":0,"player_choice":"Embrace Madness","damage_taken":11,"max_hp_gain":0,"max_hp_loss":0,"event_name":"Winding Halls","floor":38,"gold_loss":0,"cards_obtained":["Madness","Madness"]},{"damage_healed":0,"gold_gain":0,"player_choice":"Fight","damage_taken":0,"max_hp_gain":0,"max_hp_loss":0,"event_name":"Mysterious Sphere","floor":46,"gold_loss":0}],"is_beta":false,"boss_relics":[{"not_picked":["Empty Cage","Lizard Tail"],"picked":"Ectoplasm"},{"not_picked":["Mark of Pain","Sozu"],"picked":"Fusion Hammer"}],"items_purged_floors":[28,53],"is_endless":false,"potions_floor_spawned":[3,5,14,21,29,31,33,40,41,46,47,48],"killed_by":"The Heart","ascension_level":2}