{"gold_per_floor":[112,62,78,78,97,97,22,22,22,22,49,49,15,30,30,30],"floor_reached":16,"playtime":616,"items_purged":["Strike_R"],"score":98,"play_id":"ba263223-6b66-4033-869a-f07a88b7efa3","local_time":"20181228163131","is_ascension_mode":false,"campfire_choices":[{"data":"Armaments","floor":6,"key":"SMITH"},{"floor":8,"key":"RECALL"},{"data":"Bash","floor":10,"key":"SMITH"},{"floor":12,"key":"REST"},{"floor":15,"key":"REST"}],"neow_cost":"NONE","seed_source_timestamp":670786660100556,"circlet_count":0,"master_deck":["Strike_R","Strike_R","Strike_R","Defend_R","Defend_R","Defend_R","Bash+1","Armaments+1","Whirlwind+1","Inflame"],"relics":["Burning Blood","Letter Opener","Molten Egg 2","Smiling Mask"],"potions_floor_usage":[],"damage_taken":[{"damage":8,"enemies":"Jaw Worm","floor":1,"turns":3},{"damage":2,"enemies":"2 Louse","floor":3,"turns":3},{"damage":3,"enemies":"Small Slimes","floor":5,"turns":3},{"damage":65,"enemies":"3 Sentries","floor":11,"turns":11},{"damage":21,"enemies":"Exordium Wildlife","floor":14,"turns":4},{"damage":62,"enemies":"Slime Boss","floor":16,"turns":5}],"seed_played":"5371887567481800161","potions_obtained":[{"floor":5,"key":"LiquidBronze"}],"is_trial":false,"path_per_floor":["M","?","M","?","M","R","$","R","T","R","E","R","$","M","R","B"],"character_chosen":"IRONCLAD","items_purchased":["Whirlwind+1"],"campfire_rested":2,"item_purchase_floors":[13],"current_hp_per_floor":[78,78,80,77,80,80,80,80,80,80,21,45,45,30,54,0],"gold":30,"neow_bonus":"REMOVE_CARD","is_prod":false,"is_daily":false,"chose_seed":false,"campfire_upgraded":2,"win_rate":0,"timestamp":1546014691,"path_taken":["M","?","M","?","M","R","$","R","T","R","E","R","?","M","R","BOSS"],"build_version":"2018-12-20","purchased_purges":1,"victory":false,"max_hp_per_floor":[80,80,80,80,80,80,80,80,80,80,80,80,80,80,80,80],"card_choices":[{"not_picked":["True Grit","Body Slam"],"picked":"Armaments","floor":1},{"not_picked":["Corruption","Havoc","Headbutt"],"picked":"SKIP","floor":3},{"not_picked":["Iron Wave","Bloodletting","Sever Soul"],"picked":"SKIP","floor":5},{"not_picked":["Intimidate","Wild Strike+1","Sever Soul+1"],"picked":"SKIP","floor":11},{"not_picked":["Intimidate","Wild Strike+1","Sever Soul+1"],"picked":"SKIP","floor":11},{"not_picked":["Clothesline+1","Power Through"],"picked":"Inflame","floor":14}],"player_experience":408690,"relics_obtained":[{"floor":9,"key":"Molten Egg 2"},{"floor":11,"key":"Smiling Mask"}],"event_choices":[{"cards_removed":["Strike_R"],"damage_healed":0,"gold_gain":0,"player_choice":"Card Removal","damage_taken":0,"max_hp_gain":0,"max_hp_loss":0,"event_name":"The Cleric","floor":2,"gold_loss":50},{"damage_healed":0,"gold_gain":0,"player_choice":"Success","damage_taken":3,"relics_obtained":["Letter Opener"],"max_hp_gain":0,"max_hp_loss":0,"event_name":"Scrap Ooze","floor":4,"gold_loss":0}],"is_beta":false,"boss_relics":[],"items_purged_floors":[7],"is_endless":false,"potions_floor_spawned":[5],"killed_by":"Slime Boss","ascension_level":0}