{"gold_per_floor":[109,109,109,37,37,37,50,50,50,0,19,35,64,82,82,180,180,196,177,92,92,107,107,119,119,119,119,132,150,177,187,187,287,287,304,304,404,420,471,502,522,554,554,579,579,182,182,194,194,194,194,194,114,142,142],"floor_reached":56,"playtime":3560,"items_purged":["Defend_G"],"score":1257,"play_id":"901d62b2-4d8f-475b-b164-bcb5be024ac3","local_time":"20190805163345","is_ascension_mode":false,"campfire_choices":[{"data":"Footwork","floor":6,"key":"SMITH"},{"data":"Neutralize","floor":8,"key":"SMITH"},{"data":"Infinite Blades","floor":15,"key":"SMITH"},{"data":"Cloak And Dagger","floor":23,"key":"SMITH"},{"data":"Prepared","floor":25,"key":"SMITH"},{"floor":32,"key":"REST"},{"data":"Accuracy","floor":45,"key":"SMITH"},{"data":"Footwork","floor":47,"key":"SMITH"},{"floor":49,"key":"RECALL"},{"data":"Backflip","floor":52,"key":"SMITH"}],"neow_cost":"NONE","seed_source_timestamp":2820512064483,"circlet_count":0,"master_deck":["Strike_G","Strike_G+1","Defend_G","Survivor","Neutralize+1","Cloak And Dagger+1","Deflect","Footwork+1","Escape Plan","Prepared+1","Acrobatics","Infinite Blades+1","Burst","Caltrops+1","Backstab+1","Die Die Die+1","Cloak And Dagger+1","Quick Slash","Bouncing Flask","Backflip+1","Expertise","Well Laid Plans","Dagger Spray+1","Accuracy+1","Die Die Die","Quick Slash+1","Bandage Up","Deflect+1","Blade Dance+1","Tactician+1","Footwork+1","Escape Plan","Accuracy","Backflip"],"relics":["Ring of the Snake","NeowsBlessing","Letter Opener","Bottled Tornado","Bag of Preparation","Astrolabe","Mummified Hand","Ancient Tea Set","PreservedInsect","Busted Crown","Tough Bandages","StoneCalendar","The Specimen","Mercury Hourglass","Meat on the Bone","HandDrill","Centennial Puzzle"],"potions_floor_usage":[16,44,55,55],"damage_taken":[{"damage":0,"enemies":"2 Louse","floor":1,"turns":1},{"damage":0,"enemies":"Small Slimes","floor":7,"turns":1},{"damage":0,"enemies":"Jaw Worm","floor":11,"turns":1},{"damage":0,"enemies":"Exordium Wildlife","floor":12,"turns":5},{"damage":17,"enemies":"Lagavulin","floor":13,"turns":10},{"damage":0,"enemies":"2 Fungi Beasts","floor":14,"turns":3},{"damage":23,"enemies":"The Guardian","floor":16,"turns":11},{"damage":0,"enemies":"Spheric Guardian","floor":18,"turns":4},{"damage":11,"enemies":"2 Thieves","floor":19,"turns":4},{"damage":15,"enemies":"Shelled Parasite and Fungi","floor":22,"turns":6},{"damage":7,"enemies":"Snecko","floor":24,"turns":5},{"damage":0,"enemies":"Snake Plant","floor":28,"turns":4},{"damage":4,"enemies":"Centurion and Healer","floor":29,"turns":6},{"damage":4,"enemies":"Gremlin Leader","floor":30,"turns":5},{"damage":0,"enemies":"Chosen and Byrds","floor":31,"turns":3},{"damage":16,"enemies":"Collector","floor":33,"turns":7},{"damage":13,"enemies":"Orb Walker","floor":35,"turns":3},{"damage":10,"enemies":"Mind Bloom Boss Battle","floor":37,"turns":4},{"damage":0,"enemies":"3 Darklings","floor":38,"turns":3},{"damage":0,"enemies":"2 Orb Walkers","floor":39,"turns":3},{"damage":0,"enemies":"Reptomancer","floor":40,"turns":3},{"damage":15,"enemies":"Writhing Mass","floor":41,"turns":5},{"damage":4,"enemies":"Nemesis","floor":42,"turns":5},{"damage":0,"enemies":"Giant Head","floor":44,"turns":5},{"damage":0,"enemies":"Spire Growth","floor":48,"turns":3},{"damage":40,"enemies":"Awakened One","floor":50,"turns":9},{"damage":4,"enemies":"Shield and Spear","floor":54,"turns":2},{"damage":70,"enemies":"The Heart","floor":55,"turns":10}],"seed_played":"-7433897344032838715","potions_obtained":[{"floor":7,"key":"AttackPotion"},{"floor":12,"key":"Strength Potion"},{"floor":16,"key":"GhostInAJar"},{"floor":19,"key":"Explosive Potion"},{"floor":44,"key":"Fruit Juice"}],"is_trial":false,"path_per_floor":["M","?","?","$","?","R","M","R","T","?","M","M","E","M","R","B",null,"M","M","?","?","M","R","M","R","T","?","M","M","E","M","R","B",null,"M","?","?","M","?","E","M","E","T","E","R","$","R","M","R","B",null,"R","$","E","B",null],"character_chosen":"THE_SILENT","items_purchased":["Footwork","HandDrill","Footwork","Escape Plan","Accuracy","Backflip"],"campfire_rested":1,"item_purchase_floors":[4,46,46,46,53,53],"current_hp_per_floor":[70,56,56,56,53,53,53,53,53,53,53,53,36,36,36,13,70,70,59,59,59,44,44,37,37,37,37,37,33,29,29,50,34,70,57,57,51,51,51,55,44,44,44,53,53,53,53,53,53,29,75,75,75,71,17],"gold":142,"neow_bonus":"THREE_ENEMY_KILL","is_prod":false,"is_daily":false,"chose_seed":false,"campfire_upgraded":8,"win_rate":0,"timestamp":1565012025,"path_taken":["M","?","?","$","?","R","?","R","T","?","M","M","E","M","R","BOSS","M","M","?","?","?","R","M","R","T","?","M","M","E","M","R","BOSS","M","?","?","M","?","E","M","E","T","E","R","$","R","M","R","BOSS","R","$","E","BOSS"],"build_version":"2019-07-17","purchased_purges":1,"victory":true,"max_hp_per_floor":[70,70,70,70,70,70,70,70,70,70,70,70,70,70,70,70,70,70,70,70,70,70,70,70,70,70,70,70,70,70,70,70,70,70,70,70,70,70,70,70,70,70,70,75,75,75,75,75,75,75,75,75,75,75,75],"card_choices":[{"not_picked":["Dagger Throw","Caltrops"],"picked":"Cloak And Dagger","floor":1},{"not_picked":["Flying Knee","Dodge and Roll"],"picked":"Escape Plan","floor":7},{"not_picked":["Underhanded Strike","Outmaneuver"],"picked":"Prepared","floor":11},{"not_picked":["Poisoned Stab","Cloak And Dagger"],"picked":"Acrobatics","floor":12},{"not_picked":["Dagger Spray","Outmaneuver"],"picked":"Infinite Blades","floor":13},{"not_picked":["Slice","Doppelganger","Deflect"],"picked":"SKIP","floor":14},{"not_picked":["Doppelganger","Unload"],"picked":"Burst","floor":16},{"not_picked":["Underhanded Strike","Blade Dance"],"picked":"Cloak And Dagger","floor":18},{"not_picked":["Deflect","Bane"],"picked":"Quick Slash","floor":19},{"not_picked":["Quick Slash+1","Dagger Throw"],"picked":"Backflip","floor":22},{"not_picked":["Underhanded Strike","Heel Hook"],"picked":"Expertise","floor":24},{"not_picked":["Underhanded Strike","Bane"],"picked":"Well Laid Plans","floor":28},{"not_picked":["Underhanded Strike","Cloak And Dagger","Deadly Poison"],"picked":"SKIP","floor":29},{"not_picked":["Outmaneuver+1","Deflect+1"],"picked":"Dagger Spray+1","floor":30},{"not_picked":["Underhanded Strike","Concentrate"],"picked":"Accuracy","floor":31},{"not_picked":["Doppelganger","Tools of the Trade"],"picked":"Die Die Die","floor":33},{"not_picked":[],"picked":"Quick Slash+1","floor":35},{"not_picked":[],"picked":"Bandage Up","floor":36},{"not_picked":[],"picked":"Deflect+1","floor":37},{"not_picked":[],"picked":"Blade Dance+1","floor":38},{"not_picked":["Deadly Poison"],"picked":"SKIP","floor":40},{"not_picked":[],"picked":"Tactician+1","floor":41},{"not_picked":["Expertise"],"picked":"SKIP","floor":42},{"not_picked":["Dash"],"picked":"SKIP","floor":44},{"not_picked":["Quick Slash+1"],"picked":"SKIP","floor":48},{"not_picked":["Poisoned Stab+1"],"picked":"SKIP","floor":54}],"player_experience":165778,"relics_obtained":[{"floor":9,"key":"Bottled Tornado"},{"floor":13,"key":"Bag of Preparation"},{"floor":26,"key":"Ancient Tea Set"},{"floor":30,"key":"PreservedInsect"},{"floor":37,"key":"Tough Bandages"},{"floor":39,"key":"StoneCalendar"},{"floor":40,"key":"The Specimen"},{"floor":42,"key":"Mercury Hourglass"},{"floor":44,"key":"Meat on the Bone"},{"floor":54,"key":"Centennial Puzzle"}],"event_choices":[{"damage_healed":0,"gold_gain":0,"player_choice":"Entered Light","damage_taken":14,"max_hp_gain":0,"max_hp_loss":0,"event_name":"Shining Light","floor":2,"gold_loss":0,"cards_upgraded":["Cloak And Dagger","Strike_G"]},{"damage_healed":0,"gold_gain":0,"cards_transformed":["Defend_G"],"player_choice":"Change","damage_taken":0,"max_hp_gain":0,"max_hp_loss":0,"event_name":"Living Wall","floor":3,"gold_loss":0,"cards_obtained":["Deflect"]},{"damage_healed":0,"gold_gain":0,"player_choice":"Success","damage_taken":3,"relics_obtained":["Letter Opener"],"max_hp_gain":0,"max_hp_loss":0,"event_name":"Scrap Ooze","floor":5,"gold_loss":0},{"cards_removed":["Strike_G"],"damage_healed":0,"gold_gain":0,"player_choice":"Card Removal","damage_taken":0,"max_hp_gain":0,"max_hp_loss":0,"event_name":"The Cleric","floor":10,"gold_loss":50},{"damage_healed":0,"gold_gain":0,"player_choice":"Obtained Relic","damage_taken":0,"relics_obtained":["Mummified Hand"],"max_hp_gain":0,"max_hp_loss":0,"event_name":"Addict","floor":20,"gold_loss":85},{"damage_healed":0,"gold_gain":0,"player_choice":"1 cards matched","damage_taken":0,"max_hp_gain":0,"max_hp_loss":0,"event_name":"Match and Keep!","floor":21,"gold_loss":0,"cards_obtained":["Bouncing Flask"]},{"cards_removed":["Strike_G"],"damage_healed":0,"gold_gain":0,"player_choice":"Elegance","damage_taken":0,"max_hp_gain":0,"max_hp_loss":0,"event_name":"Back to Basics","floor":27,"gold_loss":0},{"damage_healed":0,"gold_gain":0,"player_choice":"Memory 1","damage_taken":0,"max_hp_gain":0,"max_hp_loss":0,"event_name":"SensoryStone","floor":36,"gold_loss":0},{"damage_healed":0,"gold_gain":0,"player_choice":"Fight","damage_taken":0,"max_hp_gain":0,"max_hp_loss":0,"event_name":"MindBloom","floor":37,"gold_loss":0},{"damage_healed":0,"gold_gain":0,"player_choice":"Fight","damage_taken":0,"max_hp_gain":0,"max_hp_loss":0,"event_name":"Mysterious Sphere","floor":39,"gold_loss":0}],"is_beta":false,"boss_relics":[{"not_picked":["Philosopher\u0027s Stone","Pandora\u0027s Box"],"picked":"Astrolabe"},{"not_picked":["Runic Pyramid","Ring of the Serpent"],"picked":"Busted Crown"}],"items_purged_floors":[46],"is_endless":false,"potions_floor_spawned":[7,12,16,19,24,31,33,37,40,42,44],"ascension_level":0}