{"path_per_floor":["M","M","M","M","?","R","E","M","T","E","M","$","?","T","R","B",null,"M","M","M","?","M","R","?","?","T","$","?","E","?","M","R","B",null,"M","?","$","?","M","R","E","?","T","R","M","T","?","M","R","B"],"character_chosen":"IRONCLAD","items_purchased":["Iron Wave","Disarm","Shrug It Off"],"gold_per_floor":[114,133,152,162,162,162,190,202,202,229,245,23,23,23,23,122,122,135,145,161,161,176,176,176,176,199,99,99,127,127,141,141,243,243,262,309,184,284,294,294,322,322,373,373,387,412,412,423,423,423],"floor_reached":51,"campfire_rested":1,"playtime":5994,"current_hp_per_floor":[73,59,63,69,62,62,32,29,29,14,9,9,9,9,33,29,80,79,78,80,80,75,75,59,59,59,59,59,61,67,73,73,57,86,86,86,86,86,81,81,86,75,75,75,83,83,86,86,86,36],"items_purged":["Strike_R","Strike_R","Strike_R"],"gold":423,"score":580,"play_id":"624d4c02-a4a9-46e4-8049-aee852ee593f","is_prod":false,"is_daily":false,"is_ascension_mode":false,"campfire_upgraded":6,"path_taken":["M","?","?","M","?","R","E","M","T","E","M","$","?","?","R","BOSS","M","M","M","?","M","R","?","?","T","$","?","E","?","M","R","BOSS","M","?","$","?","M","R","E","?","T","R","M","?","?","M","R","BOSS"],"build_version":"2018-02-08-PROD1","purchased_purges":3,"victory":true,"master_deck":["Strike_R","Defend_R","Defend_R","Defend_R+1","Defend_R","Bash","Body Slam+1","Shrug It Off+1","Body Slam","Metallicize","Flame Barrier+1","Juggernaut+1","Iron Wave","Iron Wave","Iron Wave","Disarm+1","Shrug It Off","Shockwave+1","Armaments+1","Barricade","Evolve+1","Writhe","Bludgeon","Pommel Strike+1","Wild Strike+1","Madness","Bloodletting+1"],"max_hp_per_floor":[80,80,80,80,80,80,80,80,80,80,80,80,80,80,80,80,80,80,80,80,80,80,80,80,80,80,80,80,80,86,86,86,86,86,86,86,86,86,86,86,86,86,86,86,86,86,86,86,86,86],"relics":["Burning Blood","Juzu Bracelet","Darkstone Periapt","Bottled Flame","Du-Vu Doll","Snecko Eye","Enchiridion","Vajra","Happy Flower","Prayer Wheel","Velvet Choker","Calipers","Blood Vial","Lantern","War Paint"],"card_choices":[{"not_picked":["Pommel Strike","True Grit"],"picked":"Body Slam"},{"not_picked":["Blood for Blood","Cleave"],"picked":"Shrug It Off"},{"not_picked":["Flex","Second Wind"],"picked":"Body Slam"},{"not_picked":["Bloodletting","Whirlwind"],"picked":"Metallicize"},{"not_picked":["True Grit","Pommel Strike"],"picked":"Flame Barrier"},{"not_picked":["True Grit","Wild Strike"],"picked":"Juggernaut"},{"not_picked":["Fire Breathing","Thunderclap"],"picked":"Iron Wave"},{"not_picked":["Seeing Red","Reckless Charge"],"picked":"Iron Wave"},{"not_picked":["Flex","Spot Weakness"],"picked":"Shockwave"},{"not_picked":["Searing Blow","Anger"],"picked":"Armaments"},{"not_picked":["Body Slam","Dark Embrace"],"picked":"Evolve"},{"not_picked":["Limit Break","Double Tap"],"picked":"Bludgeon"},{"not_picked":["Flex","Headbutt"],"picked":"Pommel Strike"},{"not_picked":["Headbutt","Sword Boomerang"],"picked":"Wild Strike"},{"not_picked":["Second Wind","Headbutt"],"picked":"Bloodletting"}],"player_experience":103934,"potions_floor_usage":[4,10,10,33,45,50,50],"damage_taken":[{"damage":13,"enemies":"Blue Slaver","floor":1,"turns":6},{"damage":20,"enemies":"Jaw Worm","floor":2,"turns":5},{"damage":2,"enemies":"2 Louse","floor":3,"turns":3},{"damage":0,"enemies":"Looter","floor":4,"turns":3},{"damage":36,"enemies":"Lagavulin","floor":7,"turns":8},{"damage":9,"enemies":"Large Slime","floor":8,"turns":8},{"damage":21,"enemies":"Gremlin Nob","floor":10,"turns":4},{"damage":11,"enemies":"Red Slaver","floor":11,"turns":5},{"damage":10,"enemies":"Hexaghost","floor":16,"turns":11},{"damage":7,"enemies":"3 Byrds","floor":18,"turns":5},{"damage":7,"enemies":"Shell Parasite","floor":19,"turns":5},{"damage":0,"enemies":"Snecko","floor":20,"turns":5},{"damage":11,"enemies":"Snake Plant","floor":22,"turns":4},{"damage":4,"enemies":"Book of Stabbing","floor":29,"turns":5},{"damage":0,"enemies":"Centurion and Healer","floor":31,"turns":5},{"damage":22,"enemies":"Collector","floor":33,"turns":8},{"damage":5,"enemies":"Orb Walker","floor":35,"turns":4},{"damage":0,"enemies":"Mysterious Sphere","floor":36,"turns":4},{"damage":11,"enemies":"3 Darklings","floor":39,"turns":5},{"damage":0,"enemies":"Giant Head","floor":41,"turns":6},{"damage":0,"enemies":"Sphere and 2 Shapes","floor":45,"turns":5},{"damage":3,"enemies":"4 Shapes","floor":48,"turns":5},{"damage":56,"enemies":"Donu and Deca","floor":50,"turns":8}],"event_choices":[{"event_name":"Golden Wing","player_choice":"Card Removal","floor":5,"damage_taken":0},{"event_name":"Upgrade Shrine","player_choice":"Upgraded","floor":13,"damage_taken":0},{"event_name":"The Library","player_choice":"Read","floor":21,"damage_taken":0},{"event_name":"Cursed Tome","player_choice":"Obtained Book","floor":24,"damage_taken":0},{"event_name":"Drug Dealer","player_choice":"Ignored","floor":25,"damage_taken":0},{"event_name":"Vampires","player_choice":"Ignored","floor":28,"damage_taken":0},{"event_name":"The Mausoleum","player_choice":"Yes","floor":30,"damage_taken":0},{"event_name":"Mysterious Sphere","player_choice":"Fight","floor":36,"damage_taken":0},{"event_name":"Golden Shrine","player_choice":"Pray","floor":38,"damage_taken":0},{"event_name":"Winding Halls","player_choice":"Embrace Madness","floor":42,"damage_taken":0},{"event_name":"Bonfire Elementals","player_choice":"UNCOMMON","floor":47,"damage_taken":0}],"boss_relics":[{"not_picked":["Ectoplasm","Black Blood"],"picked":"Snecko Eye"},{"not_picked":["Lizard Tail","Astrolabe"],"picked":"Velvet Choker"}],"potions_floor_spawned":[3,4,8,10,18,35,36,48],"seed_played":"-93038433237130959","ascension_level":0,"is_trial":false}