{"path_per_floor":["M","?","M","M","M","R","E","R","T","?","?","M","R","E","R","B",null,"M","?","?","$","?","E","R","$","T","R","E","$","M","M","R","B",null,"M","?","$","M","M","R","E","R","T","M","?","E","?","?","R","B"],"character_chosen":"IRONCLAD","items_purchased":["Regen Potion","Metallicize","Pen Nib"],"gold_per_floor":[109,59,70,90,110,110,142,142,142,199,199,217,217,248,248,343,343,359,274,274,148,148,183,183,64,64,64,90,40,60,78,78,179,179,194,194,48,63,83,83,109,109,157,172,172,200,300,0,0,0],"floor_reached":51,"campfire_rested":2,"playtime":7915,"current_hp_per_floor":[80,80,72,65,69,69,68,68,68,54,59,65,65,66,66,61,92,80,80,64,64,64,37,37,37,37,56,39,39,52,56,56,38,64,55,55,55,64,45,45,37,64,64,64,64,64,64,64,64,54],"items_purged":["Defend_R","Bite","Defend_R"],"gold":0,"score":629,"play_id":"54f25924-d8a2-4082-b355-5162701c3f4c","is_prod":false,"is_daily":false,"is_ascension_mode":true,"campfire_upgraded":8,"path_taken":["M","?","?","M","M","R","E","R","T","?","?","M","R","E","R","BOSS","M","?","?","$","?","E","R","$","T","R","E","$","M","M","R","BOSS","M","?","$","?","M","R","E","R","T","M","?","E","?","?","R","BOSS"],"build_version":"2018-02-08-PROD1","purchased_purges":3,"victory":true,"master_deck":["Defend_R","Bash+1","Rampage+1","Pommel Strike+1","Armaments+1","Havoc+1","Seeing Red+1","Burning Pact+1","Clothesline+1","Bite","Bite","Bite+1","Inflame+1","Metallicize","Clash+1","Shrug It Off","Brutality","Feel No Pain","Reaper+1","True Grit+1","Metallicize+1","Metallicize","Metallicize","Havoc+1","Metallicize"],"max_hp_per_floor":[80,80,80,80,80,80,80,80,80,80,85,85,85,92,92,92,92,92,92,92,92,64,64,64,64,64,64,64,64,64,64,64,64,64,64,64,64,64,64,64,64,64,64,64,64,64,64,64,64,64],"relics":["Burning Blood","Oddly Smooth Stone","Prayer Wheel","Bag of Preparation","Strawberry","Velvet Choker","Dream Catcher","Nilry\u0027s Codex","Smiling Mask","Unceasing Top","Omamori","Sozu","Pen Nib","Regal Pillow","Whetstone","Red Skull","Red Mask"],"card_choices":[{"not_picked":["Power Through","Thunderclap"],"picked":"Rampage"},{"not_picked":["Perfected Strike","Anger"],"picked":"Pommel Strike"},{"not_picked":["Dark Embrace","Rupture"],"picked":"Armaments"},{"not_picked":["Iron Wave","Clothesline"],"picked":"Havoc"},{"not_picked":["Pommel Strike","Rupture"],"picked":"Seeing Red"},{"not_picked":["Hemokinesis","Sword Boomerang"],"picked":"Burning Pact"},{"not_picked":["Twin Strike","Searing Blow"],"picked":"Clothesline"},{"not_picked":["Warcry","Body Slam"],"picked":"Inflame"},{"not_picked":["Searing Blow","Sever Soul"],"picked":"Clash"},{"not_picked":["Wild Strike","Havoc"],"picked":"Shrug It Off"},{"not_picked":["Wild Strike","Immolate"],"picked":"Brutality"},{"not_picked":["Clash","Second Wind"],"picked":"Feel No Pain"},{"not_picked":["Offering","Immolate"],"picked":"Reaper"},{"not_picked":["Iron Wave","Sword Boomerang"],"picked":"True Grit"},{"not_picked":["Cleave","Burning Pact"],"picked":"Metallicize"},{"not_picked":["Pummel","Headbutt"],"picked":"Metallicize"},{"not_picked":["Iron Wave","Body Slam"],"picked":"Metallicize"},{"not_picked":["Second Wind","Anger"],"picked":"Havoc"},{"not_picked":["Blood for Blood","Sever Soul"],"picked":"Metallicize"}],"player_experience":133578,"potions_floor_usage":[7,10,16,16,18,23,28,30],"damage_taken":[{"damage":0,"enemies":"Small Slimes","floor":1,"turns":3},{"damage":14,"enemies":"Blue Slaver","floor":3,"turns":3},{"damage":13,"enemies":"Jaw Worm","floor":4,"turns":3},{"damage":2,"enemies":"Looter","floor":5,"turns":5},{"damage":22,"enemies":"3 Sentries","floor":7,"turns":8},{"damage":20,"enemies":"3 Sentries","floor":10,"turns":7},{"damage":0,"enemies":"Large Slime","floor":12,"turns":4},{"damage":12,"enemies":"Gremlin Nob","floor":14,"turns":3},{"damage":11,"enemies":"Slime Boss","floor":16,"turns":7},{"damage":18,"enemies":"2 Thieves","floor":18,"turns":4},{"damage":46,"enemies":"Book of Stabbing","floor":23,"turns":6},{"damage":35,"enemies":"Gremlin Leader","floor":28,"turns":7},{"damage":16,"enemies":"3 Byrds","floor":30,"turns":6},{"damage":9,"enemies":"3 Cultists","floor":31,"turns":5},{"damage":41,"enemies":"Champ","floor":33,"turns":8},{"damage":20,"enemies":"Orb Walker","floor":35,"turns":4},{"damage":24,"enemies":"3 Darklings","floor":38,"turns":5},{"damage":41,"enemies":"Sphere and 2 Shapes","floor":39,"turns":8},{"damage":34,"enemies":"Nemesis","floor":41,"turns":10},{"damage":3,"enemies":"Maw","floor":44,"turns":7},{"damage":8,"enemies":"Giant Head","floor":46,"turns":7},{"damage":21,"enemies":"Time Eater","floor":50,"turns":8}],"event_choices":[{"event_name":"The Cleric","player_choice":"Card Removal","floor":2,"damage_taken":0},{"event_name":"Dead Adventurer","player_choice":"Searched \u00272\u0027 times","floor":10,"damage_taken":0},{"event_name":"Big Fish","player_choice":"Donut","floor":11,"damage_taken":0},{"event_name":"Addict","player_choice":"Obtained Relic","floor":19,"damage_taken":0},{"event_name":"Cursed Tome","player_choice":"Obtained Book","floor":20,"damage_taken":0},{"event_name":"Vampires","player_choice":"Became a vampire","floor":22,"damage_taken":0},{"event_name":"Bonfire Elementals","player_choice":"BASIC","floor":45,"damage_taken":0},{"event_name":"Golden Shrine","player_choice":"Pray","floor":47,"damage_taken":0},{"event_name":"Tomb of Lord Red Mask","player_choice":"Paid","floor":48,"damage_taken":0}],"boss_relics":[{"not_picked":["Mark of Pain","Calling Bell"],"picked":"Velvet Choker"},{"not_picked":["Lizard Tail","Tiny House"],"picked":"Sozu"}],"potions_floor_spawned":[1,7,10,12,16,23,28,38,44,46],"seed_played":"8955734509398568650","ascension_level":1,"is_trial":false}