{"gold_per_floor":[119,129,148,122,136,167,167,192,192,205,205,205],"floor_reached":12,"playtime":915,"items_purged":[],"score":161,"play_id":"7bfcd557-44b9-46d5-9c9a-8a5726f28a3f","local_time":"20190407074608","is_ascension_mode":true,"campfire_choices":[{"data":"Ball Lightning","floor":7.0,"key":"SMITH"}],"neow_cost":"NONE","seed_source_timestamp":0,"circlet_count":0,"master_deck":["AscendersBane","Strike_B","Strike_B","Strike_B","Strike_B","Defend_B","Defend_B","Defend_B","Defend_B","Zap","Dualcast","Compile Driver","Steam","Ball Lightning+1","Cold Snap","Coolheaded","Undo","Barrage"],"special_seed":0,"relics":["Lizard Tail","Kunai","Question Card","Pantograph","Blue Candle"],"potions_floor_usage":[12],"damage_taken":[{"damage":6.0,"enemies":"Cultist","floor":1.0,"turns":4.0},{"damage":0.0,"enemies":"Small Slimes","floor":2.0,"turns":3.0},{"damage":0.0,"enemies":"2 Louse","floor":3.0,"turns":3.0},{"damage":32.0,"enemies":"Exordium Thugs","floor":4.0,"turns":5.0},{"damage":3.0,"enemies":"2 Fungi Beasts","floor":5.0,"turns":5.0},{"damage":40.0,"enemies":"Lagavulin","floor":6.0,"turns":9.0},{"damage":15.0,"enemies":"3 Sentries","floor":8.0,"turns":7.0},{"damage":1,"enemies":"Blue Slaver","floor":10,"turns":5},{"damage":6,"enemies":"3 Louse","floor":12,"turns":2}],"seed_played":"7994369844538981101","potions_obtained":[{"floor":1.0,"key":"LiquidBronze"},{"floor":4.0,"key":"Energy Potion"},{"floor":6.0,"key":"Poison Potion"},{"floor":8,"key":"SneckoOil"},{"floor":10,"key":"Dexterity Potion"}],"is_trial":false,"path_per_floor":["M","M","M","M","M","E","R","E","T","M","?","M"],"character_chosen":"DEFECT","items_purchased":[],"campfire_rested":0,"item_purchase_floors":[],"current_hp_per_floor":[58,58,58,26,23,35,35,20,20,19,1,0],"gold":205,"neow_bonus":"BOSS_RELIC","is_prod":false,"is_daily":false,"chose_seed":false,"campfire_upgraded":1,"win_rate":0,"timestamp":1554619568,"path_taken":["M","M","M","?","M","E","R","E","T","M","?","M"],"build_version":"2019-01-23","purchased_purges":0,"victory":false,"max_hp_per_floor":[71,71,71,71,71,71,71,71,71,71,71,71],"card_choices":[{"not_picked":["Go for the Eyes","Turbo","Hologram"],"picked":"SKIP","floor":1.0},{"not_picked":["Barrage","Steam"],"picked":"Compile Driver","floor":2.0},{"not_picked":["Fusion","Aggregate"],"picked":"Steam","floor":3.0},{"not_picked":["Leap","Compile Driver"],"picked":"Ball Lightning","floor":4.0},{"not_picked":["Reinforced Body","All For One"],"picked":"Cold Snap","floor":5.0},{"not_picked":["Leap","Hologram"],"picked":"Coolheaded","floor":6.0},{"not_picked":["Auto Shields","Lockon"],"picked":"Undo","floor":8},{"not_picked":["Turbo","Stack","Compile Driver"],"picked":"Barrage","floor":10}],"player_experience":735378,"relics_obtained":[{"floor":6.0,"key":"Kunai"},{"floor":8,"key":"Question Card"},{"floor":9,"key":"Pantograph"}],"event_choices":[{"damage_healed":0,"gold_gain":0,"player_choice":"Success","damage_taken":18,"relics_obtained":["Blue Candle"],"max_hp_gain":0,"max_hp_loss":0,"event_name":"Scrap Ooze","floor":11,"gold_loss":0}],"is_beta":false,"boss_relics":[],"items_purged_floors":[],"is_endless":false,"potions_floor_spawned":[1,4,6,8,10],"killed_by":"3 Louse","ascension_level":15}