{"gold_per_floor":[111,129,129,142,158,158,184,199,199,199,199,232,252,252],"floor_reached":14,"playtime":738,"items_purged":[],"score":204,"play_id":"c9dcf159-1f8d-42e5-b077-4422256527bf","local_time":"20190618232036","is_ascension_mode":true,"campfire_choices":[{"data":"Doom and Gloom","floor":6,"key":"SMITH"},{"floor":11,"key":"REST"}],"neow_cost":"NONE","seed_source_timestamp":522452965760630,"circlet_count":0,"master_deck":["AscendersBane","Strike_B","Strike_B","Strike_B","Strike_B","Defend_B","Defend_B","Defend_B","Defend_B","Zap","Dualcast","FTL","Doom and Gloom+1","Coolheaded","Defragment","Coolheaded","Go for the Eyes"],"relics":["Cracked Core","Pear","Kunai","Ornamental Fan"],"potions_floor_usage":[7,8,12,14],"damage_taken":[{"damage":0,"enemies":"Cultist","floor":1,"turns":3},{"damage":2,"enemies":"2 Louse","floor":2,"turns":3},{"damage":2,"enemies":"Jaw Worm","floor":4,"turns":3},{"damage":3,"enemies":"3 Louse","floor":5,"turns":3},{"damage":31,"enemies":"Lagavulin","floor":7,"turns":5},{"damage":10,"enemies":"Exordium Wildlife","floor":8,"turns":6},{"damage":30,"enemies":"Gremlin Nob","floor":12,"turns":4},{"damage":10,"enemies":"Large Slime","floor":13,"turns":5},{"damage":17,"enemies":"3 Sentries","floor":14,"turns":4}],"seed_played":"5018060217179139126","potions_obtained":[{"floor":0,"key":"AttackPotion"},{"floor":0,"key":"FocusPotion"},{"floor":7,"key":"Dexterity Potion"},{"floor":8,"key":"PowerPotion"}],"is_trial":false,"path_per_floor":["M","M","?","M","M","R","E","M","T","?","R","E","M","E"],"character_chosen":"DEFECT","items_purchased":[],"campfire_rested":1,"item_purchase_floors":[],"current_hp_per_floor":[64,62,67,65,62,62,41,31,31,31,56,26,16,0],"gold":252,"neow_bonus":"THREE_SMALL_POTIONS","is_prod":false,"is_daily":false,"chose_seed":false,"campfire_upgraded":1,"win_rate":0,"timestamp":1560896436,"path_taken":["M","M","?","M","M","R","E","M","T","?","R","E","M","E"],"build_version":"2019-01-23","purchased_purges":0,"victory":false,"max_hp_per_floor":[71,71,76,76,76,76,86,86,86,86,86,86,86,86],"card_choices":[{"not_picked":["Streamline","Heatsinks"],"picked":"FTL","floor":1},{"not_picked":["Gash","Beam Cell"],"picked":"Doom and Gloom","floor":2},{"not_picked":["Gash","Rebound","Beam Cell"],"picked":"SKIP","floor":4},{"not_picked":["Redo","Go for the Eyes"],"picked":"Coolheaded","floor":5},{"not_picked":["Doom and Gloom","Creative AI"],"picked":"Defragment","floor":7},{"not_picked":["Conserve Battery","Tempest"],"picked":"Coolheaded","floor":8},{"not_picked":["Cold Snap","Rebound","Reprogram"],"picked":"SKIP","floor":12},{"not_picked":["Heatsinks","Doom and Gloom"],"picked":"Go for the Eyes","floor":13}],"player_experience":975236,"relics_obtained":[{"floor":7,"key":"Pear"},{"floor":9,"key":"Kunai"},{"floor":12,"key":"Ornamental Fan"}],"event_choices":[{"damage_healed":0,"gold_gain":0,"player_choice":"Donut","damage_taken":0,"max_hp_gain":5,"max_hp_loss":0,"event_name":"Big Fish","floor":3,"gold_loss":0},{"damage_healed":0,"gold_gain":0,"player_choice":"Got Potions","damage_taken":0,"max_hp_gain":0,"max_hp_loss":0,"event_name":"Lab","floor":10,"gold_loss":0}],"is_beta":false,"boss_relics":[],"items_purged_floors":[],"is_endless":false,"potions_floor_spawned":[2,7,8],"killed_by":"3 Sentries","ascension_level":20}