{"gold_per_floor":[118,130,130,130,144,144,177,177,177,205,18,28,63,78,78,149,149,160,35,53,103,117,117,117],"floor_reached":24,"playtime":2063,"items_purged":["Strike_R","Strike_R"],"score":457,"play_id":"c4edf767-1e77-42e4-816d-87029b822e49","local_time":"20190728231115","is_ascension_mode":true,"campfire_choices":[{"data":"Bash","floor":6,"key":"SMITH"},{"floor":8,"key":"REST"},{"data":"Inflame","floor":15,"key":"SMITH"},{"data":"Corruption","floor":23,"key":"SMITH"}],"neow_cost":"CURSE","seed_source_timestamp":350893181934434,"circlet_count":0,"master_deck":["AscendersBane","Strike_R","Strike_R","Strike_R","Defend_R","Defend_R","Defend_R","Defend_R","Bash+1","Feed","Pommel Strike+1","Perfected Strike+1","Feel No Pain","Power Through","Inflame+1","True Grit","Twin Strike","Sword Boomerang","Impervious","Corruption+1","Inflame","Shrug It Off","True Grit"],"relics":["Burning Blood","Du-Vu Doll","Kunai","Smiling Mask","Potion Belt","Cursed Key"],"potions_floor_usage":[13,16,18],"damage_taken":[{"damage":9,"enemies":"Small Slimes","floor":1,"turns":4},{"damage":1,"enemies":"2 Louse","floor":2,"turns":3},{"damage":9,"enemies":"Jaw Worm","floor":5,"turns":3},{"damage":8,"enemies":"Gremlin Nob","floor":7,"turns":3},{"damage":20,"enemies":"Lagavulin","floor":10,"turns":7},{"damage":11,"enemies":"Large Slime","floor":12,"turns":10},{"damage":17,"enemies":"Gremlin Nob","floor":13,"turns":4},{"damage":8,"enemies":"Blue Slaver","floor":14,"turns":3},{"damage":41,"enemies":"Hexaghost","floor":16,"turns":9},{"damage":10,"enemies":"3 Byrds","floor":18,"turns":3},{"damage":16,"enemies":"Spheric Guardian","floor":20,"turns":6},{"damage":1,"enemies":"Shelled Parasite and Fungi","floor":22,"turns":5},{"damage":72,"enemies":"Gremlin Leader","floor":24,"turns":8}],"seed_played":"-4986975614186184452","potions_obtained":[{"floor":7,"key":"SpeedPotion"},{"floor":12,"key":"Block Potion"},{"floor":13,"key":"LiquidBronze"},{"floor":14,"key":"Fire Potion"}],"is_trial":false,"path_per_floor":["M","M","?","?","M","R","E","R","T","E","$","M","E","M","R","B",null,"M","$","M","?","M","R","E"],"character_chosen":"IRONCLAD","items_purchased":["Inflame","True Grit","Inflame"],"campfire_rested":1,"item_purchase_floors":[11,11,19],"current_hp_per_floor":[68,76,52,45,45,45,43,68,68,54,54,52,44,45,45,10,72,71,71,64,64,72,72,0],"gold":117,"neow_bonus":"THREE_RARE_CARDS","is_prod":false,"is_daily":false,"chose_seed":false,"campfire_upgraded":3,"win_rate":0,"timestamp":1564351875,"path_taken":["M","M","?","?","M","R","E","R","T","E","$","M","E","M","R","BOSS","M","$","M","?","M","R","E"],"build_version":"2019-07-17","purchased_purges":2,"victory":false,"max_hp_per_floor":[78,81,81,81,84,84,84,84,84,84,84,87,90,93,93,93,93,96,96,99,99,102,102,102],"card_choices":[{"not_picked":["Reaper","Bludgeon"],"picked":"Feed","floor":0},{"not_picked":["Havoc","Sword Boomerang"],"picked":"Pommel Strike","floor":1},{"not_picked":["Entrench","Metallicize"],"picked":"Perfected Strike","floor":2},{"not_picked":["Seeing Red","Second Wind"],"picked":"Feel No Pain","floor":5},{"not_picked":["Wild Strike","Burning Pact"],"picked":"Power Through","floor":7},{"not_picked":["Hemokinesis","Pummel","Searing Blow"],"picked":"SKIP","floor":10},{"not_picked":["True Grit","Shockwave","Pommel Strike"],"picked":"SKIP","floor":12},{"not_picked":["Bloodletting","Flex"],"picked":"Twin Strike","floor":13},{"not_picked":["Iron Wave","Bludgeon"],"picked":"Sword Boomerang","floor":14},{"not_picked":["Feed","Bludgeon"],"picked":"Impervious","floor":16},{"not_picked":["Perfected Strike","Warcry+1"],"picked":"Corruption","floor":18},{"not_picked":["Headbutt","Sword Boomerang"],"picked":"Shrug It Off","floor":20},{"not_picked":["Wild Strike","Clash"],"picked":"True Grit","floor":22}],"player_experience":1047767,"relics_obtained":[{"floor":7,"key":"Du-Vu Doll"},{"floor":9,"key":"Kunai"},{"floor":10,"key":"Smiling Mask"},{"floor":13,"key":"Potion Belt"}],"event_choices":[{"damage_healed":0,"gold_gain":0,"player_choice":"Entered Light","damage_taken":24,"max_hp_gain":0,"max_hp_loss":0,"event_name":"Shining Light","floor":3,"gold_loss":0,"cards_upgraded":["Pommel Strike","Perfected Strike"]},{"cards_removed":["Regret"],"damage_healed":0,"gold_gain":0,"player_choice":"Card Removal","damage_taken":7,"max_hp_gain":0,"max_hp_loss":0,"event_name":"Golden Wing","floor":4,"gold_loss":0},{"damage_healed":0,"gold_gain":50,"player_choice":"Stole From Cult","damage_taken":0,"max_hp_gain":0,"max_hp_loss":0,"event_name":"Nest","floor":21,"gold_loss":0}],"is_beta":false,"boss_relics":[{"not_picked":["Fusion Hammer","Philosopher\u0027s Stone"],"picked":"Cursed Key"}],"items_purged_floors":[11,19],"is_endless":false,"potions_floor_spawned":[7,12,13,14],"killed_by":"Gremlin Leader","ascension_level":20}