{"gold_per_floor":[116,127,138,18,30,30,62,62,114,114,114,114,130,44,44,121,121,135,0,50,60,73,73,73],"floor_reached":24,"playtime":839,"items_purged":[],"score":363,"play_id":"6945d3f3-2443-49a5-9c3f-95dbe9bd96f0","local_time":"20190807003940","is_ascension_mode":true,"campfire_choices":[{"data":"Neutralize","floor":6,"key":"SMITH"},{"data":"Well Laid Plans","floor":8,"key":"SMITH"},{"data":"Terror","floor":10,"key":"SMITH"},{"data":"Flechettes","floor":12,"key":"SMITH"},{"data":"Noxious Fumes","floor":15,"key":"SMITH"},{"data":"Tactician","floor":23,"key":"SMITH"}],"neow_cost":"NONE","seed_source_timestamp":175370135319300,"circlet_count":0,"master_deck":["AscendersBane","Survivor","Neutralize+1","Terror+1","Backstab","Dagger Spray","Flechettes+1","Well Laid Plans+1","All Out Attack","Tactician+1","Noxious Fumes+1","Burst","Infinite Blades","Leg Sweep","Crippling Poison","Quick Slash","Deflect","All Out Attack","Storm of Steel","Well Laid Plans","Prepared","Blur"],"relics":["Ring of the Snake","Bottled Flame","Art of War","Pandora\u0027s Box"],"potions_floor_usage":[16,16,21,24],"damage_taken":[{"damage":0,"enemies":"Cultist","floor":1,"turns":4},{"damage":2,"enemies":"Jaw Worm","floor":2,"turns":4},{"damage":0,"enemies":"2 Louse","floor":3,"turns":3},{"damage":8,"enemies":"Blue Slaver","floor":5,"turns":3},{"damage":12,"enemies":"Gremlin Nob","floor":7,"turns":3},{"damage":14,"enemies":"Large Slime","floor":13,"turns":5},{"damage":2,"enemies":"Hexaghost","floor":16,"turns":8},{"damage":15,"enemies":"Spheric Guardian","floor":18,"turns":6},{"damage":2,"enemies":"3 Byrds","floor":21,"turns":4},{"damage":13,"enemies":"Snecko","floor":22,"turns":4},{"damage":37,"enemies":"Slavers","floor":24,"turns":3}],"seed_played":"5846332759098473575","potions_obtained":[{"floor":1,"key":"Regen Potion"},{"floor":7,"key":"LiquidBronze"},{"floor":16,"key":"Fire Potion"},{"floor":21,"key":"EssenceOfSteel"}],"is_trial":false,"path_per_floor":["M","M","M","$","M","R","E","R","T","R","?","R","M","$","R","B",null,"M","?","?","M","M","R","E"],"character_chosen":"THE_SILENT","items_purchased":["Well Laid Plans","All Out Attack","Noxious Fumes"],"campfire_rested":0,"item_purchase_floors":[4,4,14],"current_hp_per_floor":[59,57,57,57,49,49,37,37,37,37,37,37,23,23,23,36,59,44,44,44,42,29,29,0],"gold":73,"neow_bonus":"TRANSFORM_CARD","is_prod":false,"is_daily":false,"chose_seed":false,"campfire_upgraded":6,"win_rate":0,"timestamp":1565152780,"path_taken":["M","M","M","$","M","R","E","R","T","R","?","R","?","?","R","BOSS","M","?","?","M","M","R","E"],"build_version":"2019-07-17","purchased_purges":0,"victory":false,"max_hp_per_floor":[66,66,66,66,66,66,66,66,66,66,66,66,66,66,66,66,66,66,66,66,66,66,66,66],"card_choices":[{"not_picked":["Bouncing Flask","Dagger Throw"],"picked":"Backstab","floor":1},{"not_picked":["Reflex","Quick Slash"],"picked":"Dagger Spray","floor":2},{"not_picked":["Blade Dance","Heel Hook"],"picked":"Flechettes","floor":3},{"not_picked":["Dodge and Roll","Underhanded Strike","Slice"],"picked":"SKIP","floor":5},{"not_picked":["Riddle With Holes","Envenom","Dodge and Roll"],"picked":"SKIP","floor":7},{"not_picked":["Blade Dance","Terror"],"picked":"Tactician","floor":13},{"not_picked":["A Thousand Cuts","Storm of Steel"],"picked":"Burst","floor":16},{"not_picked":["Dodge and Roll","Reflex"],"picked":"Prepared","floor":18},{"not_picked":["Poisoned Stab","Blade Dance","Slice"],"picked":"SKIP","floor":21},{"not_picked":["Dagger Spray","Poisoned Stab"],"picked":"Blur","floor":22}],"player_experience":664387,"relics_obtained":[{"floor":7,"key":"Bottled Flame"},{"floor":9,"key":"Art of War"}],"event_choices":[{"cards_removed":["Strike_G"],"damage_healed":0,"gold_gain":0,"player_choice":"Offered Basic","damage_taken":0,"max_hp_gain":0,"max_hp_loss":0,"event_name":"Bonfire Elementals","floor":11,"gold_loss":0},{"damage_healed":0,"gold_gain":0,"player_choice":"Paid Fearfully","damage_taken":0,"max_hp_gain":0,"max_hp_loss":0,"event_name":"Masked Bandits","floor":19,"gold_loss":135},{"damage_healed":0,"gold_gain":50,"player_choice":"Stole From Cult","damage_taken":0,"max_hp_gain":0,"max_hp_loss":0,"event_name":"Nest","floor":20,"gold_loss":0}],"is_beta":false,"boss_relics":[{"not_picked":["Orrery","Tiny House"],"picked":"Pandora\u0027s Box"}],"items_purged_floors":[],"is_endless":false,"potions_floor_spawned":[1,7,16,21],"killed_by":"Slavers","ascension_level":17}