{"gold_per_floor":[109,127,127,141,91,118,118,148,148,148,211,211,211,237,237,332,332,257,257,257,257,257,257,22,22,22,22,22,22,22,22,22,22,22,22,22,22,22,22,22,22,22,22,22,22,22,22,22,22,22],"floor_reached":51,"playtime":5211,"items_purged":[],"score":1007,"play_id":"f49fa9ae-d21c-49aa-b344-cf62a5176d96","local_time":"20180630111732","is_ascension_mode":true,"campfire_choices":[{"data":"Zap","floor":7,"key":"SMITH"},{"data":"Dualcast","floor":10,"key":"SMITH"},{"floor":15,"key":"REST"},{"data":"Conserve Battery","floor":23,"key":"SMITH"},{"data":"Streamline","floor":25,"key":"SMITH"},{"data":"Defend_B","floor":27,"key":"SMITH"},{"data":"Capacitor","floor":32,"key":"SMITH"},{"data":"Rainbow","floor":41,"key":"SMITH"},{"floor":44,"key":"REST"},{"data":"Seek","floor":47,"key":"SMITH"},{"floor":49,"key":"REST"}],"neow_cost":"NONE","seed_source_timestamp":4013897722374399,"circlet_count":0,"master_deck":["Strike_B+1","Strike_B+1","Strike_B+1","Defend_B+1","Defend_B+1","Defend_B+1","Zap+1","Dualcast+1","Sweeping Beam","BootSequence","Stack","Conserve Battery+1","Genetic Algorithm","Self Repair","Streamline+1","Electrodynamics","Coolheaded+1","RitualDagger","Gash+1","Echo Form","Seek+1","Capacitor+1","Rainbow+1","Hologram+1","Rebound+1","Gash+1","Go for the Eyes+1","Reboot","Barrage+1","Glacier+1","Leap+1","Steam+1"],"special_seed":17712,"relics":["Cracked Core","Juzu Bracelet","Bird Faced Urn","Question Card","Pear","Lantern","Odd Mushroom","Ectoplasm","Art of War","Runic Pyramid","Mango","Regal Pillow","Ancient Tea Set","Boot","Dream Catcher","Bottled Lightning"],"potions_floor_usage":[8,11,14,14,16,33,40,42,50],"damage_taken":[{"damage":3,"enemies":"2 Louse","floor":1,"turns":2},{"damage":2,"enemies":"Jaw Worm","floor":2,"turns":3},{"damage":0,"enemies":"Small Slimes","floor":4,"turns":2},{"damage":8,"enemies":"3 Sentries","floor":6,"turns":6},{"damage":34,"enemies":"Gremlin Nob","floor":8,"turns":4},{"damage":30,"enemies":"Lagavulin Event","floor":11,"turns":6},{"damage":2,"floor":14,"turns":3},{"damage":16,"enemies":"The Guardian","floor":16,"turns":11},{"damage":20,"enemies":"2 Thieves","floor":18,"turns":4},{"damage":1,"enemies":"Shell Parasite","floor":22,"turns":5},{"damage":0,"enemies":"Chosen and Byrds","floor":31,"turns":6},{"damage":28,"enemies":"Collector","floor":33,"turns":8},{"damage":12,"enemies":"3 Shapes","floor":35,"turns":3},{"damage":0,"floor":36,"turns":6},{"damage":0,"enemies":"Orb Walker","floor":39,"turns":3},{"damage":34,"enemies":"Giant Head","floor":40,"turns":9},{"damage":30,"enemies":"2 Orb Walkers","floor":42,"turns":5},{"damage":0,"enemies":"Giant Head","floor":45,"turns":7},{"damage":34,"enemies":"2 Orb Walkers","floor":48,"turns":6},{"damage":48,"enemies":"Time Eater","floor":50,"turns":8}],"seed_played":"-5177814469458119946","potions_obtained":[{"floor":2,"key":"Fire Potion"},{"floor":8,"key":"SpeedPotion"},{"floor":11,"key":"Strength Potion"},{"floor":11,"key":"Dexterity Potion"},{"floor":13,"key":"AttackPotion"},{"floor":16,"key":"Block Potion"},{"floor":22,"key":"FocusPotion"},{"floor":36,"key":"FocusPotion"},{"floor":42,"key":"FocusPotion"},{"floor":45,"key":"GamblersBrew"}],"is_trial":false,"path_per_floor":["M","M","?","M","?","E","R","E","T","R","?","?","?","?","R","B",null,"M","?","?","?","M","R","$","R","T","R","?","?","?","M","R","B",null,"M","?","?","?","M","E","R","E","T","R","E","?","R","E","R","B"],"character_chosen":"DEFECT","items_purchased":["Echo Form","Seek"],"campfire_rested":3,"item_purchase_floors":[24,24],"current_hp_per_floor":[65,63,63,63,63,55,55,21,31,31,10,10,10,17,42,35,73,64,64,64,58,68,68,68,68,68,68,52,52,52,65,65,52,81,86,104,104,104,104,81,81,66,66,104,104,104,104,83,104,67],"gold":22,"neow_bonus":"RANDOM_COMMON_RELIC","is_prod":false,"is_daily":false,"chose_seed":false,"campfire_upgraded":8,"win_rate":0,"timestamp":1530353852,"path_taken":["M","M","?","M","?","E","R","E","T","R","?","?","?","?","R","BOSS","M","?","?","?","M","R","$","R","T","R","?","?","?","M","R","BOSS","M","?","?","?","M","E","R","E","T","R","E","?","R","E","R","BOSS"],"build_version":"2018-06-28","purchased_purges":0,"victory":true,"max_hp_per_floor":[75,75,75,75,75,75,75,75,85,85,85,85,85,85,85,85,85,85,85,85,85,85,85,85,85,85,85,90,90,90,90,90,90,90,90,104,104,104,104,104,104,104,104,104,104,104,104,104,104,104],"card_choices":[{"not_picked":["Beam Cell","Leap"],"picked":"Sweeping Beam","floor":1},{"not_picked":["Streamline","Skim"],"picked":"BootSequence","floor":2},{"not_picked":["Recycle","Melter"],"picked":"Conserve Battery","floor":4},{"not_picked":["Streamline","Hello World"],"picked":"Genetic Algorithm","floor":6},{"not_picked":["Thunder Strike","Redo"],"picked":"Self Repair","floor":8},{"not_picked":["Self Repair","Steam","Force Field"],"picked":"Skim","floor":11},{"not_picked":["Go for the Eyes","Aggregate","Force Field"],"picked":"Streamline","floor":14},{"not_picked":["Machine Learning","Reboot","Amplify"],"picked":"Electrodynamics","floor":16},{"not_picked":["Conserve Battery","Rebound","Turbo+1"],"picked":"Coolheaded+1","floor":18},{"not_picked":["Beam Cell","Leap+1","Ball Lightning"],"picked":"Gash+1","floor":22},{"not_picked":["Cold Snap","Hologram","Recycle"],"picked":"Capacitor","floor":31},{"not_picked":["Electrodynamics","Fission","Buffer"],"picked":"Rainbow","floor":33},{"not_picked":["Tempest+1","Steam+1","Turbo"],"picked":"Hologram+1","floor":35},{"not_picked":["Hologram","Streamline","Fusion+1"],"picked":"Rebound+1","floor":36},{"not_picked":["Conserve Battery+1","Compile Driver+1","Biased Cognition"],"picked":"Go for the Eyes+1","floor":39},{"not_picked":["Ball Lightning","Go for the Eyes+1","Hello World+1"],"picked":"Reboot","floor":40},{"not_picked":["Hologram+1","Cold Snap","Auto Shields+1"],"picked":"Barrage+1","floor":42},{"not_picked":["Creative AI","White Noise","Lockon+1"],"picked":"Glacier","floor":45},{"not_picked":["Steam+1","Cold Snap+1","Self Repair+1"],"picked":"Leap+1","floor":48},{"not_picked":["Beam Cell","Hologram","Conserve Battery"],"picked":"Steam+1","floor":49}],"player_experience":334161,"relics_obtained":[{"floor":6,"key":"Bird Faced Urn"},{"floor":8,"key":"Question Card"},{"floor":9,"key":"Pear"},{"floor":11,"key":"Lantern"},{"floor":14,"key":"Odd Mushroom"},{"floor":26,"key":"Art of War"},{"floor":36,"key":"Mango"},{"floor":40,"key":"Regal Pillow"},{"floor":42,"key":"Ancient Tea Set"},{"floor":43,"key":"Boot"},{"floor":45,"key":"Dream Catcher"},{"floor":48,"key":"Bottled Lightning"}],"event_choices":[{"event_name":"Living Wall","player_choice":"Change","floor":3,"damage_taken":0},{"event_name":"The Cleric","player_choice":"Card Removal","floor":5,"damage_taken":0},{"event_name":"Dead Adventurer","player_choice":"Searched \u00271\u0027 times","floor":11,"damage_taken":0},{"event_name":"Shining Light","player_choice":"Ignored","floor":12,"damage_taken":0},{"event_name":"The Lab","player_choice":"Got Potions","floor":13,"damage_taken":0},{"event_name":"Mushrooms","player_choice":"Fought Mushrooms","floor":14,"damage_taken":0},{"event_name":"Beggar","player_choice":"Ignored","floor":19,"damage_taken":0},{"event_name":"The Woman in Blue","player_choice":"Bought 0 Potions","floor":20,"damage_taken":0},{"event_name":"Nest","player_choice":"Joined the Cult","floor":21,"damage_taken":0},{"event_name":"Forgotten Altar","player_choice":"Shed Blood","floor":28,"damage_taken":0},{"event_name":"Addict","player_choice":"Ignored","floor":29,"damage_taken":0},{"event_name":"Back to Basics","player_choice":"Simplicity","floor":30,"damage_taken":0},{"event_name":"MindBloom","player_choice":"Fight","floor":36,"damage_taken":0},{"event_name":"Duplicator","player_choice":"One dupe","floor":37,"damage_taken":0},{"event_name":"Purifier","player_choice":"One Purge","floor":38,"damage_taken":0},{"event_name":"Upgrade Shrine","player_choice":"Upgraded","floor":46,"damage_taken":0}],"boss_relics":[{"not_picked":["Eternal Feather","Lizard Tail"],"picked":"Ectoplasm"},{"not_picked":["Astrolabe","Tiny House"],"picked":"Runic Pyramid"}],"items_purged_floors":[],"is_endless":false,"potions_floor_spawned":[2,8,11,11,16,22,36,42,45],"ascension_level":6}