{"gold_per_floor":[117,60,13,24,44,44,44,44,69,113,113,113,113,10,10,131,131,149,149,164,183,183,183,222,247,247,247],"floor_reached":27,"playtime":1684,"items_purged":[],"score":254,"play_id":"0b482613-fac9-49e0-abcd-8ecb4c76c0ed","local_time":"20190224141521","is_ascension_mode":false,"campfire_choices":[{"data":"Neutralize","floor":8,"key":"SMITH"},{"data":"Poisoned Stab","floor":11,"key":"SMITH"},{"data":"PiercingWail","floor":13,"key":"SMITH"},{"data":"Survivor","floor":15,"key":"SMITH"},{"data":"Dodge and Roll","floor":23,"key":"SMITH"}],"neow_cost":"NONE","seed_source_timestamp":217653570351768,"circlet_count":0,"master_deck":["Defend_G","Defend_G","Defend_G+1","Survivor+1","Neutralize+1","Dodge and Roll+1","Poisoned Stab+1","Dodge and Roll+1","PiercingWail+1","Underhanded Strike","Cloak And Dagger","PiercingWail","Bite","Bite","Bite","Bite","Bite","Deflect","Dagger Throw+1"],"relics":["Empty Cage","Ancient Tea Set","Golden Idol","Orichalcum","Omamori","War Paint","Sozu","Bird Faced Urn","Toxic Egg 2"],"potions_floor_usage":[18,25],"damage_taken":[{"damage":1,"enemies":"Cultist","floor":1,"turns":5},{"damage":1,"enemies":"2 Louse","floor":4,"turns":3},{"damage":0,"enemies":"Small Slimes","floor":5,"turns":4},{"damage":20,"enemies":"3 Sentries","floor":10,"turns":14},{"damage":18,"enemies":"The Guardian","floor":16,"turns":17},{"damage":2,"enemies":"Chosen","floor":18,"turns":6},{"damage":10,"enemies":"Shell Parasite","floor":20,"turns":9},{"damage":14,"enemies":"Snake Plant","floor":21,"turns":7},{"damage":29,"enemies":"Book of Stabbing","floor":24,"turns":8},{"damage":45,"enemies":"Cultist and Chosen","floor":25,"turns":11},{"damage":27,"enemies":"Sentry and Sphere","floor":27,"turns":5}],"seed_played":"7845843342967058726","potions_obtained":[{"floor":5,"key":"Weak Potion"},{"floor":16,"key":"GamblersBrew"}],"is_trial":false,"path_per_floor":["M","?","$","M","M","?","?","R","T","E","R","?","R","$","R","B",null,"M","?","M","M","?","R","E","M","T","M"],"character_chosen":"THE_SILENT","items_purchased":["Poisoned Stab","Underhanded Strike","Cloak And Dagger"],"campfire_rested":0,"item_purchase_floors":[3,14,14],"current_hp_per_floor":[69,69,69,68,68,51,51,51,51,31,31,24,24,24,24,6,70,68,49,49,43,43,43,32,15,15,0],"gold":247,"neow_bonus":"BOSS_RELIC","is_prod":false,"is_daily":false,"chose_seed":false,"campfire_upgraded":5,"win_rate":0,"timestamp":1551017721,"path_taken":["M","?","?","M","M","?","?","R","T","E","R","?","R","$","R","BOSS","M","?","M","M","?","R","E","M","T","?"],"build_version":"2019-01-23","purchased_purges":0,"victory":false,"max_hp_per_floor":[70,70,70,70,70,70,70,70,70,70,70,70,70,70,70,70,70,70,49,49,49,49,49,49,49,49,49],"card_choices":[{"not_picked":["Deflect","Reflex"],"picked":"Dodge and Roll","floor":1},{"not_picked":["Accuracy","Footwork","Dash"],"picked":"SKIP","floor":4},{"not_picked":["Reflex","Calculated Gamble"],"picked":"Dodge and Roll","floor":5},{"not_picked":["Deflect","Backflip"],"picked":"PiercingWail","floor":10},{"not_picked":["Skewer+1","Dodge and Roll"],"picked":"PiercingWail","floor":18},{"not_picked":["Caltrops","Expertise","Footwork+1"],"picked":"SKIP","floor":20},{"not_picked":["Underhanded Strike","Noxious Fumes","Sucker Punch"],"picked":"SKIP","floor":21},{"not_picked":["Eviscerate","Reflex"],"picked":"Deflect","floor":24},{"not_picked":["PiercingWail","Backstab"],"picked":"Dagger Throw+1","floor":25}],"player_experience":482154,"relics_obtained":[{"floor":9,"key":"Orichalcum"},{"floor":10,"key":"Omamori"},{"floor":24,"key":"Bird Faced Urn"},{"floor":26,"key":"Toxic Egg 2"}],"event_choices":[{"damage_healed":0,"gold_gain":0,"player_choice":"Paid Gold","damage_taken":0,"relics_obtained":["Ancient Tea Set"],"max_hp_gain":0,"max_hp_loss":0,"event_name":"WeMeetAgain","floor":2,"gold_loss":57},{"damage_healed":0,"gold_gain":0,"player_choice":"Take Damage","damage_taken":17,"relics_obtained":["Golden Idol"],"max_hp_gain":0,"max_hp_loss":0,"event_name":"Golden Idol","floor":6,"gold_loss":0},{"damage_healed":0,"gold_gain":0,"player_choice":"Ignored","damage_taken":0,"max_hp_gain":0,"max_hp_loss":0,"event_name":"Liars Game","floor":7,"gold_loss":0},{"damage_healed":0,"gold_gain":0,"player_choice":"Success","damage_taken":7,"relics_obtained":["War Paint"],"max_hp_gain":0,"max_hp_loss":0,"event_name":"Scrap Ooze","floor":12,"gold_loss":0},{"damage_healed":0,"gold_gain":0,"player_choice":"Became a vampire","damage_taken":0,"max_hp_gain":0,"max_hp_loss":21,"event_name":"Vampires","floor":19,"gold_loss":0,"cards_obtained":["Bite","Bite","Bite","Bite","Bite"]},{"cards_removed":["Defend_G"],"damage_healed":0,"gold_gain":0,"player_choice":"Purged","damage_taken":0,"max_hp_gain":0,"max_hp_loss":0,"event_name":"Purifier","floor":22,"gold_loss":0}],"is_beta":false,"boss_relics":[{"not_picked":["Velvet Choker","Philosopher\u0027s Stone"],"picked":"Sozu"}],"items_purged_floors":[],"is_endless":false,"potions_floor_spawned":[5,16,20,25],"killed_by":"Sentry and Sphere","ascension_level":0}