{"gold_per_floor":[219,319,336,348,318,241,266,266,266,295,295,307,335,352,352,448,448,466,54,73,91,105,105,137,156,179,204,204,218,235,268,268,368,368,385,396,406,421,441,441,455,470,494,510,510,526,557,557,557,557],"floor_reached":51,"playtime":5792,"items_purged":["Strike_G"],"score":857,"play_id":"30c64c6b-ba90-44ff-9327-a80ba0c26e87","local_time":"20190429233730","is_ascension_mode":true,"campfire_choices":[{"data":"Deadly Poison","floor":8,"key":"SMITH"},{"data":"Catalyst","floor":11,"key":"SMITH"},{"data":"Bouncing Flask","floor":15,"key":"SMITH"},{"data":"Crippling Poison","floor":23,"key":"SMITH"},{"floor":28,"key":"REST"},{"floor":32,"key":"REST"},{"data":"Footwork","floor":40,"key":"SMITH"},{"floor":49,"key":"REST"}],"neow_cost":"NONE","seed_source_timestamp":611540906854533,"circlet_count":0,"master_deck":["Defend_G","Defend_G","Defend_G","Defend_G","Defend_G","Strike_G","Strike_G","Strike_G+1","Strike_G","Survivor","Neutralize+1","PiercingWail","Footwork+1","Cloak And Dagger","Deadly Poison+1","Footwork","Malaise","Catalyst+1","Infinite Blades","Bouncing Flask+1","Corpse Explosion","PiercingWail+1","Catalyst+1","Crippling Poison+1","Backstab+1","Dodge and Roll","Catalyst+1","Skewer+1","Deadly Poison","Backflip+1","Concentrate+1","Deadly Poison+1","Die Die Die","Backflip+1","Bouncing Flask+1","Dodge and Roll+1","Expertise+1","Blur+1","Deflect+1"],"relics":["Ring of the Snake","Orichalcum","Omamori","Whetstone","Sozu","DollysMirror","Bag of Marbles","Tingsha","Dream Catcher","Bronze Scales","Toxic Egg 2","Velvet Choker","Oddly Smooth Stone","Vajra"],"potions_floor_usage":[5,10,13,25,44,44],"damage_taken":[{"damage":2,"enemies":"Small Slimes","floor":1,"turns":5},{"damage":1,"enemies":"Cultist","floor":3,"turns":4},{"damage":0,"enemies":"2 Louse","floor":4,"turns":5},{"damage":0,"enemies":"Looter","floor":5,"turns":4},{"damage":5,"enemies":"Lagavulin","floor":7,"turns":9},{"damage":9,"enemies":"Gremlin Nob","floor":10,"turns":4},{"damage":8,"enemies":"Exordium Wildlife","floor":12,"turns":6},{"damage":9,"enemies":"3 Sentries","floor":13,"turns":13},{"damage":0,"enemies":"2 Fungi Beasts","floor":14,"turns":4},{"damage":0,"enemies":"The Guardian","floor":16,"turns":7},{"damage":4,"enemies":"Chosen","floor":18,"turns":3},{"damage":0,"enemies":"Spheric Guardian","floor":20,"turns":2},{"damage":25,"enemies":"Cultist and Chosen","floor":21,"turns":6},{"damage":0,"enemies":"Sentry and Sphere","floor":22,"turns":3},{"damage":13,"enemies":"Slavers","floor":24,"turns":6},{"damage":3,"enemies":"3 Cultists","floor":25,"turns":3},{"damage":6,"enemies":"Book of Stabbing","floor":27,"turns":4},{"damage":2,"enemies":"Snake Plant","floor":29,"turns":4},{"damage":0,"enemies":"Snecko","floor":30,"turns":2},{"damage":8,"enemies":"Slavers","floor":31,"turns":4},{"damage":39,"enemies":"Collector","floor":33,"turns":6},{"damage":7,"enemies":"3 Darklings","floor":35,"turns":5},{"damage":0,"enemies":"Orb Walker","floor":36,"turns":3},{"damage":3,"enemies":"Writhing Mass","floor":37,"turns":3},{"damage":4,"enemies":"Jaw Worm Horde","floor":38,"turns":3},{"damage":5,"enemies":"3 Darklings","floor":39,"turns":3},{"damage":19,"enemies":"Spire Growth","floor":41,"turns":5},{"damage":10,"enemies":"4 Shapes","floor":42,"turns":5},{"damage":0,"enemies":"Transient","floor":44,"turns":5},{"damage":0,"enemies":"Sphere and 2 Shapes","floor":46,"turns":3},{"damage":8,"enemies":"Reptomancer","floor":47,"turns":9},{"damage":31,"enemies":"Donu and Deca","floor":50,"turns":6}],"seed_played":"-7718603876163695900","potions_obtained":[{"floor":3,"key":"EntropicBrew"},{"floor":10,"key":"Strength Potion"},{"floor":13,"key":"FearPotion"}],"is_trial":false,"path_per_floor":["M","?","M","M","M","$","E","R","T","E","R","M","E","M","R","B",null,"M","$","M","M","M","R","E","M","T","E","R","M","M","E","R","B",null,"M","M","M","M","M","R","M","M","T","M","?","M","E","?","R","B",null],"character_chosen":"THE_SILENT","items_purchased":["Footwork","DollysMirror","Bag of Marbles"],"campfire_rested":3,"item_purchase_floors":[6,19,19],"current_hp_per_floor":[68,68,67,67,67,67,62,62,62,53,53,45,51,51,51,51,70,66,66,66,41,41,41,28,25,25,19,40,38,38,30,51,12,70,63,63,60,56,51,51,32,22,22,22,22,22,14,14,35,4],"gold":557,"neow_bonus":"HUNDRED_GOLD","is_prod":false,"is_daily":false,"chose_seed":false,"campfire_upgraded":5,"win_rate":0,"timestamp":1556577450,"path_taken":["M","?","?","M","M","?","E","R","T","E","R","M","E","M","R","BOSS","M","$","M","M","?","R","E","M","T","E","R","M","M","E","R","BOSS","M","M","M","M","M","R","M","M","T","M","?","M","E","?","R","BOSS"],"build_version":"2019-01-23","purchased_purges":1,"victory":true,"max_hp_per_floor":[70,70,70,70,70,70,70,70,70,70,70,70,70,70,70,70,70,70,70,70,70,70,70,70,70,70,70,70,70,70,70,70,70,70,70,70,70,70,70,70,70,70,70,70,70,70,70,70,70,70],"card_choices":[{"not_picked":["Acrobatics","Backflip"],"picked":"PiercingWail","floor":1},{"not_picked":["Distraction","Infinite Blades"],"picked":"Footwork","floor":3},{"not_picked":["Bane","Slice"],"picked":"Cloak And Dagger","floor":4},{"not_picked":["Poisoned Stab","Well Laid Plans"],"picked":"Deadly Poison","floor":5},{"not_picked":["Flying Knee","Dagger Throw"],"picked":"Malaise","floor":7},{"not_picked":["Glass Knife","Poisoned Stab"],"picked":"Catalyst","floor":10},{"not_picked":["Concentrate","Slice","Prepared"],"picked":"SKIP","floor":12},{"not_picked":["Quick Slash","Acrobatics"],"picked":"Infinite Blades","floor":13},{"not_picked":["Eviscerate","Poisoned Stab"],"picked":"Bouncing Flask","floor":14},{"not_picked":["Tools of the Trade","Grand Finale"],"picked":"Corpse Explosion","floor":16},{"not_picked":["Dagger Spray","All Out Attack"],"picked":"PiercingWail+1","floor":18},{"not_picked":["Flechettes+1","Poisoned Stab"],"picked":"Crippling Poison","floor":20},{"not_picked":["Choke","Quick Slash"],"picked":"Backstab+1","floor":21},{"not_picked":["Slice","Bane+1"],"picked":"Dodge and Roll","floor":22},{"not_picked":["Outmaneuver","Dagger Throw"],"picked":"Catalyst+1","floor":24},{"not_picked":["Malaise","Dagger Spray"],"picked":"Skewer+1","floor":25},{"not_picked":["Cloak And Dagger","Expertise"],"picked":"Deadly Poison","floor":27},{"not_picked":["Quick Slash","Calculated Gamble"],"picked":"Backflip+1","floor":28},{"not_picked":["Deadly Poison","Quick Slash+1","Crippling Poison"],"picked":"SKIP","floor":29},{"not_picked":["Bane","Blade Dance","Venomology"],"picked":"SKIP","floor":30},{"not_picked":["Quick Slash","Poisoned Stab"],"picked":"Concentrate","floor":31},{"not_picked":["Poisoned Stab+1","Bane"],"picked":"Deadly Poison+1","floor":32},{"not_picked":["Unload","Grand Finale"],"picked":"Die Die Die","floor":33},{"not_picked":["Flying Knee","Cloak And Dagger+1"],"picked":"Backflip+1","floor":35},{"not_picked":["Expertise+1","Blur+1"],"picked":"Bouncing Flask+1","floor":36},{"not_picked":["Setup+1","Flying Knee"],"picked":"Dodge and Roll+1","floor":37},{"not_picked":["Deadly Poison+1","Backstab+1","Endless Agony"],"picked":"SKIP","floor":38},{"not_picked":["Cloak And Dagger+1","Dagger Spray"],"picked":"Expertise+1","floor":39},{"not_picked":["Blade Dance+1","Bouncing Flask+1"],"picked":"Blur+1","floor":41},{"not_picked":["Setup+1","Poisoned Stab","PiercingWail+1"],"picked":"SKIP","floor":42},{"not_picked":["Cloak And Dagger+1","Slice","Riddle With Holes+1"],"picked":"SKIP","floor":44},{"not_picked":["Cloak And Dagger+1","Escape Plan+1"],"picked":"Deflect+1","floor":46},{"not_picked":["Deadly Poison+1","Accuracy","Infinite Blades"],"picked":"SKIP","floor":47}],"player_experience":911946,"relics_obtained":[{"floor":7,"key":"Orichalcum"},{"floor":10,"key":"Omamori"},{"floor":13,"key":"Whetstone"},{"floor":24,"key":"Tingsha"},{"floor":26,"key":"Dream Catcher"},{"floor":27,"key":"Bronze Scales"},{"floor":31,"key":"Toxic Egg 2"},{"floor":43,"key":"Oddly Smooth Stone"},{"floor":47,"key":"Vajra"}],"event_choices":[{"damage_healed":0,"gold_gain":100,"player_choice":"Pray","damage_taken":0,"max_hp_gain":0,"max_hp_loss":0,"event_name":"Golden Shrine","floor":2,"gold_loss":0},{"damage_healed":0,"gold_gain":0,"player_choice":"Ignored","damage_taken":0,"max_hp_gain":0,"max_hp_loss":0,"event_name":"Tomb of Lord Red Mask","floor":45,"gold_loss":0},{"damage_healed":0,"gold_gain":0,"player_choice":"Ignored","damage_taken":0,"max_hp_gain":0,"max_hp_loss":0,"event_name":"Mysterious Sphere","floor":48,"gold_loss":0}],"is_beta":false,"boss_relics":[{"not_picked":["Eternal Feather","White Beast Statue"],"picked":"Sozu"},{"not_picked":["Calling Bell","Runic Dome"],"picked":"Velvet Choker"}],"items_purged_floors":[19],"is_endless":false,"potions_floor_spawned":[3,10,12,13,18,22,24,31,35,38,41],"ascension_level":1}