{"gold_per_floor":[368,368,386,406,154,154,180,195,248,283,283,314,327,344,344,423,423,423,423,423,423,423,423,423,423,423,153,153,153,73,73,73,73,73,73,73,73,73,73,73,73,26,26,26,26,26,26,26,26,26],"floor_reached":51,"playtime":4609,"items_purged":["Strike_R"],"score":1312,"play_id":"c99f8219-99b3-4a02-90b1-873ae4ec04c2","local_time":"20190329091234","is_ascension_mode":true,"campfire_choices":[{"data":"Bash","floor":6.0,"key":"SMITH"},{"data":"Rampage","floor":11.0,"key":"SMITH"},{"data":"Heavy Blade","floor":15.0,"key":"SMITH"},{"floor":24.0,"key":"REST"},{"data":"Whirlwind","floor":32,"key":"SMITH"},{"data":"Armaments","floor":40,"key":"SMITH"},{"data":"Spot Weakness","floor":46,"key":"SMITH"},{"data":"Metallicize","floor":49,"key":"SMITH"}],"neow_cost":"TEN_PERCENT_HP_LOSS","seed_source_timestamp":0,"circlet_count":0,"master_deck":["AscendersBane","Defend_R","Defend_R","Defend_R","Defend_R","Bash+1","Twin Strike","Battle Trance","Rampage+1","Shrug It Off","Feed","Heavy Blade+1","Impervious+1","Armaments+1","Limit Break+1","Pommel Strike","RitualDagger+1","Necronomicurse","Bite","Bite","Bite","Bite","Bite","Clothesline","Heavy Blade+1","Metallicize+1","Dropkick","Shrug It Off","Whirlwind+1","Spot Weakness+1","Exhume","Thunderclap+1","Spot Weakness","Headbutt","Flex+1"],"special_seed":0,"relics":["Burning Blood","GremlinMask","Orichalcum","Shuriken","Bag of Marbles","Vajra","Red Skull","Ectoplasm","Necronomicon","War Paint","Whetstone","Strange Spoon","Omamori","Dodecahedron","Runic Pyramid","StoneCalendar","Bottled Lightning","Bottled Tornado","Kunai","Pen Nib"],"potions_floor_usage":[33,50,50],"damage_taken":[{"damage":0.0,"enemies":"2 Louse","floor":1.0,"turns":2.0},{"damage":1.0,"enemies":"Cultist","floor":3.0,"turns":4.0},{"damage":9.0,"enemies":"Jaw Worm","floor":4.0,"turns":5.0},{"damage":28.0,"enemies":"Lagavulin","floor":7.0,"turns":5.0},{"damage":5.0,"enemies":"Looter","floor":8.0,"turns":3.0},{"damage":12.0,"enemies":"3 Sentries","floor":10.0,"turns":7.0},{"damage":26.0,"enemies":"Lagavulin","floor":12.0,"turns":4.0},{"damage":3.0,"enemies":"2 Fungi Beasts","floor":13.0,"turns":2.0},{"damage":6.0,"enemies":"Exordium Thugs","floor":14.0,"turns":10.0},{"damage":18.0,"enemies":"Slime Boss","floor":16.0,"turns":11.0},{"damage":8.0,"enemies":"Shell Parasite","floor":18.0,"turns":5.0},{"damage":5.0,"enemies":"Spheric Guardian","floor":22.0,"turns":3.0},{"damage":35.0,"enemies":"Slavers","floor":23.0,"turns":7.0},{"damage":8,"enemies":"Centurion and Healer","floor":25,"turns":6},{"damage":9,"enemies":"Gremlin Leader","floor":28,"turns":5},{"damage":6,"enemies":"Snecko","floor":29,"turns":5},{"damage":12,"enemies":"Slavers","floor":31,"turns":3},{"damage":15,"enemies":"Champ","floor":33,"turns":7},{"damage":0,"enemies":"3 Darklings","floor":35,"turns":1},{"damage":25,"enemies":"2 Orb Walkers","floor":36,"turns":4},{"damage":42,"enemies":"3 Shapes","floor":37,"turns":4},{"damage":5,"enemies":"Jaw Worm Horde","floor":38,"turns":3},{"damage":9,"enemies":"Giant Head","floor":41,"turns":6},{"damage":18,"enemies":"Reptomancer","floor":44,"turns":4},{"damage":11,"enemies":"Sphere and 2 Shapes","floor":45,"turns":6},{"damage":20,"enemies":"Nemesis","floor":47,"turns":7},{"damage":10,"enemies":"Writhing Mass","floor":48,"turns":5},{"damage":36,"enemies":"Donu and Deca","floor":50,"turns":6}],"seed_played":"2078406766306486617","potions_obtained":[{"floor":3.0,"key":"LiquidBronze"},{"floor":4.0,"key":"AttackPotion"},{"floor":14.0,"key":"Swift Potion"},{"floor":16.0,"key":"Ancient Potion"},{"floor":23.0,"key":"Strength Potion"},{"floor":28,"key":"Block Potion"},{"floor":33,"key":"SteroidPotion"},{"floor":36,"key":"EssenceOfSteel"},{"floor":38,"key":"Ancient Potion"}],"is_trial":false,"path_per_floor":["M","?","M","M","$","R","E","M","T","E","R","E","M","M","R","B",null,"M","?","?","?","M","E","R","M","T","$","E","M","$","E","R","B",null,"M","?","M","M","?","R","E","$","T","E","M","R","E","M","R","B",null],"character_chosen":"IRONCLAD","items_purchased":["Orichalcum","Shrug It Off","Metallicize","Strange Spoon","Whirlwind","Headbutt"],"campfire_rested":1,"item_purchase_floors":[5,5,27,27,30,42],"current_hp_per_floor":[72,72,72,69,69,69,47,48,48,45,45,28,34,37,37,29,73,74,68,52,52,60,35,54,63,63,63,69,72,72,71,71,74,75,75,61,34,42,77,77,80,80,80,68,76,76,77,83,83,57],"gold":26,"neow_bonus":"TWO_FIFTY_GOLD","is_prod":false,"is_daily":false,"chose_seed":false,"campfire_upgraded":7,"win_rate":0,"timestamp":1553850754,"path_taken":["M","?","M","M","$","R","E","M","T","E","R","E","M","?","R","BOSS","M","?","?","?","?","E","R","M","T","?","E","M","$","E","R","BOSS","M","?","M","M","?","R","E","$","T","E","M","R","E","M","R","BOSS"],"build_version":"2019-01-23","purchased_purges":1,"victory":true,"max_hp_per_floor":[72,72,72,72,72,72,72,72,72,75,75,78,81,84,84,88,88,91,91,91,63,66,66,66,69,69,69,72,72,72,75,75,75,75,75,78,85,88,77,77,80,80,80,80,83,83,86,89,89,89],"card_choices":[{"not_picked":["True Grit","Wild Strike"],"picked":"Twin Strike","floor":1.0},{"not_picked":["Rampage","Warcry"],"picked":"Battle Trance","floor":3.0},{"not_picked":["Rupture","Headbutt"],"picked":"Rampage","floor":4.0},{"not_picked":["Body Slam","Infernal Blade","Perfected Strike"],"picked":"SKIP","floor":7.0},{"not_picked":["Havoc","Blood for Blood"],"picked":"Feed","floor":8.0},{"not_picked":["Hemokinesis","Perfected Strike"],"picked":"Heavy Blade","floor":10.0},{"not_picked":["Combust","Intimidate"],"picked":"Impervious","floor":12.0},{"not_picked":["Blood for Blood","Rage"],"picked":"Armaments","floor":13.0},{"not_picked":["Cleave","Flex","Hemokinesis"],"picked":"SKIP","floor":14.0},{"not_picked":["Berserk","Demon Form"],"picked":"Limit Break","floor":16.0},{"not_picked":["Iron Wave+1","Ghostly Armor"],"picked":"Pommel Strike","floor":18.0},{"not_picked":["Rage","Rupture"],"picked":"Clothesline","floor":22.0},{"not_picked":["Seeing Red","Blood for Blood","Havoc"],"picked":"SKIP","floor":23.0},{"not_picked":["Perfected Strike","Anger"],"picked":"Heavy Blade","floor":25},{"not_picked":["Twin Strike","Cleave"],"picked":"Dropkick","floor":28},{"not_picked":["Clash","Sword Boomerang"],"picked":"Shrug It Off","floor":29},{"not_picked":["Searing Blow","Heavy Blade"],"picked":"Spot Weakness","floor":31},{"not_picked":["Bludgeon","Dark Embrace"],"picked":"Exhume","floor":33},{"not_picked":["Twin Strike","Flex","True Grit"],"picked":"SKIP","floor":35},{"not_picked":["Rampage+1","Evolve+1"],"picked":"Thunderclap+1","floor":37},{"not_picked":["True Grit","Disarm","Combust"],"picked":"SKIP","floor":38},{"not_picked":["Power Through","Thunderclap"],"picked":"Spot Weakness","floor":41},{"not_picked":["Double Tap","Armaments","Searing Blow"],"picked":"SKIP","floor":44},{"not_picked":["Spot Weakness+1","Havoc","Clothesline"],"picked":"SKIP","floor":45},{"not_picked":["Evolve+1","Twin Strike","Warcry"],"picked":"SKIP","floor":47},{"not_picked":["Heavy Blade","Feel No Pain"],"picked":"Flex+1","floor":48}],"player_experience":684515,"relics_obtained":[{"floor":7.0,"key":"Shuriken"},{"floor":9.0,"key":"Bag of Marbles"},{"floor":10.0,"key":"Vajra"},{"floor":12.0,"key":"Red Skull"},{"floor":20.0,"key":"Necronomicon"},{"floor":23.0,"key":"War Paint"},{"floor":26,"key":"Whetstone"},{"floor":28,"key":"Omamori"},{"floor":31,"key":"Dodecahedron"},{"floor":36,"key":"StoneCalendar"},{"floor":41,"key":"Bottled Lightning"},{"floor":43,"key":"Bottled Tornado"},{"floor":44,"key":"Kunai"},{"floor":47,"key":"Pen Nib"}],"event_choices":[{"damage_healed":0.0,"max_hp_gain":0.0,"max_hp_loss":0.0,"gold_gain":0.0,"event_name":"FaceTrader","player_choice":"Trade","floor":2.0,"gold_loss":0.0,"damage_taken":0.0,"relics_obtained":["GremlinMask"]},{"damage_healed":0.0,"max_hp_gain":0.0,"max_hp_loss":0.0,"gold_gain":0.0,"event_name":"Nest","player_choice":"Joined the Cult","floor":19.0,"gold_loss":0.0,"damage_taken":6.0,"cards_obtained":["RitualDagger"]},{"damage_healed":0.0,"max_hp_gain":0.0,"max_hp_loss":0.0,"gold_gain":0.0,"event_name":"Cursed Tome","player_choice":"Obtained Book","floor":20.0,"gold_loss":0.0,"damage_taken":16.0},{"damage_healed":0.0,"max_hp_gain":0.0,"max_hp_loss":28.0,"gold_gain":0.0,"event_name":"Vampires","player_choice":"Became a vampire","floor":21.0,"gold_loss":0.0,"damage_taken":0.0,"cards_obtained":["Bite","Bite","Bite","Bite","Bite"]},{"damage_healed":0,"gold_gain":0,"player_choice":"Fight","damage_taken":0,"max_hp_gain":0,"max_hp_loss":0,"event_name":"Mysterious Sphere","floor":36,"gold_loss":0},{"damage_healed":77,"gold_gain":0,"player_choice":"Heal","damage_taken":0,"max_hp_gain":0,"max_hp_loss":11,"event_name":"The Moai Head","floor":39,"gold_loss":0}],"is_beta":false,"boss_relics":[{"not_picked":["Calling Bell","Runic Dome"],"picked":"Ectoplasm"},{"not_picked":["Busted Crown","Eternal Feather"],"picked":"Runic Pyramid"}],"items_purged_floors":[5],"is_endless":false,"potions_floor_spawned":[3,4,7,14,16,23,28,29,33,36,37,38,45],"ascension_level":13}