{"gold_per_floor":[145,25,25,39,39,39,51,51,51,114,146,166,176,205,205,300,300,315,329,348,348,375,375,410,410,410,509,10,21,32,58,58,157,157,177,187,198,198,215,215,215,215,242,18,18,18,18],"floor_reached":47,"playtime":2154,"items_purged":[],"score":662,"play_id":"d3e15bf0-5a01-4921-ac95-b4c5cb6c4533","local_time":"20181223195935","is_ascension_mode":true,"campfire_choices":[{"data":"Defragment","floor":6,"key":"SMITH"},{"data":"Dualcast","floor":8,"key":"SMITH"},{"data":"Lockon","floor":15,"key":"SMITH"},{"data":"Sunder","floor":23,"key":"SMITH"},{"data":"Zap","floor":25,"key":"SMITH"},{"data":"Loop","floor":32,"key":"SMITH"},{"data":"Chill","floor":40,"key":"SMITH"},{"floor":42,"key":"REST"},{"data":"Coolheaded","floor":46,"key":"SMITH"}],"neow_cost":"NONE","seed_source_timestamp":249711148635911,"circlet_count":0,"master_deck":["Strike_B","Strike_B","Strike_B","Defend_B+1","Defend_B","Defend_B+1","Defend_B","Zap+1","Dualcast+1","Coolheaded+1","Defragment+1","Ball Lightning","BootSequence","Genetic Algorithm","FTL","Lockon+1","Electrodynamics","Ball Lightning","Sunder+1","Ghostly","Ghostly","Ghostly","Ghostly","Ghostly","Loop+1","Ball Lightning+1","Conserve Battery+1","Amplify","Hologram+1","Chill+1","FTL+1","Doom and Gloom+1","Rebound+1","Defragment+1"],"relics":["Cracked Core","Tiny Chest","Boot","Cables","PreservedInsect","Darkstone Periapt","Torii","Anchor","Sozu","War Paint","The Courier","Vajra","Molten Egg 2","DataDisk","Omamori","Potion Belt","Busted Crown","Ornamental Fan","Bag of Marbles","Regal Pillow"],"potions_floor_usage":[13,14,16,19],"damage_taken":[{"damage":1,"enemies":"Cultist","floor":1,"turns":4},{"damage":2,"enemies":"Jaw Worm","floor":4,"turns":2},{"damage":0,"enemies":"2 Louse","floor":7,"turns":2},{"damage":3,"enemies":"Gremlin Nob","floor":10,"turns":3},{"damage":16,"enemies":"3 Sentries","floor":11,"turns":5},{"damage":0,"enemies":"Blue Slaver","floor":12,"turns":2},{"damage":18,"enemies":"Gremlin Gang","floor":13,"turns":5},{"damage":1,"enemies":"Lagavulin","floor":14,"turns":3},{"damage":18,"enemies":"The Guardian","floor":16,"turns":7},{"damage":0,"enemies":"Chosen","floor":18,"turns":3},{"damage":12,"enemies":"Shell Parasite","floor":19,"turns":4},{"damage":18,"enemies":"Centurion and Healer","floor":20,"turns":3},{"damage":3,"enemies":"Book of Stabbing","floor":24,"turns":5},{"damage":0,"enemies":"Snake Plant","floor":29,"turns":4},{"damage":0,"enemies":"3 Cultists","floor":30,"turns":3},{"damage":1,"enemies":"Champ","floor":33,"turns":9},{"damage":0,"enemies":"Orb Walker","floor":35,"turns":3},{"damage":28,"enemies":"3 Darklings","floor":36,"turns":6},{"damage":1,"enemies":"Transient","floor":37,"turns":5},{"damage":0,"enemies":"Jaw Worm Horde","floor":39,"turns":4},{"damage":21,"enemies":"Maw","floor":47,"turns":4}],"seed_played":"6173086351965687546","potions_obtained":[{"floor":1,"key":"Strength Potion"},{"floor":10,"key":"SpeedPotion"},{"floor":11,"key":"Energy Potion"},{"floor":13,"key":"Block Potion"}],"is_trial":false,"path_per_floor":["M","$","T","M","T","R","M","R","T","?","E","M","M","E","R","B",null,"M","M","M","?","T","R","E","R","T","?","$","M","M","T","R","B",null,"M","M","M","?","M","R","T","R","T","$","?","R","M"],"character_chosen":"DEFECT","items_purchased":["Defragment","Ball Lightning","Molten Egg 2","DataDisk","Omamori","Loop","Doom and Gloom+1","Rebound+1","Regal Pillow"],"campfire_rested":1,"item_purchase_floors":[2,2,28,28,28,28,44,44,44],"current_hp_per_floor":[67,67,67,65,65,65,65,65,65,62,46,46,28,27,27,9,59,59,47,29,29,29,29,26,26,26,26,26,26,26,26,26,25,34,34,6,5,5,5,5,5,16,16,16,16,16,0],"gold":18,"neow_bonus":"RANDOM_COMMON_RELIC","is_prod":false,"is_daily":false,"chose_seed":false,"campfire_upgraded":8,"win_rate":0,"timestamp":1545595175,"path_taken":["M","?","?","M","?","R","M","R","T","?","E","M","?","E","R","BOSS","M","?","M","?","?","R","E","R","T","?","?","M","M","?","R","BOSS","M","?","M","?","M","R","?","R","T","$","?","R","?"],"build_version":"2018-12-20","purchased_purges":0,"victory":false,"max_hp_per_floor":[75,75,75,75,75,75,75,75,75,75,75,75,75,75,75,75,75,75,75,75,37,37,37,37,37,37,37,37,37,37,37,37,37,37,37,37,37,37,37,37,37,37,37,37,37,37,37],"card_choices":[{"not_picked":["Storm","Rip and Tear"],"picked":"Coolheaded","floor":1},{"not_picked":["Heatsinks","Barrage","Redo"],"picked":"SKIP","floor":4},{"not_picked":["Steam Power","Go for the Eyes"],"picked":"BootSequence","floor":7},{"not_picked":["Coolheaded","Barrage"],"picked":"Genetic Algorithm","floor":10},{"not_picked":["Reprogram","Genetic Algorithm"],"picked":"FTL","floor":11},{"not_picked":["Sunder","Stack"],"picked":"Lockon","floor":12},{"not_picked":["Compile Driver","Ball Lightning","Steam Power"],"picked":"SKIP","floor":13},{"not_picked":["Go for the Eyes","Beam Cell","Rip and Tear"],"picked":"SKIP","floor":14},{"not_picked":["Buffer","All For One"],"picked":"Electrodynamics","floor":16},{"not_picked":["Recycle+1","Compile Driver+1"],"picked":"Ball Lightning","floor":18},{"not_picked":["Beam Cell+1","Coolheaded","Sweeping Beam"],"picked":"SKIP","floor":19},{"not_picked":["Go for the Eyes+1","Hello World+1"],"picked":"Sunder","floor":20},{"not_picked":["Cold Snap","Barrage","Redo"],"picked":"SKIP","floor":24},{"not_picked":["Stack","Fission"],"picked":"Ball Lightning+1","floor":29},{"not_picked":["Compile Driver+1","Darkness"],"picked":"Conserve Battery+1","floor":30},{"not_picked":["Meteor Strike+1","All For One+1"],"picked":"Amplify","floor":33},{"not_picked":["Compile Driver+1"],"picked":"SKIP","floor":35},{"not_picked":[],"picked":"Hologram+1","floor":36},{"not_picked":[],"picked":"Chill","floor":37},{"not_picked":[],"picked":"FTL+1","floor":39}],"player_experience":383748,"relics_obtained":[{"floor":3,"key":"Boot"},{"floor":5,"key":"Cables"},{"floor":9,"key":"PreservedInsect"},{"floor":11,"key":"Torii"},{"floor":14,"key":"Anchor"},{"floor":22,"key":"War Paint"},{"floor":24,"key":"The Courier"},{"floor":26,"key":"Vajra"},{"floor":31,"key":"Potion Belt"},{"floor":41,"key":"Ornamental Fan"},{"floor":43,"key":"Bag of Marbles"}],"event_choices":[{"damage_healed":0,"gold_gain":0,"player_choice":"Searched \u00273\u0027 times","damage_taken":0,"relics_obtained":["Darkstone Periapt"],"max_hp_gain":0,"max_hp_loss":0,"event_name":"Dead Adventurer","floor":10,"gold_loss":0},{"damage_healed":0,"gold_gain":0,"player_choice":"Became a Ghost","damage_taken":0,"max_hp_gain":0,"max_hp_loss":38,"event_name":"Ghosts","floor":21,"gold_loss":0,"cards_obtained":["Ghostly","Ghostly","Ghostly","Ghostly","Ghostly"]},{"damage_healed":0,"gold_gain":99,"player_choice":"Stole From Cult","damage_taken":0,"max_hp_gain":0,"max_hp_loss":0,"event_name":"Nest","floor":27,"gold_loss":0},{"cards_removed":["Strike_B"],"damage_healed":0,"gold_gain":0,"player_choice":"Removed Attack","damage_taken":0,"max_hp_gain":0,"max_hp_loss":0,"event_name":"Falling","floor":38,"gold_loss":0},{"damage_healed":0,"gold_gain":0,"player_choice":"Copied","damage_taken":0,"max_hp_gain":0,"max_hp_loss":0,"event_name":"Duplicator","floor":45,"gold_loss":0,"cards_obtained":["Defragment"]}],"is_beta":false,"boss_relics":[{"not_picked":["Cursed Key","Runic Pyramid"],"picked":"Sozu"},{"not_picked":["Tiny House","Lizard Tail"],"picked":"Busted Crown"}],"items_purged_floors":[],"is_endless":false,"potions_floor_spawned":[1,10,11,13,20,29,33,36,37],"killed_by":"Maw","ascension_level":7}