{"gold_per_floor":[110,110,122,133,152,152,163,188,188,238,11,11,11,22,22,96,96,116,0,14,33,46,46,80,91,91,111,111],"floor_reached":28,"playtime":1393,"items_purged":["Strike_G"],"score":451,"play_id":"3a65e5f8-adb7-4986-afa8-eede6ce48aa9","local_time":"20190807234048","is_ascension_mode":true,"campfire_choices":[{"data":"Footwork","floor":6,"key":"SMITH"},{"data":"Noxious Fumes","floor":12,"key":"SMITH"},{"data":"Skewer","floor":15,"key":"SMITH"},{"floor":23,"key":"REST"}],"neow_cost":"NONE","seed_source_timestamp":257686607603700,"circlet_count":0,"master_deck":["AscendersBane","Strike_G","Strike_G","Strike_G","Defend_G","Defend_G","Defend_G","Defend_G","Defend_G","Survivor","Neutralize+1","Skewer+1","Flechettes","Footwork+1","Acrobatics","Well Laid Plans","Noxious Fumes+1","Dagger Spray","Dodge and Roll","Sucker Punch","Predator","PiercingWail","Dodge and Roll","Acrobatics","Regret","Footwork"],"relics":["Ring of the Snake","Vajra","Thread and Needle","Cursed Key","Darkstone Periapt","Shuriken"],"potions_floor_usage":[16,16,21,22,28],"damage_taken":[{"damage":0,"enemies":"2 Louse","floor":1,"turns":5},{"damage":0,"enemies":"Cultist","floor":3,"turns":4},{"damage":0,"enemies":"Small Slimes","floor":4,"turns":2},{"damage":6,"enemies":"3 Louse","floor":5,"turns":4},{"damage":2,"enemies":"Blue Slaver","floor":7,"turns":5},{"damage":28,"enemies":"3 Sentries","floor":8,"turns":15},{"damage":0,"enemies":"Looter","floor":14,"turns":4},{"damage":11,"enemies":"Slime Boss","floor":16,"turns":7},{"damage":19,"enemies":"Chosen","floor":18,"turns":6},{"damage":6,"enemies":"Spheric Guardian","floor":20,"turns":6},{"damage":8,"enemies":"3 Cultists","floor":21,"turns":4},{"damage":0,"enemies":"Snecko","floor":22,"turns":7},{"damage":6,"enemies":"Book of Stabbing","floor":24,"turns":7},{"damage":8,"enemies":"Snake Plant","floor":25,"turns":6},{"damage":11,"enemies":"Centurion and Healer","floor":27,"turns":8},{"damage":31,"enemies":"Gremlin Leader","floor":28,"turns":2}],"seed_played":"-8943963774234249596","potions_obtained":[{"floor":1,"key":"Fire Potion"},{"floor":3,"key":"PowerPotion"},{"floor":20,"key":"Explosive Potion"},{"floor":21,"key":"Weak Potion"},{"floor":22,"key":"Dexterity Potion"}],"is_trial":false,"path_per_floor":["M","?","M","M","M","R","M","E","T","?","$","R","?","M","R","B",null,"M","?","M","M","M","R","E","M","T","M","E"],"character_chosen":"THE_SILENT","items_purchased":["Noxious Fumes","Dagger Spray","Dodge and Roll"],"campfire_rested":1,"item_purchase_floors":[11,11,11],"current_hp_per_floor":[59,59,59,59,53,53,51,23,23,23,23,23,45,45,45,34,58,39,39,33,25,25,44,38,30,36,25,0],"gold":111,"neow_bonus":"UPGRADE_CARD","is_prod":false,"is_daily":false,"chose_seed":false,"campfire_upgraded":3,"win_rate":0,"timestamp":1565235648,"path_taken":["M","?","M","?","M","R","M","E","T","?","?","R","?","M","R","BOSS","M","?","M","M","M","R","E","M","T","M","E"],"build_version":"2019-07-17","purchased_purges":1,"victory":false,"max_hp_per_floor":[66,66,66,66,66,66,66,66,66,66,66,66,66,66,66,66,66,66,66,66,66,66,66,66,66,72,72,72],"card_choices":[{"not_picked":["Escape Plan","Prepared"],"picked":"Skewer","floor":1},{"not_picked":["Finisher","Calculated Gamble"],"picked":"Flechettes","floor":3},{"not_picked":["Eviscerate","Deflect"],"picked":"Footwork","floor":4},{"not_picked":["Riddle With Holes","Escape Plan"],"picked":"Acrobatics","floor":5},{"not_picked":["Masterful Stab","Escape Plan","Blade Dance"],"picked":"SKIP","floor":7},{"not_picked":["Poisoned Stab","Dash"],"picked":"Well Laid Plans","floor":8},{"not_picked":["PiercingWail","Choke"],"picked":"Sucker Punch","floor":14},{"not_picked":["Flying Knee","Poisoned Stab","Underhanded Strike+1"],"picked":"SKIP","floor":18},{"not_picked":["Dagger Spray","Quick Slash"],"picked":"Predator","floor":20},{"not_picked":["Finisher","Quick Slash"],"picked":"PiercingWail","floor":21},{"not_picked":["Accuracy","Prepared"],"picked":"Dodge and Roll","floor":22},{"not_picked":["Endless Agony","Dash","Prepared"],"picked":"SKIP","floor":24},{"not_picked":["A Thousand Cuts","Masterful Stab+1"],"picked":"Acrobatics","floor":25},{"not_picked":["Prepared","Bane+1"],"picked":"Footwork","floor":27}],"player_experience":669053,"relics_obtained":[{"floor":8,"key":"Vajra"},{"floor":9,"key":"Thread and Needle"},{"floor":24,"key":"Darkstone Periapt"},{"floor":26,"key":"Shuriken"}],"event_choices":[{"cards_removed":["Strike_G"],"damage_healed":0,"gold_gain":0,"player_choice":"Offered Basic","damage_taken":0,"max_hp_gain":0,"max_hp_loss":0,"event_name":"Bonfire Elementals","floor":2,"gold_loss":0},{"damage_healed":0,"gold_gain":50,"player_choice":"Pray","damage_taken":0,"max_hp_gain":0,"max_hp_loss":0,"event_name":"Golden Shrine","floor":10,"gold_loss":0},{"damage_healed":22,"gold_gain":0,"player_choice":"Banana","damage_taken":0,"max_hp_gain":0,"max_hp_loss":0,"event_name":"Big Fish","floor":13,"gold_loss":0},{"damage_healed":0,"gold_gain":0,"player_choice":"Paid Fearfully","damage_taken":0,"max_hp_gain":0,"max_hp_loss":0,"event_name":"Masked Bandits","floor":19,"gold_loss":116}],"is_beta":false,"boss_relics":[{"not_picked":["Coffee Dripper","Black Star"],"picked":"Cursed Key"}],"items_purged_floors":[11],"is_endless":false,"potions_floor_spawned":[1,3,4,20,21,22],"killed_by":"Gremlin Leader","ascension_level":17}