{"gold_per_floor":[217,230,247,94,94,94,7,20,73,20,70,70,120,132,132,209,209,225,78,53,47,97,97,97],"floor_reached":24,"playtime":988,"items_purged":["Strike_G"],"score":322,"play_id":"57384979-6cb4-4deb-b899-966cdd226c90","local_time":"20190802211832","is_ascension_mode":true,"campfire_choices":[{"data":"Neutralize","floor":6,"key":"SMITH"},{"data":"Caltrops","floor":12,"key":"SMITH"},{"data":"Tools of the Trade","floor":15,"key":"SMITH"},{"data":"Footwork","floor":23,"key":"SMITH"}],"neow_cost":"NONE","seed_source_timestamp":1060538560745599,"circlet_count":0,"master_deck":["AscendersBane","Strike_G","Strike_G","Strike_G","Defend_G","Defend_G","Defend_G","Defend_G","Defend_G","Survivor","Neutralize+1","Tactician","Flying Knee","Acrobatics","Caltrops+1","Tools of the Trade+1","Unload","PiercingWail","Underhanded Strike","A Thousand Cuts","Tactician","Footwork+1","Sucker Punch","Predator","Backflip","Footwork","Leg Sweep"],"relics":["Ring of the Snake","SsserpentHead","Bag of Marbles","Paper Crane","Orrery"],"potions_floor_usage":[8,21,24],"damage_taken":[{"damage":0,"enemies":"Cultist","floor":1,"turns":4},{"damage":2,"enemies":"2 Louse","floor":2,"turns":5},{"damage":3,"enemies":"Jaw Worm","floor":3,"turns":4},{"damage":4,"enemies":"Large Slime","floor":8,"turns":5},{"damage":5,"enemies":"3 Louse","floor":14,"turns":3},{"damage":22,"enemies":"The Guardian","floor":16,"turns":13},{"damage":4,"enemies":"Chosen","floor":18,"turns":6},{"damage":30,"enemies":"2 Thieves","floor":21,"turns":5},{"damage":48,"enemies":"Gremlin Leader","floor":24,"turns":7}],"seed_played":"-4625780127806081421","potions_obtained":[{"floor":1,"key":"GhostInAJar"},{"floor":2,"key":"Explosive Potion"},{"floor":16,"key":"SteroidPotion"},{"floor":18,"key":"SpeedPotion"}],"is_trial":false,"path_per_floor":["M","M","M","$","?","R","$","M","T","$","T","R","?","M","R","B",null,"M","$","?","M","?","R","E"],"character_chosen":"THE_SILENT","items_purchased":["Caltrops","Tools of the Trade","PiercingWail","Footwork","Leg Sweep"],"campfire_rested":0,"item_purchase_floors":[4,7,10,19,19],"current_hp_per_floor":[59,57,54,54,54,54,54,50,50,50,50,50,55,50,50,28,60,56,56,56,26,40,40,0],"gold":97,"neow_bonus":"HUNDRED_GOLD","is_prod":false,"is_daily":false,"chose_seed":false,"campfire_upgraded":4,"win_rate":0,"timestamp":1564795112,"path_taken":["M","M","?","$","?","R","?","M","T","$","?","R","?","M","R","BOSS","M","$","?","M","?","R","E"],"build_version":"2019-07-17","purchased_purges":1,"victory":false,"max_hp_per_floor":[66,66,66,66,66,66,66,66,66,66,66,66,71,71,71,71,71,71,71,71,71,71,71,71],"card_choices":[{"not_picked":["Finisher","Poisoned Stab"],"picked":"Tactician","floor":1},{"not_picked":["Heel Hook","Eviscerate"],"picked":"Flying Knee","floor":2},{"not_picked":["Outmaneuver","Calculated Gamble"],"picked":"Acrobatics","floor":3},{"not_picked":["Heel Hook","Dagger Throw"],"picked":"Unload","floor":8},{"not_picked":["Prepared","Accuracy"],"picked":"Underhanded Strike","floor":14},{"not_picked":["Tools of the Trade","Storm of Steel"],"picked":"A Thousand Cuts","floor":16},{"not_picked":["Deadly Poison","Prepared"],"picked":"Tactician","floor":17},{"not_picked":["Prepared","Infinite Blades"],"picked":"Footwork","floor":17},{"not_picked":["Escape Plan","Blade Dance"],"picked":"Sucker Punch","floor":17},{"not_picked":["Heel Hook","Choke"],"picked":"Predator","floor":17},{"not_picked":["Deadly Poison","Dagger Throw+1"],"picked":"Backflip","floor":18},{"not_picked":["Caltrops","PiercingWail","Flying Knee+1"],"picked":"SKIP","floor":21}],"player_experience":633779,"relics_obtained":[{"floor":9,"key":"Bag of Marbles"},{"floor":11,"key":"Paper Crane"}],"event_choices":[{"damage_healed":0,"gold_gain":0,"player_choice":"Trade","damage_taken":0,"relics_obtained":["SsserpentHead"],"max_hp_gain":0,"max_hp_loss":0,"event_name":"FaceTrader","floor":5,"gold_loss":0},{"damage_healed":0,"gold_gain":0,"player_choice":"Donut","damage_taken":0,"max_hp_gain":5,"max_hp_loss":0,"event_name":"Big Fish","floor":13,"gold_loss":0},{"cards_removed":["Strike_G"],"damage_healed":0,"gold_gain":0,"player_choice":"Gave Gold","damage_taken":0,"max_hp_gain":0,"max_hp_loss":0,"event_name":"Beggar","floor":20,"gold_loss":75},{"damage_healed":14,"gold_gain":0,"player_choice":"Heal","damage_taken":0,"max_hp_gain":0,"max_hp_loss":0,"event_name":"The Library","floor":22,"gold_loss":0}],"is_beta":false,"boss_relics":[{"not_picked":["Coffee Dripper","Snecko Eye"],"picked":"Orrery"}],"items_purged_floors":[4],"is_endless":false,"potions_floor_spawned":[1,2,16,18],"killed_by":"Gremlin Leader","ascension_level":15}