{"path_per_floor":["M","?","?","?","M","R","E","M","T","M","?","R","E","$","R","B",null,"M","M","?","M","?","E","M","R","T","M","$","E","?","M","R","B",null,"M","?","$","M","M","E","R","M","T","?","M","M","M","M","R","B"],"character_chosen":"DEFECT","items_purchased":["Apotheosis","Bag of Marbles","Sunder"],"gold_per_floor":[115,192,192,292,305,305,333,350,350,366,366,366,439,242,242,371,371,387,402,327,351,351,391,415,415,415,433,204,235,150,170,170,301,301,320,320,141,155,168,202,202,215,215,215,231,251,274,288,288,288],"floor_reached":51,"campfire_rested":0,"playtime":3209,"item_purchase_floors":[14,28,37],"current_hp_per_floor":[67,67,72,72,66,66,47,47,47,40,40,40,47,47,47,28,74,67,67,67,67,67,65,49,49,49,59,59,68,68,71,71,77,81,81,81,81,81,81,67,67,77,77,87,87,87,87,87,87,64],"items_purged":["Strike_B","Strike_B"],"gold":288,"score":756,"play_id":"30c10a4b-d665-42ae-856d-af3aea622dbe","local_time":"20180613072736","is_prod":false,"is_daily":false,"chose_seed":false,"is_ascension_mode":false,"campfire_upgraded":7,"win_rate":0,"timestamp":1528871256,"campfire_choices":[{"data":"Sunder","floor":6,"key":"SMITH"},{"data":"Zap","floor":12,"key":"SMITH"},{"data":"Apotheosis","floor":15,"key":"SMITH"},{"data":"Sunder","floor":25,"key":"SMITH"},{"data":"Loop","floor":32,"key":"SMITH"},{"data":"Echo Form","floor":41,"key":"SMITH"},{"data":"Defend_B","floor":49,"key":"SMITH"}],"path_taken":["M","?","?","?","M","R","E","M","T","M","?","R","E","$","R","BOSS","M","M","?","M","?","E","?","R","T","M","$","E","?","M","R","BOSS","M","?","$","M","M","E","R","M","T","?","M","?","?","M","R","BOSS"],"build_version":"2018-06-07v3","seed_source_timestamp":2533256213751232,"purchased_purges":2,"victory":true,"master_deck":["Defend_B+1","Defend_B","Defend_B","Defend_B","Zap+1","Dualcast","Meteor Strike","Sunder+1","Loop+1","Self Repair","Sweeping Beam","Apotheosis+1","Fission","Sunder+1","Defragment+1","Echo Form+1","Doom and Gloom+1","Meteor Strike","Skim+1","Meteor Strike","Sunder","Meteor Strike","Writhe","Creative AI"],"max_hp_per_floor":[75,75,80,80,80,80,80,80,80,80,74,74,74,74,74,74,74,74,74,74,74,74,74,74,74,74,74,74,81,81,81,81,81,81,81,81,81,81,81,81,81,81,81,87,87,87,87,87,87,87],"relics":["Cracked Core","Prayer Wheel","Darkstone Periapt","Golden Idol","Tiny Chest","Snecko Eye","Thread and Needle","Lantern","Bag of Marbles","Strawberry","Orichalcum","Philosopher\u0027s Stone","Blue Candle","Molten Egg 2"],"card_choices":[{"not_picked":["Barrage","Ball Lightning","Go for the Eyes"],"picked":"SKIP","floor":1},{"not_picked":["Steam Power","Self Repair"],"picked":"Sunder","floor":5},{"not_picked":["Consume","Melter"],"picked":"Loop","floor":7},{"not_picked":["Beam Cell","Undo"],"picked":"Self Repair","floor":8},{"not_picked":["Streamline","Beam Cell","Compile Driver"],"picked":"SKIP","floor":8},{"not_picked":["Darkness","Double Energy"],"picked":"Sweeping Beam","floor":10},{"not_picked":["Streamline","Go for the Eyes","Scrape"],"picked":"SKIP","floor":10},{"not_picked":["Coolheaded","Cold Snap","Barrage"],"picked":"SKIP","floor":13},{"not_picked":["Machine Learning","Rainbow"],"picked":"Fission","floor":16},{"not_picked":["Coolheaded","Conserve Battery"],"picked":"Sunder","floor":18},{"not_picked":["Barrage","Force Field"],"picked":"Hologram","floor":18},{"not_picked":["Hologram+1","Rebound","Cold Snap"],"picked":"SKIP","floor":19},{"not_picked":["Gash+1","Ball Lightning","Chaos"],"picked":"SKIP","floor":19},{"not_picked":["Sweeping Beam","Storm"],"picked":"Defragment+1","floor":21},{"not_picked":["Heatsinks","Aggregate","Sweeping Beam"],"picked":"SKIP","floor":21},{"not_picked":["Leap","Stack"],"picked":"Echo Form","floor":23},{"not_picked":["Turbo","Force Field"],"picked":"Doom and Gloom+1","floor":24},{"not_picked":["Sweeping Beam","Stack+1","Barrage"],"picked":"SKIP","floor":24},{"not_picked":["Hologram","Beam Cell+1","Static Discharge"],"picked":"SKIP","floor":27},{"not_picked":["Gash","Cold Snap","Barrage"],"picked":"SKIP","floor":27},{"not_picked":["All For One","Coolheaded"],"picked":"Meteor Strike","floor":29},{"not_picked":["Rebound","Redo"],"picked":"Skim+1","floor":31},{"not_picked":["Hologram","Steam","Conserve Battery"],"picked":"SKIP","floor":31},{"not_picked":["Rainbow","Seek"],"picked":"Meteor Strike","floor":33},{"not_picked":["Coolheaded","Stack+1","Static Discharge"],"picked":"SKIP","floor":35},{"not_picked":["Leap","Cold Snap","Ball Lightning"],"picked":"SKIP","floor":35},{"not_picked":["Go for the Eyes+1","Defragment","Beam Cell+1"],"picked":"SKIP","floor":38},{"not_picked":["Heatsinks+1","Darkness+1","Static Discharge"],"picked":"SKIP","floor":38},{"not_picked":["Leap","Turbo","Machine Learning"],"picked":"SKIP","floor":39},{"not_picked":["Barrage","Sweeping Beam","Conserve Battery"],"picked":"SKIP","floor":39},{"not_picked":["Ball Lightning","Chaos+1"],"picked":"Meteor Strike","floor":40},{"not_picked":["Cold Snap+1","Barrage+1","Sweeping Beam+1"],"picked":"SKIP","floor":42},{"not_picked":["Cold Snap","Go for the Eyes","Turbo"],"picked":"SKIP","floor":42},{"not_picked":["Gash+1","Coolheaded","Tempest+1"],"picked":"SKIP","floor":45},{"not_picked":["Rebound+1","Blizzard+1","Chaos"],"picked":"SKIP","floor":45},{"not_picked":["Defragment+1","Gash+1","Steam"],"picked":"SKIP","floor":46},{"not_picked":["Cold Snap+1","Lockon+1","Consume+1"],"picked":"SKIP","floor":46},{"not_picked":["Lockon+1","Force Field+1"],"picked":"Creative AI","floor":47},{"not_picked":["Doom and Gloom+1","Hologram","Steam Power"],"picked":"SKIP","floor":47},{"not_picked":["Leap+1","Hologram+1","Streamline+1"],"picked":"SKIP","floor":48},{"not_picked":["Stack","Steam Power","Skim+1"],"picked":"SKIP","floor":48}],"player_experience":272540,"potions_floor_usage":[13,13,16,16,23,50,50,50],"damage_taken":[{"damage":8,"enemies":"Small Slimes","floor":1,"turns":3},{"damage":6,"enemies":"Jaw Worm","floor":5,"turns":3},{"damage":19,"enemies":"Gremlin Nob","floor":7,"turns":4},{"damage":0,"enemies":"Cultist","floor":8,"turns":2},{"damage":14,"enemies":"3 Louse","floor":10,"turns":3},{"damage":0,"enemies":"3 Sentries","floor":13,"turns":2},{"damage":29,"enemies":"The Guardian","floor":16,"turns":8},{"damage":17,"enemies":"3 Byrds","floor":18,"turns":4},{"damage":0,"enemies":"Chosen","floor":19,"turns":2},{"damage":0,"enemies":"Slaver and Parasite","floor":21,"turns":3},{"damage":12,"enemies":"Slavers","floor":23,"turns":4},{"damage":16,"enemies":"Snake Plant","floor":24,"turns":2},{"damage":0,"enemies":"Cultist and Chosen","floor":27,"turns":3},{"damage":8,"enemies":"Book of Stabbing","floor":29,"turns":3},{"damage":4,"enemies":"Slaver and Parasite","floor":31,"turns":2},{"damage":4,"enemies":"Collector","floor":33,"turns":5},{"damage":3,"enemies":"3 Darklings","floor":35,"turns":3},{"damage":0,"enemies":"3 Shapes","floor":38,"turns":1},{"damage":0,"enemies":"Sphere and 2 Shapes","floor":39,"turns":2},{"damage":14,"enemies":"2 Orb Walkers","floor":40,"turns":2},{"damage":0,"enemies":"Maw","floor":42,"turns":3},{"damage":1,"enemies":"3 Darklings","floor":45,"turns":2},{"damage":3,"enemies":"Sphere and 2 Shapes","floor":46,"turns":3},{"damage":4,"enemies":"Maw","floor":47,"turns":5},{"damage":0,"enemies":"3 Darklings","floor":48,"turns":2},{"damage":33,"enemies":"Time Eater","floor":50,"turns":4}],"relics_obtained":[{"floor":7,"key":"Prayer Wheel"},{"floor":9,"key":"Darkstone Periapt"},{"floor":13,"key":"Tiny Chest"},{"floor":23,"key":"Thread and Needle"},{"floor":26,"key":"Lantern"},{"floor":29,"key":"Strawberry"},{"floor":40,"key":"Blue Candle"},{"floor":43,"key":"Molten Egg 2"}],"event_choices":[{"event_name":"Golden Wing","player_choice":"Gained Gold","floor":2,"damage_taken":0},{"event_name":"Big Fish","player_choice":"Donut","floor":3,"damage_taken":0},{"event_name":"Golden Shrine","player_choice":"Pray","floor":4,"damage_taken":0},{"event_name":"Golden Idol","player_choice":"Lose Max HP","floor":11,"damage_taken":0},{"event_name":"Beggar","player_choice":"Gave Gold","floor":20,"damage_taken":0},{"event_name":"Purifier","player_choice":"One Purge","floor":22,"damage_taken":0},{"event_name":"Addict","player_choice":"Obtained Relic","floor":30,"damage_taken":0},{"event_name":"Falling","player_choice":"Removed Skill","floor":36,"damage_taken":0},{"event_name":"Winding Halls","player_choice":"Writhe","floor":44,"damage_taken":0}],"boss_relics":[{"not_picked":["Ectoplasm","Cursed Key"],"picked":"Snecko Eye"},{"not_picked":["Calling Bell","Pandora\u0027s Box"],"picked":"Philosopher\u0027s Stone"}],"items_purged_floors":[28,37],"potions_floor_spawned":[1,7,8,13,16,21,23,27,31,35,42,47,48],"seed_played":"3402686896672583894","ascension_level":0,"potions_obtained":[{"floor":1,"key":"Explosive Potion"},{"floor":7,"key":"SneckoOil"},{"floor":8,"key":"SneckoOil"},{"floor":13,"key":"Weak Potion"},{"floor":16,"key":"AttackPotion"},{"floor":21,"key":"SpeedPotion"},{"floor":23,"key":"Dexterity Potion"},{"floor":27,"key":"FearPotion"}],"is_trial":false}