{"gold_per_floor":[111,111,22,32,42,72,37,37,37,37,70,41,73,8,8,85,85,100,25,39,49,49,49],"floor_reached":23,"playtime":1825,"items_purged":["Strike_B"],"score":414,"play_id":"c85ded69-5798-42c4-8cce-23fbf3d8c52b","local_time":"20190428092323","is_ascension_mode":true,"campfire_choices":[{"data":"Zap","floor":8,"key":"SMITH"},{"data":"Fission","floor":10,"key":"SMITH"},{"data":"Redo","floor":15,"key":"SMITH"}],"neow_cost":"NONE","seed_source_timestamp":477875491054751,"circlet_count":0,"master_deck":["AscendersBane","Strike_B","Strike_B","Strike_B","Defend_B","Defend_B","Defend_B","Defend_B","Zap+1","Dualcast","Sweeping Beam","Doom and Gloom","Coolheaded","Compile Driver","Fission+1","Conserve Battery","Redo+1","Self Repair","Echo Form","Undo"],"relics":["Cracked Core","NeowsBlessing","Ice Cream","Gambling Chip","Bottled Flame","Blue Candle","Juzu Bracelet","Snecko Eye"],"potions_floor_usage":[6,21,21],"damage_taken":[{"damage":0,"enemies":"Small Slimes","floor":1,"turns":1},{"damage":0,"enemies":"Cultist","floor":4,"turns":1},{"damage":0,"enemies":"2 Louse","floor":5,"turns":1},{"damage":21,"enemies":"3 Sentries","floor":6,"turns":6},{"damage":13,"enemies":"Lagavulin","floor":11,"turns":5},{"damage":9,"enemies":"Gremlin Nob","floor":13,"turns":3},{"damage":24,"enemies":"The Guardian","floor":16,"turns":11},{"damage":16,"enemies":"Shell Parasite","floor":18,"turns":3},{"damage":0,"enemies":"Chosen","floor":20,"turns":4},{"damage":25,"enemies":"Snake Plant","floor":21,"turns":6},{"damage":43,"enemies":"Book of Stabbing","floor":23,"turns":5}],"seed_played":"3926682413663673723","potions_obtained":[{"floor":4,"key":"Explosive Potion"},{"floor":16,"key":"SpeedPotion"},{"floor":18,"key":"Weak Potion"}],"is_trial":false,"path_per_floor":["M","?","$","M","M","E","?","R","T","R","E","$","E","?","R","B",null,"M","$","M","M","$","E"],"character_chosen":"DEFECT","items_purchased":["Doom and Gloom","Redo"],"campfire_rested":0,"item_purchase_floors":[3,12],"current_hp_per_floor":[64,64,64,64,64,43,60,60,60,60,47,47,38,38,38,21,59,50,50,64,39,39,0],"gold":49,"neow_bonus":"THREE_ENEMY_KILL","is_prod":false,"is_daily":false,"chose_seed":false,"campfire_upgraded":3,"win_rate":0,"timestamp":1556439803,"path_taken":["M","?","$","M","?","E","?","R","T","R","E","$","E","?","R","BOSS","M","$","M","M","?","E"],"build_version":"2019-01-23","purchased_purges":1,"victory":false,"max_hp_per_floor":[71,71,71,71,71,71,71,71,71,71,71,71,71,71,71,71,71,71,71,71,71,71,71],"card_choices":[{"not_picked":["Streamline","Barrage"],"picked":"Sweeping Beam","floor":1},{"not_picked":["Turbo","Hologram"],"picked":"Coolheaded","floor":4},{"not_picked":["Hologram","Go for the Eyes"],"picked":"Compile Driver","floor":5},{"not_picked":["Thunder Strike","Beam Cell"],"picked":"Fission","floor":6},{"not_picked":["White Noise","Fusion"],"picked":"Conserve Battery","floor":11},{"not_picked":["Streamline","Heatsinks"],"picked":"Self Repair","floor":13},{"not_picked":["Biased Cognition","Hyperbeam"],"picked":"Echo Form","floor":16},{"not_picked":["Leap+1","Barrage+1"],"picked":"Undo","floor":18},{"not_picked":["Barrage","Cold Snap+1","Steam"],"picked":"SKIP","floor":20},{"not_picked":["Go for the Eyes","Steam","Streamline"],"picked":"SKIP","floor":21}],"player_experience":890219,"relics_obtained":[{"floor":6,"key":"Ice Cream"},{"floor":9,"key":"Gambling Chip"},{"floor":11,"key":"Bottled Flame"},{"floor":13,"key":"Blue Candle"}],"event_choices":[{"damage_healed":0,"gold_gain":0,"player_choice":"0 cards matched","damage_taken":0,"max_hp_gain":0,"max_hp_loss":0,"event_name":"Match and Keep!","floor":2,"gold_loss":0,"cards_obtained":[]},{"damage_healed":17,"gold_gain":0,"player_choice":"Healed","damage_taken":0,"max_hp_gain":0,"max_hp_loss":0,"event_name":"The Cleric","floor":7,"gold_loss":35},{"damage_healed":0,"gold_gain":0,"player_choice":"Paid Gold","damage_taken":0,"relics_obtained":["Juzu Bracelet"],"max_hp_gain":0,"max_hp_loss":0,"event_name":"WeMeetAgain","floor":14,"gold_loss":65}],"is_beta":false,"boss_relics":[{"not_picked":["Eternal Feather","Cursed Key"],"picked":"Snecko Eye"}],"items_purged_floors":[19],"is_endless":false,"potions_floor_spawned":[4,16,18],"killed_by":"Book of Stabbing","ascension_level":20}