{"gold_per_floor":[112,123,41,59,78,105,105,131,155,155,155,170,201,219,219,219],"floor_reached":16,"playtime":605,"items_purged":[],"score":243,"play_id":"b4b24d5f-5d74-4909-a89e-6ded73bbb493","local_time":"20190729221310","is_ascension_mode":true,"campfire_choices":[{"data":"Neutralize","floor":7,"key":"SMITH"},{"data":"Sucker Punch","floor":10,"key":"SMITH"},{"data":"Footwork","floor":15,"key":"SMITH"}],"neow_cost":"NONE","seed_source_timestamp":718583812729700,"circlet_count":0,"master_deck":["AscendersBane","Strike_G","Strike_G","Strike_G","Strike_G","Strike_G","Defend_G","Defend_G","Defend_G+1","Defend_G+1","Defend_G","Survivor","Neutralize+1","Flying Knee","Backflip","Backstab","PiercingWail","Dagger Spray","Sucker Punch+1","Parasite","Blur","Footwork+1","Deflect"],"relics":["Ring of the Snake","PreservedInsect","Gremlin Horn","Orichalcum","Pen Nib","War Paint"],"potions_floor_usage":[6,8,16],"damage_taken":[{"damage":0,"enemies":"Small Slimes","floor":1,"turns":3},{"damage":1,"enemies":"Jaw Worm","floor":2,"turns":4},{"damage":0,"enemies":"Cultist","floor":4,"turns":3},{"damage":15,"enemies":"Large Slime","floor":5,"turns":11},{"damage":16,"enemies":"Lagavulin","floor":6,"turns":4},{"damage":0,"enemies":"3 Sentries","floor":8,"turns":2},{"damage":1,"enemies":"Exordium Wildlife","floor":12,"turns":5},{"damage":16,"enemies":"Lagavulin","floor":13,"turns":5},{"damage":0,"enemies":"Exordium Thugs","floor":14,"turns":4},{"damage":41,"enemies":"Slime Boss","floor":16,"turns":5}],"seed_played":"8631960979156501488","potions_obtained":[{"floor":2,"key":"FearPotion"},{"floor":6,"key":"Explosive Potion"},{"floor":14,"key":"PowerPotion"}],"is_trial":false,"path_per_floor":["M","M","$","M","M","E","R","E","T","R","?","M","E","M","R","B"],"character_chosen":"THE_SILENT","items_purchased":["Backstab"],"campfire_rested":0,"item_purchase_floors":[3],"current_hp_per_floor":[63,62,62,62,47,31,31,31,31,31,48,47,31,31,31,0],"gold":219,"neow_bonus":"RANDOM_COMMON_RELIC","is_prod":false,"is_daily":false,"chose_seed":false,"campfire_upgraded":3,"win_rate":0,"timestamp":1564452790,"path_taken":["M","M","$","M","M","E","R","E","T","R","?","M","E","M","R","BOSS"],"build_version":"2019-07-17","purchased_purges":0,"victory":false,"max_hp_per_floor":[70,70,70,70,70,70,70,70,70,70,70,70,70,70,70,70],"card_choices":[{"not_picked":["Bane","Prepared"],"picked":"Flying Knee","floor":1},{"not_picked":["Sucker Punch","Distraction"],"picked":"Backflip","floor":2},{"not_picked":["Outmaneuver","Cloak And Dagger"],"picked":"PiercingWail","floor":4},{"not_picked":["Infinite Blades","Reflex"],"picked":"Dagger Spray","floor":5},{"not_picked":["Dagger Spray","Calculated Gamble"],"picked":"Sucker Punch","floor":6},{"not_picked":["Sucker Punch","Blade Dance","Flechettes"],"picked":"SKIP","floor":8},{"not_picked":["Flying Knee","Outmaneuver"],"picked":"Blur","floor":12},{"not_picked":["Dagger Throw","Wraith Form v2"],"picked":"Footwork","floor":13},{"not_picked":["Underhanded Strike","Sucker Punch"],"picked":"Deflect","floor":14}],"player_experience":590083,"relics_obtained":[{"floor":6,"key":"Gremlin Horn"},{"floor":8,"key":"Orichalcum"},{"floor":9,"key":"Pen Nib"},{"floor":13,"key":"War Paint"}],"event_choices":[{"damage_healed":17,"gold_gain":0,"player_choice":"Healed and dodged fight","damage_taken":0,"max_hp_gain":0,"max_hp_loss":0,"event_name":"Mushrooms","floor":11,"gold_loss":0,"cards_obtained":["Parasite"]}],"is_beta":false,"boss_relics":[],"items_purged_floors":[],"is_endless":false,"potions_floor_spawned":[2,6,14],"killed_by":"Slime Boss","ascension_level":13}