{"gold_per_floor":[117,192,192,207,219,219,250,250,280,312,312,331,358,107,107,107],"floor_reached":16,"playtime":533,"items_purged":["Strike_R"],"score":113,"play_id":"8e932c9e-60e1-45c7-91bb-b53a7e61964d","local_time":"20190809215438","is_ascension_mode":true,"campfire_choices":[{"data":"Pommel Strike","floor":6,"key":"SMITH"},{"floor":11,"key":"REST"},{"data":"Rampage","floor":15,"key":"SMITH"}],"neow_cost":"NONE","seed_source_timestamp":484973899574156,"circlet_count":0,"master_deck":["Strike_R","Strike_R","Strike_R","Strike_R","Defend_R","Defend_R","Defend_R","Defend_R","Bash","Pommel Strike+1","Rampage+1","Feel No Pain","Corruption","Thunderclap","Cleave","Master of Strategy+1"],"relics":["Burning Blood","NeowsBlessing","Matryoshka","Toxic Egg 2","Bag of Preparation","Unceasing Top","Oddly Smooth Stone","Tiny Chest","Regal Pillow","Omamori"],"potions_floor_usage":[16],"damage_taken":[{"damage":0,"enemies":"Cultist","floor":1,"turns":1},{"damage":0,"enemies":"Jaw Worm","floor":4,"turns":1},{"damage":0,"enemies":"2 Louse","floor":5,"turns":1},{"damage":33,"enemies":"Gremlin Nob","floor":7,"turns":5},{"damage":30,"enemies":"Lagavulin","floor":10,"turns":7},{"damage":7,"enemies":"Blue Slaver","floor":12,"turns":5},{"damage":73,"enemies":"Hexaghost","floor":16,"turns":11}],"seed_played":"-6578058321444403921","potions_obtained":[{"floor":4,"key":"GamblersBrew"},{"floor":12,"key":"Poison Potion"}],"is_trial":false,"path_per_floor":["M","?","T","M","M","R","E","T","T","E","R","M","T","$","R","B"],"character_chosen":"IRONCLAD","items_purchased":["Master of Strategy+1"],"campfire_rested":1,"item_purchase_floors":[14],"current_hp_per_floor":[80,69,69,75,80,80,53,53,53,29,68,67,67,67,67,0],"gold":107,"neow_bonus":"THREE_ENEMY_KILL","is_prod":false,"is_daily":false,"chose_seed":false,"campfire_upgraded":2,"win_rate":0,"timestamp":1565380478,"path_taken":["M","?","?","M","?","R","E","?","T","E","R","M","?","?","R","BOSS"],"build_version":"2019-07-17","purchased_purges":1,"victory":false,"max_hp_per_floor":[80,80,80,80,80,80,80,80,80,80,80,80,80,80,80,80],"card_choices":[{"not_picked":["Armaments","Clash"],"picked":"Pommel Strike","floor":1},{"not_picked":["Sword Boomerang","Anger"],"picked":"Rampage","floor":4},{"not_picked":["Dual Wield","Twin Strike"],"picked":"Feel No Pain","floor":5},{"not_picked":["Sword Boomerang","True Grit"],"picked":"Corruption","floor":7},{"not_picked":["Perfected Strike","True Grit+1"],"picked":"Thunderclap","floor":10},{"not_picked":["True Grit+1","Clothesline"],"picked":"Cleave","floor":12}],"player_experience":55198,"relics_obtained":[{"floor":3,"key":"Matryoshka"},{"floor":7,"key":"Toxic Egg 2"},{"floor":8,"key":"Bag of Preparation"},{"floor":8,"key":"Unceasing Top"},{"floor":9,"key":"Oddly Smooth Stone"},{"floor":9,"key":"Tiny Chest"},{"floor":10,"key":"Regal Pillow"},{"floor":13,"key":"Omamori"}],"event_choices":[{"damage_healed":0,"gold_gain":75,"player_choice":"Gather Gold","damage_taken":11,"max_hp_gain":0,"max_hp_loss":0,"event_name":"World of Goop","floor":2,"gold_loss":0}],"is_beta":false,"boss_relics":[],"items_purged_floors":[14],"is_endless":false,"potions_floor_spawned":[4,12],"killed_by":"Hexaghost","ascension_level":1}