{"gold_per_floor":[113,133,133,133,14,14,31,59,138,54,66,91,91,124,136,227,239,229,156,168,195,223,235,277,289,327,371,383,210,210,28,28,104,104,121,121,132,232,249,249,249,278,278,278,291,96,96,127,127,127],"floor_reached":51,"playtime":2967,"items_purged":["Strike_G","Strike_G","Shame"],"score":1425,"play_id":"a77e556f-4dff-4684-9842-fccfe585abb3","local_time":"20190808101708","is_ascension_mode":true,"campfire_choices":[{"data":"Neutralize","floor":6,"key":"SMITH"},{"floor":13,"key":"REST"},{"data":"Footwork","floor":15,"key":"SMITH"},{"data":"Caltrops","floor":23,"key":"SMITH"},{"data":"Burst","floor":25,"key":"SMITH"},{"data":"Adrenaline","floor":28,"key":"SMITH"},{"data":"Footwork","floor":30,"key":"SMITH"},{"data":"Flechettes","floor":32,"key":"SMITH"},{"data":"Noxious Fumes","floor":40,"key":"SMITH"},{"data":"Doubt","floor":44,"key":"PURGE"},{"data":"Malaise","floor":47,"key":"SMITH"},{"floor":49,"key":"REST"}],"neow_cost":"PERCENT_DAMAGE","seed_source_timestamp":294283639495700,"circlet_count":0,"master_deck":["AscendersBane","Strike_G+1","Strike_G","Defend_G","Defend_G","Defend_G","Defend_G","Defend_G","Survivor","Neutralize+1","Predator+1","Caltrops+1","Backstab","Skewer","Backstab","Footwork+1","Backflip","Burst+1","Adrenaline+1","After Image","Flechettes+1","Footwork+1","Dodge and Roll","Malaise+1","Backflip","Panache","Blind","Chrysalis","Expertise","Noxious Fumes+1","Terror","Panache","Choke+1","Footwork+1"],"relics":["Ring of the Snake","Ice Cream","Bag of Marbles","Boot","Question Card","Meat on the Bone","MawBank","Cursed Key","Pear","Whetstone","Anchor","Dream Catcher","Philosopher\u0027s Stone","Peace Pipe","Orichalcum","Sundial","StoneCalendar"],"potions_floor_usage":[18,24,27,42,42,48,50],"damage_taken":[{"damage":0,"enemies":"2 Louse","floor":1,"turns":4},{"damage":0,"enemies":"Small Slimes","floor":2,"turns":5},{"damage":0,"enemies":"Jaw Worm","floor":7,"turns":3},{"damage":14,"enemies":"Gremlin Nob","floor":8,"turns":4},{"damage":0,"enemies":"Large Slime","floor":11,"turns":5},{"damage":10,"enemies":"Lagavulin","floor":12,"turns":7},{"damage":16,"enemies":"Gremlin Nob","floor":14,"turns":3},{"damage":0,"enemies":"The Guardian","floor":16,"turns":13},{"damage":0,"enemies":"2 Thieves","floor":18,"turns":4},{"damage":0,"enemies":"Chosen","floor":21,"turns":3},{"damage":7,"enemies":"Snake Plant","floor":22,"turns":4},{"damage":7,"enemies":"Gremlin Leader","floor":24,"turns":8},{"damage":16,"enemies":"Slavers","floor":27,"turns":7},{"damage":26,"enemies":"Automaton","floor":33,"turns":15},{"damage":24,"enemies":"3 Darklings","floor":35,"turns":6},{"damage":0,"enemies":"3 Shapes","floor":37,"turns":6},{"damage":0,"enemies":"Mind Bloom Boss Battle","floor":38,"turns":6},{"damage":0,"enemies":"Transient","floor":39,"turns":6},{"damage":13,"enemies":"Reptomancer","floor":42,"turns":6},{"damage":0,"enemies":"Maw","floor":45,"turns":8},{"damage":5,"enemies":"Giant Head","floor":48,"turns":8},{"damage":48,"enemies":"Awakened One","floor":50,"turns":17}],"seed_played":"-8966361860494274103","potions_obtained":[{"floor":1,"key":"GamblersBrew"},{"floor":7,"key":"SkillPotion"},{"floor":16,"key":"Block Potion"},{"floor":24,"key":"Swift Potion"},{"floor":27,"key":"FearPotion"},{"floor":37,"key":"Weak Potion"},{"floor":41,"key":"Block Potion"},{"floor":45,"key":"Swift Potion"},{"floor":48,"key":"SpeedPotion"}],"is_trial":false,"path_per_floor":["M","M","?","?","$","R","M","E","T","$","M","E","R","E","R","B",null,"M","?","?","M","M","R","E","R","T","E","R","$","R","$","R","B",null,"M","?","M","?","M","R","?","E","T","R","M","$","R","E","R","B",null],"character_chosen":"THE_SILENT","items_purchased":["Backstab","Footwork","Footwork","Dodge and Roll","Panache"],"campfire_rested":2,"item_purchase_floors":[5,10,29,31,46],"current_hp_per_floor":[44,44,39,39,39,39,39,25,25,25,25,15,34,30,30,42,60,60,70,70,70,63,63,56,56,56,40,40,40,40,40,40,26,64,40,30,42,42,42,42,42,41,41,41,41,41,41,48,70,34],"gold":127,"neow_bonus":"ONE_RARE_RELIC","is_prod":false,"is_daily":false,"chose_seed":false,"campfire_upgraded":9,"win_rate":0,"timestamp":1565273828,"path_taken":["M","M","?","?","$","R","M","E","T","$","M","E","R","E","R","BOSS","M","?","?","M","M","R","E","R","T","E","R","$","R","$","R","BOSS","M","?","M","?","M","R","?","E","T","R","M","$","R","E","R","BOSS"],"build_version":"2019-07-17","purchased_purges":3,"victory":true,"max_hp_per_floor":[66,66,66,66,66,66,66,66,66,66,66,66,66,66,66,66,66,66,76,76,76,76,76,76,76,76,76,76,76,76,76,76,76,76,76,76,76,76,76,76,76,76,76,76,76,76,76,76,76,76],"card_choices":[{"not_picked":["Deadly Poison","Blade Dance"],"picked":"Predator","floor":1},{"not_picked":["Sucker Punch","Cloak And Dagger"],"picked":"Caltrops","floor":2},{"not_picked":["Poisoned Stab","Acrobatics"],"picked":"Skewer","floor":7},{"not_picked":["Backflip","Dodge and Roll"],"picked":"Backstab","floor":8},{"not_picked":["PiercingWail","Bane","Underhanded Strike"],"picked":"Backflip","floor":11},{"not_picked":["Flying Knee","Flechettes","Cloak And Dagger"],"picked":"Burst","floor":12},{"not_picked":["Leg Sweep","Escape Plan","Poisoned Stab"],"picked":"Adrenaline","floor":14},{"not_picked":["Adrenaline","Envenom","Burst"],"picked":"After Image","floor":16},{"not_picked":["Prepared","Deadly Poison","Outmaneuver","Crippling Poison"],"picked":"SKIP","floor":18},{"not_picked":["Underhanded Strike","Deadly Poison","Quick Slash","Blade Dance"],"picked":"SKIP","floor":21},{"not_picked":["Backflip","Blade Dance+1","Riddle With Holes","Setup"],"picked":"SKIP","floor":22},{"not_picked":["All Out Attack","Predator","Accuracy"],"picked":"Flechettes","floor":24},{"not_picked":["All Out Attack+1","Bane","Glass Knife","Underhanded Strike"],"picked":"SKIP","floor":27},{"not_picked":["Adrenaline","Night Terror","Venomology"],"picked":"Malaise","floor":33},{"not_picked":["Bane+1","Reflex","Flying Knee"],"picked":"Backflip","floor":35},{"not_picked":["Enlightenment","Master of Strategy","Madness"],"picked":"Panache","floor":36},{"not_picked":["Mayhem","PanicButton","Good Instincts"],"picked":"Blind","floor":36},{"not_picked":["Madness","The Bomb","Swift Strike"],"picked":"Chrysalis","floor":36},{"not_picked":["Poisoned Stab+1","Bane","Caltrops"],"picked":"Expertise","floor":37},{"not_picked":["Prepared+1","Bane+1","Deadly Poison+1"],"picked":"Noxious Fumes","floor":39},{"not_picked":["Crippling Poison+1","Storm of Steel","Dodge and Roll","Concentrate"],"picked":"SKIP","floor":42},{"not_picked":["Caltrops","Backflip+1","Prepared"],"picked":"Terror","floor":45},{"not_picked":["Expertise","Dagger Spray","Storm of Steel"],"picked":"Choke+1","floor":48},{"not_picked":["Dodge and Roll+1","Poisoned Stab","PiercingWail+1"],"picked":"Footwork+1","floor":49}],"player_experience":670446,"relics_obtained":[{"floor":8,"key":"Boot"},{"floor":9,"key":"Question Card"},{"floor":12,"key":"Meat on the Bone"},{"floor":14,"key":"MawBank"},{"floor":24,"key":"Whetstone"},{"floor":26,"key":"Anchor"},{"floor":27,"key":"Dream Catcher"},{"floor":38,"key":"Peace Pipe"},{"floor":42,"key":"Orichalcum"},{"floor":43,"key":"Sundial"},{"floor":48,"key":"StoneCalendar"}],"event_choices":[{"damage_healed":0,"gold_gain":0,"player_choice":"Success","damage_taken":5,"relics_obtained":["Bag of Marbles"],"max_hp_gain":0,"max_hp_loss":0,"event_name":"Scrap Ooze","floor":3,"gold_loss":0},{"cards_removed":["Strike_G"],"damage_healed":0,"gold_gain":0,"player_choice":"Forget","damage_taken":0,"max_hp_gain":0,"max_hp_loss":0,"event_name":"Living Wall","floor":4,"gold_loss":0},{"damage_healed":0,"gold_gain":0,"player_choice":"Obtained Relic","damage_taken":0,"relics_obtained":["Pear"],"max_hp_gain":0,"max_hp_loss":0,"event_name":"Addict","floor":19,"gold_loss":85},{"damage_healed":0,"gold_gain":0,"player_choice":"Ignored","damage_taken":0,"max_hp_gain":0,"max_hp_loss":0,"event_name":"Cursed Tome","floor":20,"gold_loss":0},{"damage_healed":0,"gold_gain":0,"player_choice":"Memory 3","damage_taken":10,"max_hp_gain":0,"max_hp_loss":0,"event_name":"SensoryStone","floor":36,"gold_loss":0},{"damage_healed":0,"gold_gain":0,"player_choice":"Fight","damage_taken":0,"max_hp_gain":0,"max_hp_loss":0,"event_name":"MindBloom","floor":38,"gold_loss":0},{"damage_healed":0,"gold_gain":0,"player_choice":"Got Potions","damage_taken":0,"max_hp_gain":0,"max_hp_loss":0,"event_name":"Lab","floor":41,"gold_loss":0}],"is_beta":false,"boss_relics":[{"not_picked":["Busted Crown","Empty Cage"],"picked":"Cursed Key"},{"not_picked":["Fusion Hammer","Snecko Eye"],"picked":"Philosopher\u0027s Stone"}],"items_purged_floors":[5,29,31],"is_endless":false,"potions_floor_spawned":[1,7,16,24,27,37,45,48],"ascension_level":17}