{"path_per_floor":["M","M","$","?","M","E","R","M","T","R","M","R","M","M","R","B",null,"M","?","M","M","$","R","?","M","T","?","R","E","M","M","R","B",null,"M","M"],"character_chosen":"IRONCLAD","items_purchased":["Havoc","Finesse"],"gold_per_floor":[114,129,82,82,97,127,127,142,142,142,157,157,172,187,187,287,287,302,227,242,257,150,150,150,165,190,190,190,220,235,250,250,350,350,365,380,380],"floor_reached":37,"campfire_rested":0,"playtime":2493,"current_hp_per_floor":[78,77,76,75,74,73,72,71,70,69,68,67,66,65,64,25,62,61,60,59,35,35,35,35,33,33,33,33,31,33,32,31,26,29,13,27,0],"items_purged":[],"gold":380,"score":595,"play_id":"49981710-85e5-40b8-96cf-03d4ef5208fc","local_time":"20180524205921","daily_mods":["Allstar","Terminal","Hoarder"],"is_prod":false,"is_daily":true,"chose_seed":false,"is_ascension_mode":false,"campfire_upgraded":7,"timestamp":1527191961,"campfire_choices":[{"data":"Whirlwind","floor":7,"key":"SMITH"},{"data":"Whirlwind","floor":10,"key":"SMITH"},{"data":"Whirlwind","floor":12,"key":"SMITH"},{"data":"Bash","floor":15,"key":"SMITH"},{"data":"Double Tap","floor":23,"key":"SMITH"},{"data":"Double Tap","floor":28,"key":"SMITH"},{"data":"Double Tap","floor":32,"key":"SMITH"}],"path_taken":["M","?","$","?","M","E","R","M","T","R","M","R","?","M","R","BOSS","M","?","M","M","$","R","?","?","T","?","R","E","M","M","R","BOSS","M","M","M"],"build_version":"2018-05-17","seed_source_timestamp":0,"purchased_purges":0,"victory":false,"master_deck":["Defend_R","Defend_R","Defend_R","Bash+1","Sadistic Nature","Sadistic Nature","Sadistic Nature","Thinking Ahead","Thinking Ahead","Thinking Ahead","Panache","Panache","Panache","Thinking Ahead","Thinking Ahead","Thinking Ahead","Sadistic Nature","Sadistic Nature","Sadistic Nature","Clash","Clash","Clash","Havoc","Havoc","Havoc","Whirlwind+1","Whirlwind+1","Whirlwind+1","Clash","Clash","Clash","Double Tap+1","Double Tap+1","Double Tap+1","Warcry+1","Warcry+1","Warcry+1","Finesse","Finesse","Finesse","Clash","Clash","Clash","Bite","Bite","Bite","Bite","Bite","Bite","Bite","Bite","Bite","Bite","Bite","Bite","Bite","Bite","Bite","Seeing Red+1","Seeing Red+1","Seeing Red+1","Dark Embrace","Dark Embrace","Dark Embrace","Havoc+1","Havoc+1","Havoc+1","Shrug It Off+1","Shrug It Off+1","Shrug It Off+1"],"max_hp_per_floor":[78,77,76,75,74,73,72,71,70,69,68,67,66,65,64,63,62,61,60,59,58,57,56,55,54,53,36,35,34,33,32,31,30,29,28,27,27],"relics":["Burning Blood","Gambling Chip","Vajra","Black Star","Bronze Scales","Mercury Hourglass","Matryoshka","Sozu"],"card_choices":[{"not_picked":["Wild Strike","Metallicize"],"picked":"Clash","floor":1},{"not_picked":["Anger","Twin Strike","Shrug It Off"],"picked":"SKIP","floor":2},{"not_picked":["Rupture","Wild Strike"],"picked":"Whirlwind","floor":5},{"not_picked":["Twin Strike","Shrug It Off"],"picked":"Clash","floor":6},{"not_picked":["Clothesline","Warcry","Entrench"],"picked":"SKIP","floor":8},{"not_picked":["Berserk","Armaments","Clothesline"],"picked":"SKIP","floor":11},{"not_picked":["Twin Strike","Perfected Strike","Heavy Blade"],"picked":"SKIP","floor":13},{"not_picked":["Sentinel","Shockwave","Barricade"],"picked":"SKIP","floor":14},{"not_picked":["Brutality","Berserk"],"picked":"Double Tap","floor":16},{"not_picked":["Heavy Blade","Armaments+1"],"picked":"Warcry+1","floor":18},{"not_picked":["Anger+1","Iron Wave","Clothesline+1"],"picked":"SKIP","floor":20},{"not_picked":["Perfected Strike","Cleave","Fire Breathing"],"picked":"SKIP","floor":21},{"not_picked":["Rage","Inflame","Combust"],"picked":"SKIP","floor":25},{"not_picked":["Wild Strike+1","Rage","Perfected Strike"],"picked":"SKIP","floor":29},{"not_picked":["Spot Weakness","Clothesline+1"],"picked":"Seeing Red+1","floor":30},{"not_picked":["Cleave","Wild Strike","Shrug It Off"],"picked":"SKIP","floor":31},{"not_picked":["Immolate","Feed"],"picked":"Dark Embrace","floor":33},{"not_picked":["Flex","Clothesline"],"picked":"Havoc+1","floor":35},{"not_picked":["Body Slam+1","Evolve+1"],"picked":"Shrug It Off+1","floor":36}],"player_experience":248835,"potions_floor_usage":[6,6,25,31,33,35],"damage_taken":[{"damage":0,"enemies":"Cultist","floor":1,"turns":3},{"damage":0,"enemies":"Jaw Worm","floor":2,"turns":2},{"damage":0,"enemies":"Small Slimes","floor":5,"turns":2},{"damage":0,"enemies":"Gremlin Nob","floor":6,"turns":2},{"damage":2,"enemies":"Blue Slaver","floor":8,"turns":2},{"damage":6,"enemies":"Exordium Thugs","floor":11,"turns":4},{"damage":0,"enemies":"2 Fungi Beasts","floor":13,"turns":1},{"damage":1,"enemies":"Gremlin Gang","floor":14,"turns":3},{"damage":45,"enemies":"The Guardian","floor":16,"turns":5},{"damage":0,"enemies":"Spheric Guardian","floor":18,"turns":2},{"damage":5,"enemies":"3 Byrds","floor":20,"turns":2},{"damage":30,"enemies":"Snake Plant","floor":21,"turns":4},{"damage":8,"enemies":"Slaver and Parasite","floor":25,"turns":3},{"damage":19,"enemies":"Book of Stabbing","floor":29,"turns":3},{"damage":5,"enemies":"Centurion and Healer","floor":30,"turns":2},{"damage":0,"enemies":"3 Cultists","floor":31,"turns":2},{"damage":19,"enemies":"Automaton","floor":33,"turns":6},{"damage":28,"enemies":"3 Darklings","floor":35,"turns":3},{"damage":0,"enemies":"Orb Walker","floor":36,"turns":2}],"relics_obtained":[{"floor":6,"key":"Gambling Chip"},{"floor":9,"key":"Vajra"},{"floor":26,"key":"Bronze Scales"},{"floor":29,"key":"Mercury Hourglass"},{"floor":29,"key":"Matryoshka"}],"event_choices":[{"event_name":"The Lab","player_choice":"Got Potions","floor":4,"damage_taken":0},{"event_name":"Beggar","player_choice":"Gave Gold","floor":19,"damage_taken":0},{"event_name":"The Library","player_choice":"Read","floor":24,"damage_taken":0},{"event_name":"Vampires","player_choice":"Became a vampire","floor":27,"damage_taken":0}],"boss_relics":[{"not_picked":["Eternal Feather","Cursed Key"],"picked":"Black Star"},{"not_picked":["Tiny House","Black Blood"],"picked":"Sozu"}],"potions_floor_spawned":[1,5,14,16,20,29,31,35,36],"seed_played":"-3551877995311688955","killed_by":"4 Shapes","ascension_level":0,"potions_obtained":[{"floor":1,"key":"FearPotion"},{"floor":4,"key":"Regen Potion"},{"floor":4,"key":"SteroidPotion"},{"floor":5,"key":"AttackPotion"},{"floor":14,"key":"GamblersBrew"},{"floor":16,"key":"Strength Potion"},{"floor":20,"key":"Block Potion"},{"floor":29,"key":"Strength Potion"},{"floor":31,"key":"Ancient Potion"}],"is_trial":false}