{"path_per_floor":["M","?","$","M","M","R","E","M","T","M","R","M","?","M","R","B",null,"M","M","?","M","T","R","E","M","T","M","M","M","?","M","R"],"character_chosen":"THE_SILENT","items_purchased":["Outmaneuver"],"gold_per_floor":[114,114,14,29,44,44,74,89,114,129,129,144,148,163,163,263,263,278,293,208,223,223,223,253,268,343,358,373,388,313,328,328,328],"floor_reached":33,"campfire_rested":0,"playtime":2424,"current_hp_per_floor":[63,63,63,62,60,60,63,52,52,52,52,49,44,44,44,21,59,58,51,51,43,43,43,43,41,41,39,38,35,35,29,29,0],"items_purged":["A Thousand Cuts"],"gold":328,"score":300,"play_id":"7fa08634-947f-4259-a195-c0270e1be696","local_time":"20180520225803","daily_mods":["Specialized","Binary","Terminal"],"is_prod":false,"is_daily":true,"chose_seed":false,"is_ascension_mode":false,"campfire_upgraded":5,"timestamp":1526853483,"campfire_choices":[{"data":"A Thousand Cuts","floor":6,"key":"SMITH"},{"data":"Outmaneuver","floor":11,"key":"SMITH"},{"data":"Outmaneuver","floor":15,"key":"SMITH"},{"data":"Dash","floor":23,"key":"SMITH"},{"data":"Adrenaline","floor":32,"key":"SMITH"}],"path_taken":["M","?","$","?","M","R","E","M","T","M","R","M","?","?","R","BOSS","M","?","?","M","?","R","E","M","T","M","?","M","?","M","R","BOSS"],"build_version":"2018-05-17","seed_source_timestamp":0,"purchased_purges":1,"victory":false,"master_deck":["Defend_G","Defend_G","Defend_G","Defend_G","Defend_G","Strike_G","Strike_G","Strike_G","Strike_G","Strike_G","Survivor","Neutralize+1","A Thousand Cuts+1","A Thousand Cuts","A Thousand Cuts","Outmaneuver+1","Blade Dance","Cloak And Dagger","Outmaneuver+1","Predator","Adrenaline+1","All Out Attack+1","Dash+1","Terror+1","Distraction+1","Bouncing Flask+1","Crippling Poison+1"],"max_hp_per_floor":[68,67,66,65,64,63,69,68,67,66,65,64,63,62,61,60,59,58,57,56,55,54,53,52,51,50,49,48,47,46,45,44,44],"relics":["Ring of the Snake","Strawberry","Anchor","Odd Mushroom","Velvet Choker","Toxic Egg 2","Ornamental Fan","Ninja Scroll","Bottled Tornado"],"card_choices":[{"not_picked":["Dagger Throw","Quick Slash"],"picked":"SKIP","floor":1},{"not_picked":["Setup","Reflex"],"picked":"SKIP","floor":4},{"not_picked":["Dagger Spray"],"picked":"Blade Dance","floor":5},{"not_picked":["Dodge and Roll","Sucker Punch"],"picked":"SKIP","floor":7},{"not_picked":["Masterful Stab","Sucker Punch"],"picked":"SKIP","floor":8},{"not_picked":["Sucker Punch"],"picked":"Cloak And Dagger","floor":10},{"not_picked":["Sucker Punch","Flechettes"],"picked":"SKIP","floor":12},{"not_picked":["Backstab"],"picked":"Outmaneuver","floor":13},{"not_picked":["Dagger Spray"],"picked":"Predator","floor":14},{"not_picked":["Doppelganger"],"picked":"Adrenaline","floor":16},{"not_picked":["Underhanded Strike+1"],"picked":"All Out Attack+1","floor":18},{"not_picked":["Underhanded Strike","Setup"],"picked":"SKIP","floor":19},{"not_picked":["Infinite Blades"],"picked":"Dash","floor":21},{"not_picked":["Night Terror+1"],"picked":"Terror+1","floor":24},{"not_picked":["Bouncing Flask+1"],"picked":"Distraction+1","floor":25},{"not_picked":["Finisher+1","Poisoned Stab"],"picked":"SKIP","floor":27},{"not_picked":["Finisher+1","Heel Hook"],"picked":"SKIP","floor":28},{"not_picked":["Acrobatics+1"],"picked":"Bouncing Flask+1","floor":29},{"not_picked":["Dagger Spray"],"picked":"Crippling Poison+1","floor":31}],"player_experience":235789,"potions_floor_usage":[10,13,13,16,24,24,27,33],"damage_taken":[{"damage":6,"enemies":"Jaw Worm","floor":1,"turns":5},{"damage":1,"enemies":"Cultist","floor":4,"turns":4},{"damage":2,"enemies":"2 Louse","floor":5,"turns":4},{"damage":4,"enemies":"Lagavulin","floor":7,"turns":7},{"damage":11,"enemies":"Gremlin Gang","floor":8,"turns":4},{"damage":0,"enemies":"Looter","floor":10,"turns":4},{"damage":3,"enemies":"2 Fungi Beasts","floor":12,"turns":3},{"damage":5,"enemies":"The Mushroom Lair","floor":13,"turns":3},{"damage":0,"enemies":"Exordium Wildlife","floor":14,"turns":4},{"damage":23,"enemies":"Hexaghost","floor":16,"turns":9},{"damage":0,"enemies":"Chosen","floor":18,"turns":4},{"damage":7,"enemies":"2 Thieves","floor":19,"turns":3},{"damage":8,"enemies":"Centurion and Healer","floor":21,"turns":7},{"damage":0,"enemies":"Book of Stabbing","floor":24,"turns":5},{"damage":2,"enemies":"Snake Plant","floor":25,"turns":4},{"damage":2,"enemies":"Slaver and Parasite","floor":27,"turns":6},{"damage":1,"enemies":"Snecko","floor":28,"turns":3},{"damage":3,"enemies":"Snake Plant","floor":29,"turns":4},{"damage":6,"enemies":"Centurion and Healer","floor":31,"turns":4},{"damage":50,"enemies":"Champ","floor":33,"turns":10}],"relics_obtained":[{"floor":7,"key":"Strawberry"},{"floor":9,"key":"Anchor"},{"floor":13,"key":"Odd Mushroom"},{"floor":22,"key":"Ornamental Fan"},{"floor":24,"key":"Ninja Scroll"},{"floor":26,"key":"Bottled Tornado"}],"event_choices":[{"event_name":"Upgrade Shrine","player_choice":"Upgraded","floor":2,"damage_taken":0},{"event_name":"Mushrooms","player_choice":"Fought Mushrooms","floor":13,"damage_taken":0},{"event_name":"Addict","player_choice":"Obtained Relic","floor":20,"damage_taken":0},{"event_name":"Beggar","player_choice":"Gave Gold","floor":30,"damage_taken":0}],"boss_relics":[{"not_picked":["Tiny House","Runic Dome"],"picked":"Velvet Choker"}],"potions_floor_spawned":[1,7,8,10,14,16,21,24,27],"seed_played":"5982385652797705941","killed_by":"Champ","ascension_level":0,"potions_obtained":[{"floor":1,"key":"Swift Potion"},{"floor":7,"key":"Weak Potion"},{"floor":8,"key":"FearPotion"},{"floor":10,"key":"Strength Potion"},{"floor":14,"key":"GamblersBrew"},{"floor":16,"key":"Regen Potion"},{"floor":21,"key":"SteroidPotion"},{"floor":24,"key":"Swift Potion"},{"floor":27,"key":"LiquidBronze"}],"is_trial":false}