{"path_per_floor":["M","?","?","M","?","R","E","R","T","M","$","?","E","M","R","B",null,"M","M","M","?","M","E","M","R","T","E","R","E","M","M","R","B",null,"M","?","M","$","M","E","$","E","T","$","R","M","E","M","R","B"],"character_chosen":"THE_SILENT","items_purchased":["Choke","Escape Plan","Matryoshka"],"gold_per_floor":[110,110,110,121,121,121,148,148,148,163,57,57,86,98,98,197,197,210,191,203,203,217,248,264,264,264,292,292,317,334,353,353,454,454,469,469,486,150,163,198,98,125,148,23,23,38,64,77,77,77],"floor_reached":51,"campfire_rested":1,"playtime":18496,"current_hp_per_floor":[70,56,56,56,56,56,42,42,42,38,38,38,32,32,32,19,70,63,56,42,42,49,25,21,21,21,28,28,33,45,26,40,32,49,47,47,49,49,49,49,49,44,44,44,44,63,63,53,53,63],"items_purged":["Defend_G","Bite","Deadly Poison"],"gold":77,"play_id":"865f484a-4da6-46ed-bf6a-f632dbb78002","is_prod":false,"is_daily":false,"is_ascension_mode":false,"campfire_upgraded":7,"path_taken":["M","?","?","M","?","R","E","R","T","M","$","?","E","M","R","BOSS","M","?","M","?","?","E","M","R","T","E","R","E","M","M","R","BOSS","M","?","M","$","?","E","?","E","T","$","R","M","E","M","R","BOSS"],"build_version":"2018-02-01-PROD3","purchased_purges":3,"victory":true,"master_deck":["Defend_G+1","Defend_G","Defend_G+1","Defend_G","Survivor+1","Neutralize","After Image+1","Prepared+1","Bouncing Flask","Choke","Escape Plan","Flash of Steel","Calculated Gamble+1","Venomology","Escape Plan+1","Bite","Bite","Bite","Bite","Blur+1","A Thousand Cuts+1","Prepared+1","Well Laid Plans+1","Calculated Gamble+1","Tools of the Trade","Malaise+1","Slice+1","Backflip+1","Noxious Fumes+1","Finisher+1","Outmaneuver+1","Crippling Poison+1","Escape Plan"],"max_hp_per_floor":[70,70,70,70,70,70,70,70,70,70,70,70,70,70,70,70,70,70,70,70,49,49,49,49,49,49,49,49,49,49,49,49,49,49,49,49,49,49,49,49,49,63,63,63,63,63,63,63,63,63],"relics":["Ring of the Snake","Oddly Smooth Stone","Bird Faced Urn","Prayer Wheel","Black Star","Blood Vial","Anchor","Tough Bandages","Lantern","Omamori","Vajra","War Paint","Cursed Key","Matryoshka","Frozen Eye","Sundial","Calipers","Mango","Snake Skull","Bronze Scales","Tingsha","Unceasing Top"],"card_choices":[{"not_picked":["Dagger Spray","Finisher"],"picked":"Deadly Poison"},{"not_picked":["Slice","Malaise"],"picked":"After Image"},{"not_picked":["Poisoned Stab","Quick Slash"],"picked":"Prepared"},{"not_picked":["Backstab","Prepared"],"picked":"Bouncing Flask"},{"not_picked":["Backstab","Sucker Punch"],"picked":"Calculated Gamble"},{"not_picked":["Phantasmal Killer","Bullet Time"],"picked":"Venomology"},{"not_picked":["PiercingWail","Choke"],"picked":"Escape Plan"},{"not_picked":["Deadly Poison","Bouncing Flask"],"picked":"Blur"},{"not_picked":["Dagger Throw","After Image"],"picked":"A Thousand Cuts"},{"not_picked":["PiercingWail","Predator"],"picked":"Prepared"},{"not_picked":["Masterful Stab","Terror"],"picked":"Well Laid Plans"},{"not_picked":["Flying Knee","Heel Hook"],"picked":"Calculated Gamble"},{"not_picked":["A Thousand Cuts","Burst"],"picked":"Tools of the Trade"},{"not_picked":["Dodge and Roll","Quick Slash"],"picked":"Malaise"},{"not_picked":["PiercingWail","Eviscerate"],"picked":"Slice"},{"not_picked":["Sucker Punch","Predator"],"picked":"Backflip"},{"not_picked":["Dodge and Roll","Dagger Throw"],"picked":"Noxious Fumes"},{"not_picked":["Riddle With Holes","Malaise"],"picked":"Finisher"},{"not_picked":["Infinite Blades","Prepared"],"picked":"Outmaneuver"},{"not_picked":["Riddle With Holes","Dagger Throw"],"picked":"Crippling Poison"},{"not_picked":["Quick Slash","Dodge and Roll"],"picked":"Escape Plan"}],"player_experience":27559,"potions_floor_usage":[22,22,23,23,23,24,24,27,29,31,33,33,33,37,39,42,42,46,47,47,50,50],"damage_taken":[{"damage":0.0,"enemies":"Jaw Worm","floor":1.0,"turns":5.0},{"damage":0.0,"enemies":"2 Louse","floor":4.0,"turns":1.0},{"damage":14.0,"enemies":"Lagavulin","floor":7.0,"turns":10.0},{"damage":6.0,"enemies":"Blue Slaver","floor":10.0,"turns":3.0},{"damage":8.0,"enemies":"3 Sentries","floor":13.0,"turns":8.0},{"damage":2.0,"enemies":"2 Fungi Beasts","floor":14.0,"turns":4.0},{"damage":30.0,"enemies":"Slime Boss","floor":16.0,"turns":14.0},{"damage":7.0,"enemies":"Shell Parasite","floor":18.0,"turns":6.0},{"damage":9.0,"enemies":"2 Thieves","floor":19.0,"turns":4.0},{"damage":16,"enemies":"Snecko","floor":20,"turns":6},{"damage":6,"enemies":"Centurion and Healer","floor":22,"turns":9},{"damage":55,"enemies":"Slavers","floor":23,"turns":12},{"damage":22,"enemies":"3 Cultists","floor":24,"turns":8},{"damage":1,"enemies":"Book of Stabbing","floor":27,"turns":6},{"damage":13,"enemies":"Slavers","floor":29,"turns":7},{"damage":2,"enemies":"Snake Plant","floor":30,"turns":5},{"damage":25,"enemies":"Cultist and Chosen","floor":31,"turns":6},{"damage":22,"enemies":"Collector","floor":33,"turns":9},{"damage":2,"enemies":"3 Shapes","floor":35,"turns":3},{"damage":10,"enemies":"3 Darklings","floor":37,"turns":5},{"damage":7,"enemies":"Sphere and 2 Shapes","floor":39,"turns":5},{"damage":0,"enemies":"Nemesis","floor":40,"turns":7},{"damage":29,"enemies":"2 Orb Walkers","floor":42,"turns":5},{"damage":0,"enemies":"4 Shapes","floor":46,"turns":4},{"damage":6,"enemies":"Nemesis","floor":47,"turns":10},{"damage":10,"enemies":"3 Darklings","floor":48,"turns":3},{"damage":1,"enemies":"Time Eater","floor":50,"turns":11}],"event_choices":[{"event_name":"Shining Light","player_choice":"Entered Light","floor":2.0,"damage_taken":0.0},{"event_name":"The Lab","player_choice":"Got Potions","floor":3.0,"damage_taken":0.0},{"event_name":"Bonfire Elementals","player_choice":"BASIC","floor":5.0,"damage_taken":0.0},{"event_name":"Match and Keep!","player_choice":"1 cards matched","floor":12.0,"damage_taken":0.0},{"event_name":"Vampires","player_choice":"Became a vampire","floor":21,"damage_taken":0},{"event_name":"Tomb of Lord Red Mask","player_choice":"Ignored","floor":36,"damage_taken":0}],"boss_relics":[{"not_picked":["Astrolabe","Snecko Eye"],"picked":"Cursed Key"}],"potions_floor_spawned":[1,4,14,19,23,24,29,30,42,47],"seed_played":"528818707610332629","ascension_level":0,"is_trial":false}