{"gold_per_floor":[116,133,133,133,133,133,168,181,181,194,215,215,140,140,140,266,266,286,376,376,376,389,389,405,426,452,452,120,120,120,145,145,145],"floor_reached":33,"playtime":2438,"items_purged":["Strike_R","Strike_R"],"score":384,"play_id":"c3fefa13-9332-4e74-b092-03bc85ec0ff6","local_time":"20180703232823","is_ascension_mode":true,"campfire_choices":[{"data":"Body Slam","floor":6,"key":"SMITH"},{"data":"Rampage","floor":12,"key":"SMITH"},{"data":"Pommel Strike","floor":15,"key":"SMITH"},{"data":"Pommel Strike","floor":23,"key":"SMITH"},{"data":"Flame Barrier","floor":27,"key":"SMITH"},{"floor":29,"key":"REST"},{"data":"Power Through","floor":32,"key":"SMITH"}],"neow_cost":"NONE","seed_source_timestamp":4319744577283511,"circlet_count":0,"master_deck":["Strike_R","Strike_R","Strike_R+1","Defend_R","Defend_R","Defend_R","Defend_R","Bash+1","Body Slam+1","Pommel Strike+1","Flame Barrier+1","Evolve","Rampage+1","Limit Break","Pommel Strike+1","True Grit+1","Power Through+1","Power Through","Writhe"],"relics":["Burning Blood","Art of War","Golden Idol","Orichalcum","Anchor","Sozu","Strawberry","Oddly Smooth Stone","Vajra"],"potions_floor_usage":[7,11,16,16,16,16,22],"damage_taken":[{"damage":12,"enemies":"Jaw Worm","floor":1,"turns":2},{"damage":5,"enemies":"Small Slimes","floor":2,"turns":3},{"damage":16,"enemies":"Gremlin Nob","floor":7,"turns":3},{"damage":0,"enemies":"Cultist","floor":8,"turns":2},{"damage":4,"enemies":"Red Slaver","floor":10,"turns":3},{"damage":0,"enemies":"Large Slime","floor":11,"turns":4},{"damage":0,"enemies":"Slime Boss","floor":16,"turns":7},{"damage":14,"enemies":"Spheric Guardian","floor":18,"turns":4},{"damage":0,"enemies":"Chosen","floor":22,"turns":3},{"damage":28,"enemies":"Sentry and Sphere","floor":24,"turns":6},{"damage":28,"enemies":"Chosen and Byrds","floor":25,"turns":6},{"damage":4,"enemies":"Snake Plant","floor":31,"turns":4},{"damage":63,"enemies":"Collector","floor":33,"turns":6}],"seed_played":"1689931423556653345","potions_obtained":[{"floor":2,"key":"Explosive Potion"},{"floor":10,"key":"Fire Potion"},{"floor":11,"key":"Fire Potion"}],"is_trial":false,"path_per_floor":["M","M","?","T","?","R","E","M","T","M","M","R","$","?","R","B",null,"M","?","?","?","M","R","M","M","T","R","$","R","?","M","R"],"character_chosen":"IRONCLAD","items_purchased":["Oddly Smooth Stone","Power Through"],"campfire_rested":1,"item_purchase_floors":[28,28],"current_hp_per_floor":[66,67,51,51,31,31,21,27,27,29,35,35,35,61,61,67,77,69,53,53,53,59,59,37,15,22,22,22,48,48,50,50,0],"gold":145,"neow_bonus":"THREE_SMALL_POTIONS","is_prod":false,"is_daily":false,"chose_seed":false,"campfire_upgraded":6,"win_rate":0,"timestamp":1530656903,"path_taken":["M","M","?","?","?","R","E","M","T","?","M","R","?","?","R","BOSS","M","?","?","?","?","R","M","M","T","R","?","R","?","M","R","BOSS"],"build_version":"2018-06-28","purchased_purges":2,"victory":false,"max_hp_per_floor":[80,80,80,80,80,80,80,80,80,80,80,80,80,80,80,80,80,80,80,80,80,80,80,80,80,87,87,87,87,87,87,87,87],"card_choices":[{"not_picked":["Bloodletting","Headbutt"],"picked":"Body Slam","floor":1},{"not_picked":["Body Slam","Power Through"],"picked":"Pommel Strike","floor":2},{"not_picked":["Uppercut","Cleave"],"picked":"Flame Barrier","floor":7},{"not_picked":["Heavy Blade","Clash"],"picked":"Evolve","floor":8},{"not_picked":["Rage","Perfected Strike","Sword Boomerang"],"picked":"SKIP","floor":10},{"not_picked":["Sword Boomerang","Sever Soul"],"picked":"Rampage","floor":11},{"not_picked":["Offering","Dark Embrace"],"picked":"Limit Break","floor":16},{"not_picked":["Combust","Cleave"],"picked":"Pommel Strike","floor":18},{"not_picked":["Havoc","Carnage","Blood for Blood"],"picked":"SKIP","floor":22},{"not_picked":["Combust","Clothesline","Blood for Blood+1"],"picked":"SKIP","floor":24},{"not_picked":["Dual Wield","Perfected Strike"],"picked":"Power Through","floor":25},{"not_picked":["Pommel Strike+1","Cleave","Intimidate"],"picked":"SKIP","floor":31}],"player_experience":347338,"relics_obtained":[{"floor":4,"key":"Art of War"},{"floor":7,"key":"Orichalcum"},{"floor":9,"key":"Anchor"},{"floor":26,"key":"Strawberry"}],"event_choices":[{"event_name":"Shining Light","player_choice":"Entered Light","floor":3,"damage_taken":0},{"event_name":"Golden Idol","player_choice":"Take Damage","floor":5,"damage_taken":0},{"event_name":"Big Fish","player_choice":"Banana","floor":14,"damage_taken":0},{"event_name":"Knowing Skull","player_choice":"GOLD ","floor":19,"damage_taken":0},{"event_name":"The Library","player_choice":"Read","floor":20,"damage_taken":0},{"event_name":"Upgrade Shrine","player_choice":"Upgraded","floor":21,"damage_taken":0},{"event_name":"The Mausoleum","player_choice":"Yes","floor":30,"damage_taken":0}],"boss_relics":[{"not_picked":["Eternal Feather","Philosopher\u0027s Stone"],"picked":"Sozu"}],"items_purged_floors":[13,28],"is_endless":false,"potions_floor_spawned":[2,10,11,18,22],"killed_by":"Collector","ascension_level":6}