{"path_per_floor":["M","M","$","?","?","E","R","E","T","R","M","E","?","M","R","B",null,"M","$","M","$","M","R","M","?","T","R","M","R","?","$","R","B",null,"M","?","M","?","$","R","E","R","T","E","?","R","M","M","R","B"],"character_chosen":"IRONCLAD","items_purchased":["Anchor","Dexterity Potion","Metallicize","Dexterity Potion"],"gold_per_floor":[112,124,49,49,49,80,80,107,181,181,196,229,229,239,239,336,336,353,106,117,66,79,79,94,94,119,119,137,137,137,57,57,155,155,171,171,184,184,7,7,33,33,58,83,128,128,144,155,155,155],"floor_reached":51,"campfire_rested":1,"playtime":5116,"current_hp_per_floor":[79,80,80,80,73,31,31,22,22,46,52,26,52,49,49,25,80,66,66,65,65,56,56,51,51,51,51,55,55,55,55,55,60,80,80,70,76,76,76,80,80,80,80,80,77,80,80,80,80,80],"items_purged":["Strike_R","Defend_R","Strike_R"],"gold":155,"score":628,"play_id":"753894aa-52cc-4d67-836c-3c6e8fcf4878","is_prod":false,"is_daily":false,"is_ascension_mode":true,"campfire_upgraded":10,"path_taken":["M","M","$","?","?","E","R","E","T","R","M","E","?","?","R","BOSS","M","$","M","?","M","R","?","?","T","R","M","R","?","$","R","BOSS","M","?","M","?","$","R","E","R","T","E","?","R","M","?","R","BOSS"],"build_version":"2018-02-12-PROD1","purchased_purges":4,"victory":true,"master_deck":["Strike_R","Defend_R+1","Defend_R","Defend_R","Bash","Demon Form+1","Whirlwind","Rampage+1","True Grit+1","Barricade+1","Shrug It Off+1","Shockwave+1","Armaments+1","Metallicize+1","Reaper","Clothesline+1","Madness+1","Madness+1","Shrug It Off+1","Pommel Strike+1","Seeing Red+1","Warcry+1","Heavy Blade+1"],"max_hp_per_floor":[80,80,80,80,80,80,80,80,80,80,80,80,80,80,80,80,80,80,80,80,80,80,80,80,80,80,80,80,80,80,80,80,80,80,80,80,80,80,80,80,80,80,80,80,80,80,80,80,80,80],"relics":["Burning Blood","Ancient Tea Set","Calipers","Centennial Puzzle","Gremlin Horn","Velvet Choker","Anchor","Oddly Smooth Stone","Eternal Feather","Toxic Egg 2","Dream Catcher","Bag of Marbles","Champion Belt"],"card_choices":[{"not_picked":["Havoc","Pummel"],"picked":"Whirlwind"},{"not_picked":["Body Slam","Whirlwind"],"picked":"Rampage"},{"not_picked":["Power Through","Thunderclap"],"picked":"True Grit"},{"not_picked":["Heavy Blade","Wild Strike"],"picked":"Barricade"},{"not_picked":["Rampage","Rage"],"picked":"Shrug It Off"},{"not_picked":["Twin Strike","Warcry"],"picked":"Shockwave"},{"not_picked":["Twin Strike","Corruption"],"picked":"Armaments"},{"not_picked":["Double Tap","Demon Form"],"picked":"Reaper"},{"not_picked":["Combust","Disarm"],"picked":"Clothesline"},{"not_picked":["Warcry","Whirlwind"],"picked":"Pommel Strike"},{"not_picked":["Headbutt","Body Slam"],"picked":"Seeing Red"},{"not_picked":["True Grit","Twin Strike"],"picked":"Warcry"},{"not_picked":["Iron Wave","Warcry"],"picked":"Heavy Blade"}],"player_experience":159089,"potions_floor_usage":[6,12,22,22,33,35,50,50],"damage_taken":[{"damage":7,"enemies":"Small Slimes","floor":1,"turns":3},{"damage":2,"enemies":"2 Louse","floor":2,"turns":5},{"damage":48,"enemies":"3 Sentries","floor":6,"turns":10},{"damage":15,"enemies":"Lagavulin","floor":8,"turns":7},{"damage":0,"enemies":"Cultist","floor":11,"turns":4},{"damage":32,"enemies":"Gremlin Nob","floor":12,"turns":4},{"damage":9,"enemies":"2 Fungi Beasts","floor":14,"turns":3},{"damage":30,"enemies":"Hexaghost","floor":16,"turns":8},{"damage":20,"enemies":"2 Thieves","floor":18,"turns":3},{"damage":7,"enemies":"Chosen","floor":20,"turns":5},{"damage":15,"enemies":"Slaver and Parasite","floor":22,"turns":6},{"damage":11,"enemies":"Centurion and Healer","floor":24,"turns":4},{"damage":2,"enemies":"Cultist and Chosen","floor":28,"turns":3},{"damage":1,"enemies":"Champ","floor":33,"turns":14},{"damage":4,"enemies":"3 Shapes","floor":35,"turns":6},{"damage":0,"enemies":"Orb Walker","floor":37,"turns":4},{"damage":10,"enemies":"Nemesis","floor":41,"turns":16},{"damage":1,"enemies":"Giant Head","floor":44,"turns":8},{"damage":38,"enemies":"Mysterious Sphere","floor":45,"turns":6},{"damage":7,"enemies":"3 Darklings","floor":47,"turns":6},{"damage":12,"enemies":"Sphere and 2 Shapes","floor":48,"turns":7},{"damage":20,"enemies":"Time Eater","floor":50,"turns":8}],"event_choices":[{"event_name":"The Cleric","player_choice":"Leave","floor":4,"damage_taken":0},{"event_name":"Golden Wing","player_choice":"Card Removal","floor":5,"damage_taken":0},{"event_name":"Big Fish","player_choice":"Banana","floor":13,"damage_taken":0},{"event_name":"Drug Dealer","player_choice":"Ignored","floor":25,"damage_taken":0},{"event_name":"Addict","player_choice":"Ignored","floor":30,"damage_taken":0},{"event_name":"Winding Halls","player_choice":"Embrace Madness","floor":36,"damage_taken":0},{"event_name":"Duplicator","player_choice":"One dupe","floor":38,"damage_taken":0},{"event_name":"Mysterious Sphere","player_choice":"Fight","floor":45,"damage_taken":0}],"boss_relics":[{"not_picked":["Orrery","Cursed Key"],"picked":"Velvet Choker"},{"not_picked":["Question Card","White Beast Statue"],"picked":"Eternal Feather"}],"potions_floor_spawned":[2,11,14,22,28,35,47,48],"seed_played":"7086745424116279004","ascension_level":3,"is_trial":false}