{"gold_per_floor":[112,37,49,63,78,78,108,108,108,108,133,158,178,211,211,287,287,303,303,253,0,17,17,43,43,43,73,88,13,27,27,27,104,104,116,127,127],"floor_reached":37,"playtime":3875,"items_purged":["Tactician"],"score":879,"play_id":"2f4f1798-9512-4cf1-b1e5-99184f3dd7e8","local_time":"20190704132741","is_ascension_mode":true,"campfire_choices":[{"data":"Neutralize","floor":6.0,"key":"SMITH"},{"floor":8.0,"key":"REST"},{"data":"Noxious Fumes","floor":15.0,"key":"SMITH"},{"data":"Noxious Fumes","floor":23.0,"key":"SMITH"},{"data":"Concentrate","floor":25.0,"key":"SMITH"},{"floor":32.0,"key":"REST"}],"neow_cost":"NONE","seed_source_timestamp":0,"circlet_count":0,"master_deck":["AscendersBane","Survivor+1","Neutralize+1","Poisoned Stab","Backstab","Quick Slash","Dagger Spray","Noxious Fumes+1","Malaise+1","Deflect","Glass Knife","Concentrate+1","Backflip","Venomology","Grand Finale","Phantasmal Killer","Noxious Fumes+1","Backflip","Escape Plan","Dodge and Roll+1","PiercingWail","Master of Strategy","Backflip","PiercingWail","Escape Plan","Bite+1","Bite+1","Bite+1","Bite+1","Bite+1","Footwork","PiercingWail+1"],"special_seed":0,"relics":["Ring of the Snake","Oddly Smooth Stone","Lantern","Singing Bowl","Pantograph","Bronze Scales","Odd Mushroom","War Paint","Pandora\u0027s Box","Boot","Molten Egg 2","Bottled Flame","Sozu"],"potions_floor_usage":[],"damage_taken":[{"damage":6.0,"enemies":"Small Slimes","floor":1.0,"turns":5.0},{"damage":0.0,"enemies":"Jaw Worm","floor":3.0,"turns":4.0},{"damage":0.0,"enemies":"2 Louse","floor":4.0,"turns":2.0},{"damage":4.0,"enemies":"Exordium Wildlife","floor":5.0,"turns":5.0},{"damage":18.0,"enemies":"Gremlin Nob","floor":7.0,"turns":4.0},{"damage":14.0,"enemies":"3 Sentries","floor":11.0,"turns":9.0},{"damage":0.0,"enemies":"The Mushroom Lair","floor":12.0,"turns":2.0},{"damage":0.0,"enemies":"Red Slaver","floor":13.0,"turns":3.0},{"damage":11.0,"enemies":"Lagavulin","floor":14.0,"turns":9.0},{"damage":18.0,"enemies":"Hexaghost","floor":16.0,"turns":11.0},{"damage":0.0,"enemies":"Chosen","floor":18.0,"turns":5.0},{"damage":0.0,"enemies":"3 Byrds","floor":22.0,"turns":4.0},{"damage":26.0,"enemies":"Slavers","floor":24.0,"turns":6.0},{"damage":10.0,"enemies":"Book of Stabbing","floor":27.0,"turns":6.0},{"damage":9.0,"enemies":"Cultist and Chosen","floor":28.0,"turns":5.0},{"damage":2.0,"enemies":"Chosen and Byrds","floor":30.0,"turns":6.0},{"damage":66.0,"enemies":"Collector","floor":33.0,"turns":12.0},{"damage":9,"enemies":"Orb Walker","floor":35,"turns":3},{"damage":36,"enemies":"3 Darklings","floor":36,"turns":5},{"damage":31,"enemies":"Spire Growth","floor":37,"turns":2}],"seed_played":"8234467940787222759","potions_obtained":[{"floor":3.0,"key":"Ancient Potion"},{"floor":4.0,"key":"LiquidBronze"},{"floor":11.0,"key":"Explosive Potion"},{"floor":16.0,"key":"Ancient Potion"},{"floor":24.0,"key":"Weak Potion"},{"floor":28.0,"key":"Block Potion"},{"floor":33.0,"key":"SteroidPotion"}],"is_trial":false,"path_per_floor":["M","?","M","M","M","R","E","R","T","?","E","?","M","E","R","B",null,"M","?","?","$","M","R","E","R","T","E","M","$","M","?","R","B",null,"M","M","M"],"character_chosen":"THE_SILENT","items_purchased":["PiercingWail","Master of Strategy"],"campfire_rested":2,"item_purchase_floors":[21,21],"current_hp_per_floor":[53,53,53,53,49,49,31,50,50,45,33,35,35,24,24,31,60,60,60,60,60,70,70,46,46,46,36,27,27,27,27,42,23,46,49,23,0],"gold":127,"neow_bonus":"RANDOM_COMMON_RELIC","is_prod":false,"is_daily":false,"chose_seed":false,"campfire_upgraded":4,"win_rate":0,"timestamp":1562243261,"path_taken":["M","?","M","M","M","R","E","R","T","?","E","?","M","E","R","BOSS","M","?","?","$","M","R","E","R","T","E","?","$","M","?","R","BOSS","M","M","M"],"build_version":"2019-07-01","purchased_purges":1,"victory":false,"max_hp_per_floor":[66,66,66,66,66,66,66,66,66,66,68,70,70,70,70,70,70,70,70,70,70,70,70,72,72,72,72,72,72,74,51,51,53,53,53,53,53],"card_choices":[{"not_picked":["Deadly Poison","Cloak And Dagger"],"picked":"Poisoned Stab","floor":1.0},{"not_picked":["Heel Hook","Choke"],"picked":"Backstab","floor":3.0},{"not_picked":["Outmaneuver","Poisoned Stab"],"picked":"Quick Slash","floor":4.0},{"not_picked":["Distraction","Acrobatics"],"picked":"Dagger Spray","floor":5.0},{"not_picked":["Leg Sweep","Dagger Throw"],"picked":"Noxious Fumes","floor":7.0},{"not_picked":["Bane","Calculated Gamble","Finisher"],"picked":"Singing Bowl","floor":11.0},{"not_picked":["Skewer","Quick Slash","Deadly Poison"],"picked":"Singing Bowl","floor":12.0},{"not_picked":["Quick Slash","PiercingWail"],"picked":"Malaise","floor":13.0},{"not_picked":["Dagger Spray","Noxious Fumes"],"picked":"Deflect","floor":14.0},{"not_picked":["Envenom","Venomology"],"picked":"Glass Knife","floor":16.0},{"not_picked":["Choke","Heel Hook"],"picked":"Dodge and Roll+1","floor":18.0},{"not_picked":["Dagger Spray","Eviscerate"],"picked":"Backflip","floor":22.0},{"not_picked":["Reflex","Slice","Skewer"],"picked":"Singing Bowl","floor":24.0},{"not_picked":["Deadly Poison","Sucker Punch+1"],"picked":"PiercingWail","floor":27.0},{"not_picked":["Bane+1","Accuracy"],"picked":"Escape Plan","floor":28.0},{"not_picked":["Quick Slash+1","Reflex+1","Deadly Poison"],"picked":"Singing Bowl","floor":30.0},{"not_picked":["Grand Finale+1","Phantasmal Killer","Bullet Time"],"picked":"Singing Bowl","floor":33.0},{"not_picked":["Cloak And Dagger","Poisoned Stab+1"],"picked":"Footwork","floor":35},{"not_picked":["Blur+1","Outmaneuver+1"],"picked":"PiercingWail+1","floor":36}],"player_experience":995088,"relics_obtained":[{"floor":7.0,"key":"Lantern"},{"floor":9.0,"key":"Singing Bowl"},{"floor":11.0,"key":"Bronze Scales"},{"floor":12.0,"key":"Odd Mushroom"},{"floor":14.0,"key":"War Paint"},{"floor":24.0,"key":"Boot"},{"floor":26.0,"key":"Molten Egg 2"},{"floor":27.0,"key":"Bottled Flame"}],"event_choices":[{"cards_removed":["Strike_G"],"damage_healed":0.0,"max_hp_gain":0.0,"max_hp_loss":0.0,"gold_gain":0.0,"event_name":"The Cleric","player_choice":"Card Removal","floor":2.0,"gold_loss":75.0,"damage_taken":0.0},{"damage_healed":0.0,"max_hp_gain":0.0,"max_hp_loss":0.0,"gold_gain":0.0,"event_name":"Scrap Ooze","player_choice":"Success","floor":10.0,"gold_loss":0.0,"damage_taken":5.0,"relics_obtained":["Pantograph"]},{"damage_healed":0.0,"max_hp_gain":0.0,"max_hp_loss":0.0,"gold_gain":0.0,"event_name":"Mushrooms","player_choice":"Fought Mushrooms","floor":12.0,"gold_loss":0.0,"damage_taken":0.0},{"damage_healed":0.0,"max_hp_gain":0.0,"max_hp_loss":0.0,"gold_gain":0.0,"event_name":"The Mausoleum","player_choice":"Ignored","floor":19.0,"gold_loss":0.0,"damage_taken":0.0},{"damage_healed":0.0,"max_hp_gain":0.0,"max_hp_loss":0.0,"gold_gain":0.0,"event_name":"The Joust","player_choice":"Bet on Owner","floor":20.0,"gold_loss":50.0,"damage_taken":0.0},{"damage_healed":0.0,"max_hp_gain":0.0,"max_hp_loss":23.0,"gold_gain":0.0,"event_name":"Vampires","player_choice":"Became a vampire","floor":31.0,"gold_loss":0.0,"damage_taken":0.0,"cards_obtained":["Bite","Bite","Bite","Bite","Bite"]}],"is_beta":false,"boss_relics":[{"not_picked":["Snecko Eye","Empty Cage"],"picked":"Pandora\u0027s Box"},{"not_picked":["HoveringKite","Eternal Feather"],"picked":"Sozu"}],"items_purged_floors":[29],"is_endless":false,"potions_floor_spawned":[3,4,11,16,24,28,30,33,36],"killed_by":"Spire Growth","ascension_level":20}