{"gold_per_floor":[116,126,126,76,76,102,102,102,102,120,136,168,198,210,210,314,314,333,348,365,21,34,34,109,72,99,116,126,126,154,57,57,57],"floor_reached":33,"playtime":1170,"items_purged":["Defend_R"],"score":302,"play_id":"f469a978-4bfd-49a8-8226-ec276e43f3c1","local_time":"20190302105318","is_ascension_mode":false,"campfire_choices":[{"data":"Double Tap","floor":8,"key":"SMITH"},{"floor":15,"key":"REST"},{"data":"Whirlwind","floor":23,"key":"SMITH"},{"data":"Spot Weakness","floor":32,"key":"SMITH"}],"neow_cost":"NONE","seed_source_timestamp":724459151114697,"circlet_count":0,"master_deck":["Strike_R","Strike_R","Strike_R+1","Strike_R","Strike_R","Defend_R+1","Bash","Double Tap+1","Perfected Strike","Whirlwind+1","Heavy Blade","Infernal Blade","Shrug It Off","Pommel Strike","Feed","Evolve","Headbutt","Secret Weapon","Pommel Strike+1","Whirlwind","Armaments","Burning Pact+1","Spot Weakness+1","Thunderclap"],"relics":["Burning Blood","Blue Candle","Ginger","Peace Pipe","Odd Mushroom","Mark of Pain","Lantern","Bronze Scales","Bag of Preparation"],"potions_floor_usage":[13,13,13,27,33,33,33],"damage_taken":[{"damage":6,"enemies":"Jaw Worm","floor":1,"turns":3},{"damage":10,"enemies":"Small Slimes","floor":2,"turns":3},{"damage":45,"enemies":"3 Sentries","floor":6,"turns":5},{"damage":0,"enemies":"Cultist","floor":10,"turns":2},{"damage":6,"enemies":"2 Fungi Beasts","floor":11,"turns":2},{"damage":15,"enemies":"Lagavulin","floor":12,"turns":5},{"damage":9,"enemies":"The Mushroom Lair","floor":13,"turns":3},{"damage":9,"enemies":"Blue Slaver","floor":14,"turns":3},{"damage":24,"enemies":"Slime Boss","floor":16,"turns":7},{"damage":0,"enemies":"3 Byrds","floor":18,"turns":4},{"damage":30,"enemies":"2 Thieves","floor":19,"turns":4},{"damage":12,"enemies":"Snake Plant","floor":20,"turns":3},{"damage":28,"enemies":"3 Cultists","floor":22,"turns":4},{"damage":9,"enemies":"Chosen and Byrds","floor":27,"turns":3},{"damage":0,"enemies":"Snake Plant","floor":28,"turns":3},{"damage":0,"enemies":"Gremlin Leader","floor":30,"turns":4},{"damage":93,"enemies":"Automaton","floor":33,"turns":6}],"seed_played":"7106616260300137822","potions_obtained":[{"floor":6,"key":"BloodPotion"},{"floor":11,"key":"GamblersBrew"},{"floor":12,"key":"SkillPotion"},{"floor":14,"key":"GamblersBrew"},{"floor":16,"key":"SpeedPotion"},{"floor":19,"key":"Swift Potion"},{"floor":22,"key":"SteroidPotion"},{"floor":28,"key":"Fire Potion"}],"is_trial":false,"path_per_floor":["M","M","?","?","?","E","?","R","T","M","M","E","?","M","R","B",null,"M","M","M","$","M","R","?","$","T","M","M","?","E","$","R","B"],"character_chosen":"IRONCLAD","items_purchased":["Secret Weapon","Lantern","Whirlwind","Thunderclap"],"campfire_rested":1,"item_purchase_floors":[21,21,25,31],"current_hp_per_floor":[80,76,69,69,69,30,14,14,14,20,20,11,16,13,37,19,80,80,59,56,56,37,37,29,29,29,26,32,61,67,67,67,0],"gold":57,"neow_bonus":"ONE_RANDOM_RARE_CARD","is_prod":false,"is_daily":false,"chose_seed":false,"campfire_upgraded":3,"win_rate":0,"timestamp":1551523998,"path_taken":["M","M","?","?","?","E","?","R","T","M","?","E","?","M","R","BOSS","M","M","M","$","M","R","?","?","T","M","M","?","E","$","R","BOSS"],"build_version":"2019-01-23","purchased_purges":1,"victory":false,"max_hp_per_floor":[80,80,80,80,80,80,80,80,80,80,80,80,80,80,80,80,80,80,83,86,86,89,89,89,89,89,89,89,89,89,89,89,89],"card_choices":[{"not_picked":["Body Slam","Sword Boomerang"],"picked":"Perfected Strike","floor":1},{"not_picked":["Fiend Fire","Pommel Strike"],"picked":"Whirlwind","floor":2},{"not_picked":["Shrug It Off","Clash"],"picked":"Heavy Blade","floor":6},{"not_picked":["Dropkick","Armaments"],"picked":"Infernal Blade","floor":10},{"not_picked":["Sword Boomerang","Carnage"],"picked":"Shrug It Off","floor":11},{"not_picked":["Dual Wield","Sentinel"],"picked":"Pommel Strike","floor":12},{"not_picked":["Warcry","Cleave","Berserk"],"picked":"SKIP","floor":14},{"not_picked":["Double Tap","Barricade"],"picked":"Feed","floor":16},{"not_picked":["Wild Strike+1","Havoc"],"picked":"Evolve","floor":18},{"not_picked":["Havoc+1","Warcry"],"picked":"Headbutt","floor":19},{"not_picked":["Sentinel","True Grit","Sword Boomerang"],"picked":"SKIP","floor":20},{"not_picked":["Twin Strike+1","True Grit"],"picked":"Pommel Strike+1","floor":22},{"not_picked":["Anger","Rampage"],"picked":"Armaments","floor":27},{"not_picked":["Berserk","Heavy Blade"],"picked":"Burning Pact+1","floor":28},{"not_picked":["Twin Strike+1","Metallicize+1"],"picked":"Spot Weakness","floor":30}],"player_experience":537042,"relics_obtained":[{"floor":6,"key":"Blue Candle"},{"floor":9,"key":"Ginger"},{"floor":12,"key":"Peace Pipe"},{"floor":13,"key":"Odd Mushroom"},{"floor":26,"key":"Bronze Scales"},{"floor":30,"key":"Bag of Preparation"}],"event_choices":[{"cards_removed":["Defend_R"],"damage_healed":0,"gold_gain":0,"player_choice":"Card Removal","damage_taken":7,"max_hp_gain":0,"max_hp_loss":0,"event_name":"Golden Wing","floor":3,"gold_loss":0},{"cards_removed":["Defend_R"],"damage_healed":0,"gold_gain":0,"player_choice":"Card Removal","damage_taken":0,"max_hp_gain":0,"max_hp_loss":0,"event_name":"The Cleric","floor":4,"gold_loss":50},{"damage_healed":0,"gold_gain":0,"player_choice":"Ignored","damage_taken":0,"max_hp_gain":0,"max_hp_loss":0,"event_name":"Liars Game","floor":5,"gold_loss":0},{"damage_healed":0,"gold_gain":0,"player_choice":"Entered Light","damage_taken":16,"max_hp_gain":0,"max_hp_loss":0,"event_name":"Shining Light","floor":7,"gold_loss":0,"cards_upgraded":["Defend_R","Strike_R"]},{"damage_healed":0,"gold_gain":0,"player_choice":"Fought Mushrooms","damage_taken":0,"max_hp_gain":0,"max_hp_loss":0,"event_name":"Mushrooms","floor":13,"gold_loss":0},{"damage_healed":0,"gold_gain":75,"player_choice":"Touch","damage_taken":8,"max_hp_gain":0,"max_hp_loss":0,"event_name":"FaceTrader","floor":24,"gold_loss":0},{"damage_healed":29,"gold_gain":0,"player_choice":"Heal","damage_taken":0,"max_hp_gain":0,"max_hp_loss":0,"event_name":"The Library","floor":29,"gold_loss":0}],"is_beta":false,"boss_relics":[{"not_picked":["Tiny House","Pandora\u0027s Box"],"picked":"Mark of Pain"}],"items_purged_floors":[31],"is_endless":false,"potions_floor_spawned":[6,11,12,14,16,19,22,28,30],"killed_by":"Automaton","ascension_level":0}