{"gold_per_floor":[144,161,161,173,185,185,218,238,265,265],"floor_reached":10,"playtime":611,"items_purged":[],"score":70,"play_id":"6c896d8e-1ca5-4aeb-bc39-c25687d454c9","local_time":"20190306210609","is_ascension_mode":false,"campfire_choices":[{"data":"Bash","floor":6,"key":"SMITH"}],"neow_cost":"NONE","seed_source_timestamp":0,"circlet_count":0,"master_deck":["Strike_R","Strike_R","Strike_R","Strike_R","Strike_R","Defend_R","Defend_R","Defend_R","Defend_R","Bash+1","Doubt","Heavy Blade","Flex","Reaper"],"relics":["Burning Blood","Tiny Chest","Pantograph","Vajra"],"potions_floor_usage":[7,10],"damage_taken":[{"damage":7,"enemies":"Small Slimes","floor":1,"turns":5},{"damage":5,"enemies":"Cultist","floor":2,"turns":4},{"damage":2,"enemies":"2 Louse","floor":4,"turns":3},{"damage":22,"enemies":"Exordium Wildlife","floor":5,"turns":5},{"damage":46,"enemies":"Lagavulin","floor":7,"turns":9},{"damage":11,"enemies":"Red Slaver","floor":8,"turns":3},{"damage":38,"enemies":"Exordium Thugs","floor":10,"turns":6}],"seed_played":"5310439052323905727","potions_obtained":[{"floor":4,"key":"Block Potion"},{"floor":7,"key":"Dexterity Potion"},{"floor":8,"key":"LiquidBronze"}],"is_trial":false,"path_per_floor":["M","M","?","M","M","R","E","M","T","M"],"character_chosen":"IRONCLAD","items_purchased":[],"campfire_rested":0,"item_purchase_floors":[],"current_hp_per_floor":[79,80,80,80,64,64,24,19,19,0],"gold":265,"neow_bonus":"RANDOM_COMMON_RELIC","is_prod":false,"is_daily":false,"chose_seed":true,"campfire_upgraded":1,"win_rate":0,"timestamp":1551906369,"path_taken":["M","M","?","M","M","R","E","M","T","?"],"build_version":"2019-01-23","purchased_purges":0,"victory":false,"max_hp_per_floor":[80,80,80,80,80,80,80,80,80,80],"card_choices":[{"not_picked":["Wild Strike","Headbutt"],"picked":"Whirlwind","floor":1},{"not_picked":["Dual Wield","Sword Boomerang","Warcry"],"picked":"SKIP","floor":2},{"not_picked":["Pommel Strike","Warcry"],"picked":"Heavy Blade","floor":4},{"not_picked":["Shrug It Off","Heavy Blade"],"picked":"Flex","floor":5},{"not_picked":["Flame Barrier","Dual Wield"],"picked":"Reaper","floor":7},{"not_picked":["Havoc","Bloodletting","Anger"],"picked":"SKIP","floor":8}],"player_experience":556671,"relics_obtained":[{"floor":7,"key":"Pantograph"},{"floor":9,"key":"Vajra"}],"event_choices":[{"cards_removed":["Whirlwind"],"damage_healed":0,"gold_gain":0,"player_choice":"Took Card","damage_taken":0,"max_hp_gain":0,"max_hp_loss":0,"event_name":"NoteForYourself","floor":3,"gold_loss":0,"cards_obtained":["Doubt"]}],"is_beta":false,"boss_relics":[],"items_purged_floors":[],"is_endless":false,"potions_floor_spawned":[4,7,8],"killed_by":"Exordium Thugs","ascension_level":0}