{"gold_per_floor":[118,136,136,1,15,15,42,42,42,42,105,117,142,152,152,223,223,241,221,221,221,231,257,257,285,285,285,297,297],"floor_reached":29,"playtime":2068,"items_purged":[],"score":566,"play_id":"120016d7-af6e-4dd1-9d34-81bc6ac63518","local_time":"20190619081833","is_ascension_mode":true,"campfire_choices":[{"data":"Static Discharge","floor":6.0,"key":"SMITH"},{"floor":8.0,"key":"REST"},{"data":"Go for the Eyes","floor":15.0,"key":"SMITH"},{"data":"Biased Cognition","floor":24.0,"key":"SMITH"},{"data":"Ghostly","floor":27,"key":"SMITH"}],"neow_cost":"NONE","seed_source_timestamp":0,"circlet_count":0,"master_deck":["AscendersBane","Strike_B+1","Strike_B+1","Defend_B","Defend_B+1","Defend_B","Defend_B","Zap","Dualcast","Steam","Gash+1","Static Discharge+1","FTL","Ball Lightning","Biased Cognition+1","Hologram","Leap","Go for the Eyes+1","Buffer","Chill","Genetic Algorithm","Ghostly+1","Ghostly","Ghostly","Compile Driver","Hologram","Defragment"],"special_seed":0,"relics":["Cracked Core","Matryoshka","Whetstone","Anchor","Tiny Chest","Ice Cream","Empty Cage","Dream Catcher","Sundial","Mummified Hand","Blue Candle"],"potions_floor_usage":[28],"damage_taken":[{"damage":7.0,"enemies":"Jaw Worm","floor":1.0,"turns":3.0},{"damage":1.0,"enemies":"Cultist","floor":2.0,"turns":4.0},{"damage":3.0,"enemies":"2 Louse","floor":5.0,"turns":3.0},{"damage":24.0,"enemies":"Lagavulin","floor":7.0,"turns":7.0},{"damage":8.0,"enemies":"Gremlin Nob","floor":11.0,"turns":3.0},{"damage":3.0,"enemies":"Blue Slaver","floor":12.0,"turns":3.0},{"damage":15.0,"enemies":"3 Sentries","floor":13.0,"turns":6.0},{"damage":0.0,"enemies":"Exordium Wildlife","floor":14.0,"turns":2.0},{"damage":11.0,"enemies":"Hexaghost","floor":16.0,"turns":6.0},{"damage":4.0,"enemies":"Shell Parasite","floor":18.0,"turns":5.0},{"damage":5.0,"enemies":"2 Thieves","floor":19.0,"turns":4.0},{"damage":6.0,"enemies":"Snake Plant","floor":22.0,"turns":5.0},{"damage":7.0,"enemies":"Slavers","floor":23.0,"turns":4.0},{"damage":4,"enemies":"Book of Stabbing","floor":25,"turns":5},{"damage":5,"enemies":"Shelled Parasite and Fungi","floor":28,"turns":6},{"damage":31,"enemies":"Gremlin Leader","floor":29,"turns":6}],"seed_played":"346396514087709512","potions_obtained":[{"floor":2.0,"key":"SpeedPotion"},{"floor":5.0,"key":"FairyPotion"},{"floor":13.0,"key":"Poison Potion"},{"floor":14.0,"key":"Regen Potion"},{"floor":16.0,"key":"SkillPotion"},{"floor":25,"key":"SpeedPotion"}],"is_trial":false,"path_per_floor":["M","M","?","$","M","R","E","R","T","?","E","M","E","M","R","B",null,"M","M","?","?","M","E","R","E","T","R","M","E"],"character_chosen":"DEFECT","items_purchased":["Gash","Static Discharge"],"campfire_rested":1,"item_purchase_floors":[4,4],"current_hp_per_floor":[64,63,40,40,37,37,13,36,36,36,28,25,10,10,10,14,62,58,53,53,39,33,26,26,22,22,22,17,0],"gold":297,"neow_bonus":"TEN_PERCENT_HP_BONUS","is_prod":false,"is_daily":false,"chose_seed":false,"campfire_upgraded":4,"win_rate":0,"timestamp":1560928713,"path_taken":["M","M","?","$","M","R","E","R","T","?","E","?","E","M","R","BOSS","M","M","?","?","M","E","R","E","T","R","M","E"],"build_version":"2019-01-23","purchased_purges":0,"victory":false,"max_hp_per_floor":[78,78,78,78,78,78,78,78,78,78,78,78,78,78,78,78,78,78,78,78,39,39,39,39,39,39,39,39,39],"card_choices":[{"not_picked":["Beam Cell","Chaos"],"picked":"Barrage","floor":1.0},{"not_picked":["Heatsinks","Barrage"],"picked":"Steam","floor":2.0},{"not_picked":["Turbo","Static Discharge"],"picked":"FTL","floor":5.0},{"not_picked":["Compile Driver","Streamline"],"picked":"Ball Lightning","floor":7.0},{"not_picked":["Static Discharge","Thunder Strike"],"picked":"Hologram","floor":11.0},{"not_picked":["Hologram","Redo"],"picked":"Leap","floor":12.0},{"not_picked":["Tempest","Darkness"],"picked":"Go for the Eyes","floor":13.0},{"not_picked":["Streamline","Storm","Stack"],"picked":"SKIP","floor":14.0},{"not_picked":["Machine Learning","Reboot"],"picked":"Buffer","floor":16.0},{"not_picked":["Rebound","Turbo"],"picked":"Chill","floor":18.0},{"not_picked":["Heatsinks","Coolheaded"],"picked":"Genetic Algorithm","floor":19.0},{"not_picked":["Scrape+1","Sweeping Beam","Undo"],"picked":"SKIP","floor":22.0},{"not_picked":["Amplify","Go for the Eyes+1"],"picked":"Compile Driver","floor":23.0},{"not_picked":["Machine Learning","Barrage"],"picked":"Hologram","floor":25},{"not_picked":["FTL","Go for the Eyes"],"picked":"Defragment","floor":28}],"player_experience":975974,"relics_obtained":[{"floor":7.0,"key":"Matryoshka"},{"floor":9.0,"key":"Whetstone"},{"floor":9.0,"key":"Anchor"},{"floor":11.0,"key":"Tiny Chest"},{"floor":13.0,"key":"Ice Cream"},{"floor":23.0,"key":"Dream Catcher"},{"floor":25,"key":"Sundial"},{"floor":26,"key":"Mummified Hand"},{"floor":26,"key":"Blue Candle"}],"event_choices":[{"damage_healed":0.0,"max_hp_gain":0.0,"max_hp_loss":0.0,"gold_gain":0.0,"event_name":"Shining Light","player_choice":"Entered Light","floor":3.0,"gold_loss":0.0,"damage_taken":23.0,"cards_upgraded":["Defend_B","Strike_B"]},{"damage_healed":0.0,"max_hp_gain":0.0,"max_hp_loss":0.0,"gold_gain":0.0,"cards_transformed":["Strike_B"],"event_name":"Transmorgrifier","player_choice":"Transformed","floor":10.0,"gold_loss":0.0,"damage_taken":0.0,"cards_obtained":["Biased Cognition"]},{"damage_healed":0.0,"max_hp_gain":0.0,"max_hp_loss":0.0,"gold_gain":0.0,"event_name":"Vampires","player_choice":"Ignored","floor":20.0,"gold_loss":0.0,"damage_taken":0.0},{"damage_healed":0.0,"max_hp_gain":0.0,"max_hp_loss":39.0,"gold_gain":0.0,"event_name":"Ghosts","player_choice":"Became a Ghost","floor":21.0,"gold_loss":0.0,"damage_taken":0.0,"cards_obtained":["Ghostly","Ghostly","Ghostly"]}],"is_beta":false,"boss_relics":[{"not_picked":["White Beast Statue","Tiny House"],"picked":"Empty Cage"}],"items_purged_floors":[],"is_endless":false,"potions_floor_spawned":[2,5,13,14,16,22,25],"killed_by":"Gremlin Leader","ascension_level":20}