{"path_per_floor":["M","?","?","$","?","E","R","E","T","E","M","E","?","M","R","B",null,"M","?","?","$","M","E","$","M","T","R","M","M","M","E","R","B",null,"M","?","M","$","?","R","E","$","T","M","E","R","M","?","R","B"],"character_chosen":"IRONCLAD","items_purchased":["Iron Wave","Toxic Egg 2","Pummel","Rampage","Whetstone","Centennial Puzzle","Vajra"],"gold_per_floor":[115,115,190,89,89,121,121,152,152,186,201,229,229,250,250,370,370,390,315,315,14,33,66,37,51,51,51,66,77,90,425,425,520,520,538,538,555,228,228,228,259,19,43,63,96,96,110,110,110,110],"floor_reached":51,"campfire_rested":1,"playtime":5500,"current_hp_per_floor":[80,73,62,62,46,52,52,58,58,31,37,43,43,48,48,70,74,59,59,59,59,51,15,15,14,14,51,59,45,53,71,71,74,74,74,65,68,68,68,68,74,74,74,74,74,74,67,67,67,47],"items_purged":["Strike_R","Defend_R","Strike_R","Defend_R"],"gold":110,"score":871,"play_id":"38271e73-550b-4e76-8656-5cc8b5dbc452","is_prod":false,"is_daily":false,"is_ascension_mode":true,"campfire_upgraded":6,"path_taken":["M","?","?","$","?","E","R","E","T","E","?","E","?","M","R","BOSS","M","?","?","$","M","E","?","M","T","R","?","?","M","E","R","BOSS","M","?","M","$","?","R","E","?","T","?","E","R","M","?","R","BOSS"],"build_version":"2018-02-12-PROD1","purchased_purges":4,"victory":true,"master_deck":["Strike_R+1","Defend_R+1","Defend_R+1","Bash+1","Iron Wave+1","Iron Wave+1","Barricade+1","Shrug It Off+1","Reaper","Inflame+1","Pummel","Body Slam+1","Rampage+1","Shrug It Off+1","Shockwave+1","Whirlwind+1","Limit Break+1","Impervious+1","Madness+1","Madness+1","Dual Wield+1","Pommel Strike+1","Metallicize+1"],"max_hp_per_floor":[80,80,80,80,80,80,80,80,80,80,80,80,74,74,74,74,74,74,74,74,74,74,74,74,74,74,74,74,74,74,74,74,74,74,74,74,74,74,74,74,74,74,74,74,74,74,74,74,74,74],"relics":["Burning Blood","NeowsBlessing","Regal Pillow","Pantograph","Champion Belt","The Courier","Prayer Wheel","Bronze Scales","Bloody Idol","Velvet Choker","Toxic Egg 2","Art of War","Blood Vial","Old Coin","Cursed Key","Whetstone","Centennial Puzzle","Omamori","Vajra","Happy Flower"],"card_choices":[{"not_picked":["Flame Barrier","Fire Breathing"],"picked":"Iron Wave"},{"not_picked":["Infernal Blade","Shockwave"],"picked":"Barricade"},{"not_picked":["Perfected Strike","Sword Boomerang"],"picked":"Shrug It Off"},{"not_picked":["Berserk","Feed"],"picked":"Reaper"},{"not_picked":["Sever Soul","Heavy Blade"],"picked":"Inflame"},{"not_picked":["Clothesline","Armaments"],"picked":"Body Slam"},{"not_picked":["Flex","Warcry"],"picked":"Shrug It Off"},{"not_picked":["Hemokinesis","Dropkick"],"picked":"Shockwave"},{"not_picked":["Perfected Strike","Twin Strike"],"picked":"Whirlwind"},{"not_picked":["Corruption","Seeing Red"],"picked":"Limit Break"},{"not_picked":["Berserk","Feed"],"picked":"Impervious"},{"not_picked":["Thunderclap","Rampage"],"picked":"Dual Wield"},{"not_picked":["Thunderclap","Perfected Strike"],"picked":"Pommel Strike"},{"not_picked":["Intimidate","Twin Strike"],"picked":"Metallicize"}],"player_experience":153589,"potions_floor_usage":[16,16,22,23,25,25,41,44,50,50,50],"damage_taken":[{"damage":0,"enemies":"2 Louse","floor":1,"turns":1},{"damage":0,"enemies":"Lagavulin","floor":6,"turns":1},{"damage":0,"enemies":"Gremlin Nob","floor":8,"turns":1},{"damage":33,"enemies":"3 Sentries","floor":10,"turns":11},{"damage":0,"enemies":"Small Slimes","floor":11,"turns":5},{"damage":0,"enemies":"Lagavulin","floor":12,"turns":10},{"damage":1,"enemies":"Jaw Worm","floor":14,"turns":4},{"damage":9,"enemies":"The Guardian","floor":16,"turns":11},{"damage":21,"enemies":"Shell Parasite","floor":18,"turns":7},{"damage":19,"enemies":"Spheric Guardian","floor":22,"turns":4},{"damage":65,"enemies":"Slavers","floor":23,"turns":7},{"damage":18,"enemies":"Snake Plant","floor":25,"turns":2},{"damage":13,"enemies":"Chosen and Byrds","floor":28,"turns":7},{"damage":27,"enemies":"Slaver and Parasite","floor":29,"turns":5},{"damage":11,"enemies":"Cultist and Chosen","floor":30,"turns":6},{"damage":0,"enemies":"Gremlin Leader","floor":31,"turns":6},{"damage":23,"enemies":"Collector","floor":33,"turns":8},{"damage":3,"enemies":"Orb Walker","floor":35,"turns":4},{"damage":20,"enemies":"3 Darklings","floor":37,"turns":4},{"damage":0,"enemies":"Giant Head","floor":41,"turns":6},{"damage":0,"enemies":"Maw","floor":44,"turns":6},{"damage":0,"enemies":"Nemesis","floor":45,"turns":4},{"damage":34,"enemies":"Sphere and 2 Shapes","floor":47,"turns":7},{"damage":33,"enemies":"Donu and Deca","floor":50,"turns":8}],"event_choices":[{"event_name":"Scrap Ooze","player_choice":"success","floor":2,"damage_taken":7},{"event_name":"World of Goop","player_choice":"Gather Gold","floor":3,"damage_taken":0},{"event_name":"Shining Light","player_choice":"Entered Light","floor":5,"damage_taken":0},{"event_name":"Golden Idol","player_choice":"Lose Max HP","floor":13,"damage_taken":0},{"event_name":"Beggar","player_choice":"Gave Gold","floor":19,"damage_taken":0},{"event_name":"Forgotten Altar","player_choice":"Gave Idol","floor":20,"damage_taken":0},{"event_name":"Winding Halls","player_choice":"Embrace Madness","floor":36,"damage_taken":0},{"event_name":"Purifier","player_choice":"One Purge","floor":39,"damage_taken":0},{"event_name":"Accursed Blacksmith","player_choice":"Forge","floor":48,"damage_taken":0}],"boss_relics":[{"not_picked":["Question Card","Runic Pyramid"],"picked":"Velvet Choker"},{"not_picked":["White Beast Statue","Black Blood"],"picked":"Cursed Key"}],"potions_floor_spawned":[6,11,12,14,16,18,23,25,29,37,41,44,47],"seed_played":"-5281487454187563460","ascension_level":2,"is_trial":false}