{"gold_per_floor":[116,132,28,28,40,40,70,70,70,100,123,208,220,242,254,340,352,375,387,399,411,442,486,498,526,538,26,39,39,59,73,73,150,150,170,104,123,123,123,154,166,184,184,202,228,228,99,118,118,118,118,118,118,18,49,49],"floor_reached":56,"playtime":6376,"items_purged":["Strike_R","Strike_R"],"score":1878,"play_id":"78742ef1-3f67-488c-a45f-37ba174ee7b8","local_time":"20190705135958","is_ascension_mode":true,"campfire_choices":[{"floor":6.0,"key":"REST"},{"floor":8.0,"key":"REST"},{"data":"Fiend Fire","floor":15.0,"key":"SMITH"},{"data":"Whirlwind","floor":24.0,"key":"SMITH"},{"data":"Battle Trance","floor":29.0,"key":"SMITH"},{"data":"Demon Form","floor":32.0,"key":"SMITH"},{"floor":46.0,"key":"RECALL"},{"data":"Feel No Pain","floor":49.0,"key":"SMITH"},{"data":"Armaments","floor":53.0,"key":"SMITH"}],"neow_cost":"PERCENT_DAMAGE","seed_source_timestamp":0,"circlet_count":0,"master_deck":["AscendersBane","Strike_R+1","Strike_R+1","Strike_R","Defend_R","Defend_R","Defend_R","Defend_R","Bash","Fiend Fire+1","Shrug It Off","Clothesline","Thunderclap","Headbutt","Feed","Armaments+1","Impervious","Whirlwind+1","Necronomicurse","Ghostly","Ghostly","Ghostly","Spot Weakness","Battle Trance+1","Demon Form+1","Master of Strategy","Havoc","Reaper","Shrug It Off","Burning Pact","Feel No Pain+1","Battle Trance","True Grit+1","Shockwave"],"special_seed":0,"relics":["Burning Blood","Ice Cream","Mummified Hand","MawBank","Velvet Choker","Necronomicon","Self Forming Clay","Dream Catcher","Meat on the Bone","Pen Nib","Snecko Eye","Bag of Marbles","Vajra","Art of War","Unceasing Top"],"potions_floor_usage":[56,56],"damage_taken":[{"damage":15.0,"enemies":"Small Slimes","floor":1.0,"turns":5.0},{"damage":3.0,"enemies":"2 Louse","floor":2.0,"turns":3.0},{"damage":4.0,"enemies":"Jaw Worm","floor":5.0,"turns":3.0},{"damage":32.0,"enemies":"3 Sentries","floor":7.0,"turns":8.0},{"damage":15.0,"enemies":"Lagavulin","floor":10.0,"turns":6.0},{"damage":15.0,"enemies":"Large Slime","floor":11.0,"turns":5.0},{"damage":15.0,"enemies":"Exordium Wildlife","floor":14.0,"turns":4.0},{"damage":19.0,"enemies":"Slime Boss","floor":16.0,"turns":10.0},{"damage":6.0,"enemies":"2 Thieves","floor":18.0,"turns":4.0},{"damage":1.0,"enemies":"Spheric Guardian","floor":22.0,"turns":4.0},{"damage":21.0,"enemies":"Slavers","floor":23.0,"turns":6.0},{"damage":1.0,"enemies":"Centurion and Healer","floor":25.0,"turns":9.0},{"damage":13.0,"enemies":"Snake Plant","floor":28.0,"turns":5.0},{"damage":26.0,"enemies":"Chosen and Byrds","floor":30.0,"turns":6.0},{"damage":1.0,"enemies":"Snecko","floor":31.0,"turns":5.0},{"damage":15.0,"enemies":"Champ","floor":33.0,"turns":5.0},{"damage":23.0,"enemies":"3 Shapes","floor":35.0,"turns":11.0},{"damage":4.0,"enemies":"3 Darklings","floor":37.0,"turns":5.0},{"damage":14.0,"enemies":"Giant Head","floor":40.0,"turns":6.0},{"damage":2.0,"enemies":"Transient","floor":41.0,"turns":6.0},{"damage":1.0,"enemies":"Maw","floor":42.0,"turns":6.0},{"damage":8.0,"enemies":"4 Shapes","floor":44.0,"turns":4.0},{"damage":8.0,"enemies":"Nemesis","floor":45.0,"turns":5.0},{"damage":5.0,"enemies":"Sphere and 2 Shapes","floor":48.0,"turns":1.0},{"damage":12.0,"enemies":"Donu and Deca","floor":50.0,"turns":8.0},{"damage":54.0,"enemies":"Awakened One","floor":51.0,"turns":8.0},{"damage":3.0,"enemies":"Shield and Spear","floor":55.0,"turns":4.0},{"damage":81,"enemies":"The Heart","floor":56,"turns":6}],"seed_played":"4024829755925778292","potions_obtained":[{"floor":2.0,"key":"Fire Potion"},{"floor":14.0,"key":"Weak Potion"},{"floor":16.0,"key":"Poison Potion"},{"floor":25.0,"key":"Dexterity Potion"},{"floor":28.0,"key":"AttackPotion"},{"floor":31.0,"key":"Dexterity Potion"},{"floor":33.0,"key":"Fruit Juice"},{"floor":40.0,"key":"Poison Potion"},{"floor":44.0,"key":"PowerPotion"}],"is_trial":false,"path_per_floor":["M","M","$","?","M","R","E","R","T","E","M","?","$","M","R","B",null,"M","?","T","?","M","E","R","M","T","$","M","R","M","M","R","B",null,"M","?","M","?","?","E","M","M","T","M","E","R","$","M","R","B","B",null,"R","$","E","B"],"character_chosen":"IRONCLAD","items_purchased":["Thunderclap","Pen Nib","Demon Form","Master of Strategy","Feel No Pain","Battle Trance"],"campfire_rested":2,"item_purchase_floors":[3,27,27,27,47,47],"current_hp_per_floor":[41,44,44,21,23,45,19,41,41,32,26,26,26,20,20,7,63,66,45,45,42,42,30,30,38,38,38,34,34,29,34,34,37,50,47,47,65,65,65,65,65,65,65,68,70,70,70,74,74,71,74,79,79,79,80,0],"gold":49,"neow_bonus":"THREE_RARE_CARDS","is_prod":false,"is_daily":false,"chose_seed":false,"campfire_upgraded":6,"win_rate":0,"timestamp":1562331598,"path_taken":["M","M","$","?","M","R","E","R","T","E","M","?","$","M","R","BOSS","M","?","?","?","M","E","R","M","T","$","M","R","?","M","R","BOSS","M","?","?","?","?","E","M","M","T","M","E","R","$","M","R","BOSS","BOSS","R","$","E","BOSS"],"build_version":"2019-07-01","purchased_purges":2,"victory":false,"max_hp_per_floor":[75,75,75,75,75,75,75,75,75,75,78,78,78,81,81,81,81,84,84,84,42,42,45,45,48,48,48,51,51,54,54,54,54,54,62,62,65,65,65,65,65,65,65,68,71,71,71,74,74,77,80,80,80,80,80,80],"card_choices":[{"not_picked":["Barricade","Demon Form"],"picked":"Fiend Fire","floor":0.0},{"not_picked":["Iron Wave","Sever Soul"],"picked":"Shrug It Off","floor":1.0},{"not_picked":["Seeing Red","Perfected Strike"],"picked":"Clothesline","floor":2.0},{"not_picked":["Thunderclap","Clash"],"picked":"Headbutt","floor":5.0},{"not_picked":["Perfected Strike","Rampage"],"picked":"Feed","floor":7.0},{"not_picked":["Clash","Wild Strike","Fire Breathing"],"picked":"SKIP","floor":10.0},{"not_picked":["Iron Wave","True Grit"],"picked":"Armaments","floor":11.0},{"not_picked":["Wild Strike","Second Wind","Rupture"],"picked":"SKIP","floor":14.0},{"not_picked":["Fiend Fire","Juggernaut"],"picked":"Impervious","floor":16.0},{"not_picked":["Disarm","Wild Strike"],"picked":"Whirlwind","floor":18.0},{"not_picked":["True Grit","Shrug It Off+1"],"picked":"Spot Weakness","floor":22.0},{"not_picked":["Seeing Red","Warcry","Armaments"],"picked":"SKIP","floor":23.0},{"not_picked":["Headbutt","Pommel Strike"],"picked":"Battle Trance","floor":25.0},{"not_picked":["Iron Wave","Headbutt","Sword Boomerang"],"picked":"SKIP","floor":28.0},{"not_picked":["Iron Wave","Headbutt","Sword Boomerang"],"picked":"SKIP","floor":28.0},{"not_picked":["Thunderclap","Warcry"],"picked":"Havoc","floor":30.0},{"not_picked":["Iron Wave","Heavy Blade"],"picked":"True Grit+1","floor":31.0},{"not_picked":["Impervious","Offering"],"picked":"Reaper","floor":33.0},{"not_picked":["Flex","Rupture","Twin Strike+1"],"picked":"SKIP","floor":35.0},{"not_picked":["Clothesline","Sever Soul","Pommel Strike"],"picked":"SKIP","floor":37.0},{"not_picked":["Perfected Strike","True Grit"],"picked":"Shrug It Off","floor":40.0},{"not_picked":["Flex","True Grit","Cleave"],"picked":"SKIP","floor":41.0},{"not_picked":["Flex","True Grit","Cleave"],"picked":"SKIP","floor":41.0},{"not_picked":["Flex","Body Slam","Clothesline"],"picked":"SKIP","floor":42.0},{"not_picked":["Perfected Strike","Fire Breathing","Twin Strike"],"picked":"SKIP","floor":44.0},{"not_picked":["Twin Strike","Cleave"],"picked":"Burning Pact","floor":45.0},{"not_picked":["Seeing Red","Anger"],"picked":"True Grit+1","floor":48.0},{"not_picked":["Havoc+1","Inflame"],"picked":"Shockwave","floor":55.0}],"player_experience":1002120,"relics_obtained":[{"floor":7.0,"key":"Ice Cream"},{"floor":9.0,"key":"Mummified Hand"},{"floor":10.0,"key":"MawBank"},{"floor":19.0,"key":"Necronomicon"},{"floor":20.0,"key":"Self Forming Clay"},{"floor":23.0,"key":"Dream Catcher"},{"floor":26.0,"key":"Meat on the Bone"},{"floor":40.0,"key":"Vajra"},{"floor":45.0,"key":"Art of War"},{"floor":55.0,"key":"Unceasing Top"}],"event_choices":[{"damage_healed":0.0,"max_hp_gain":0.0,"max_hp_loss":0.0,"gold_gain":0.0,"event_name":"Shining Light","player_choice":"Entered Light","floor":4.0,"gold_loss":0.0,"damage_taken":23.0,"cards_upgraded":["Strike_R","Strike_R"]},{"damage_healed":0.0,"max_hp_gain":0.0,"max_hp_loss":0.0,"gold_gain":73.0,"event_name":"Golden Wing","player_choice":"Gained Gold","floor":12.0,"gold_loss":0.0,"damage_taken":0.0},{"damage_healed":0.0,"max_hp_gain":0.0,"max_hp_loss":0.0,"gold_gain":0.0,"event_name":"Cursed Tome","player_choice":"Obtained Book","floor":19.0,"gold_loss":0.0,"damage_taken":21.0},{"damage_healed":0.0,"max_hp_gain":0.0,"max_hp_loss":42.0,"gold_gain":0.0,"event_name":"Ghosts","player_choice":"Became a Ghost","floor":21.0,"gold_loss":0.0,"damage_taken":0.0,"cards_obtained":["Ghostly","Ghostly","Ghostly"]},{"damage_healed":0.0,"max_hp_gain":0.0,"max_hp_loss":0.0,"gold_gain":0.0,"event_name":"WeMeetAgain","player_choice":"Paid Gold","floor":36.0,"gold_loss":66.0,"damage_taken":0.0,"relics_obtained":["Bag of Marbles"]},{"cards_removed":["True Grit"],"damage_healed":0.0,"max_hp_gain":0.0,"max_hp_loss":0.0,"gold_gain":0.0,"event_name":"Falling","player_choice":"Removed Skill","floor":38.0,"gold_loss":0.0,"damage_taken":0.0},{"damage_healed":0.0,"max_hp_gain":0.0,"max_hp_loss":0.0,"gold_gain":0.0,"event_name":"SensoryStone","player_choice":"Memory 1","floor":39.0,"gold_loss":0.0,"damage_taken":0.0}],"is_beta":false,"boss_relics":[{"not_picked":["White Beast Statue","Sozu"],"picked":"Velvet Choker"},{"not_picked":["Orrery","Eternal Feather"],"picked":"Snecko Eye"}],"items_purged_floors":[3,54],"is_endless":false,"potions_floor_spawned":[2,14,16,25,28,31,33,40,41,44,45,55],"killed_by":"The Heart","ascension_level":20}