{"gold_per_floor":[118,136,136,152,166,198,198,211,211,243,243,243,255,0,0,72,72,91,101,101,201,126,156,156,170,170,185,41,41,53,65,65,139,139,149,1148,1167,19,29,57,57,57,57,73,73,102,114,127,127,127],"floor_reached":51,"playtime":6443,"items_purged":["Strike_G","Strike_G","Normality"],"score":1421,"play_id":"d9d17340-c60f-4ad3-ada3-93e904a221db","local_time":"20190413125938","is_ascension_mode":true,"campfire_choices":[{"data":"Skewer","floor":7.0,"key":"SMITH"},{"data":"Crippling Poison","floor":11.0,"key":"SMITH"},{"data":"Deadly Poison","floor":15.0,"key":"SMITH"},{"data":"Wraith Form v2","floor":24.0,"key":"SMITH"},{"floor":29.0,"key":"REST"},{"data":"Footwork","floor":32.0,"key":"SMITH"},{"data":"Wraith Form v2","floor":41,"key":"SMITH"},{"floor":45,"key":"REST"},{"floor":49,"key":"REST"}],"neow_cost":"NONE","seed_source_timestamp":139131222698734,"circlet_count":0,"master_deck":["AscendersBane","Defend_G","Defend_G","Defend_G","Defend_G","Defend_G","Strike_G","Strike_G","Survivor","Neutralize+1","Flechettes+1","Crippling Poison+1","Skewer+1","Dodge and Roll","PiercingWail","Quick Slash","Die Die Die","Deadly Poison+1","Caltrops","Wraith Form v2+1","Dodge and Roll","PiercingWail","Backstab","Footwork+1","Escape Plan","Escape Plan","Bouncing Flask+1","Wraith Form v2+1","Footwork+1","Normality","Dagger Throw+1","Acrobatics","PiercingWail","Deadly Poison","Accuracy+1","Infinite Blades+1","Caltrops+1","Envenom+1","Magnetism+1","Footwork+1","Leg Sweep"],"special_seed":0,"relics":["Ring of the Serpent","Mummified Hand","Bottled Flame","Dodecahedron","Velvet Choker","MutagenicStrength","Gambling Chip","The Courier","Paper Crane","Art of War","Membership Card","Dead Branch","Frozen Egg 2","Snake Skull","Mercury Hourglass","Anchor","Lantern","Tiny Chest","Bronze Scales","Ornamental Fan","Calipers","Blue Candle"],"potions_floor_usage":[33,44,50,50],"damage_taken":[{"damage":0.0,"enemies":"Jaw Worm","floor":1.0,"turns":5.0},{"damage":0.0,"enemies":"Cultist","floor":2.0,"turns":3.0},{"damage":6.0,"enemies":"Small Slimes","floor":4.0,"turns":5.0},{"damage":3.0,"enemies":"Looter","floor":5.0,"turns":4.0},{"damage":29.0,"enemies":"Gremlin Nob","floor":6.0,"turns":5.0},{"damage":1.0,"enemies":"Blue Slaver","floor":8.0,"turns":4.0},{"damage":6.0,"enemies":"3 Sentries","floor":10.0,"turns":6.0},{"damage":3.0,"enemies":"Large Slime","floor":13.0,"turns":4.0},{"damage":3.0,"enemies":"Hexaghost","floor":16.0,"turns":9.0},{"damage":4.0,"enemies":"Spheric Guardian","floor":18.0,"turns":5.0},{"damage":18.0,"enemies":"Shell Parasite","floor":19.0,"turns":6.0},{"damage":0.0,"enemies":"Colosseum Slavers","floor":21.0,"turns":4.0},{"damage":8.0,"enemies":"Colosseum Nobs","floor":21.0,"turns":5.0},{"damage":0.0,"enemies":"Gremlin Leader","floor":23.0,"turns":4.0},{"damage":12.0,"enemies":"Snake Plant","floor":25.0,"turns":3.0},{"damage":0.0,"enemies":"Cultist and Chosen","floor":27.0,"turns":6.0},{"damage":0.0,"enemies":"Chosen and Byrds","floor":30.0,"turns":5.0},{"damage":1.0,"enemies":"Snecko","floor":31.0,"turns":5.0},{"damage":33,"enemies":"Collector","floor":33,"turns":10},{"damage":1,"enemies":"3 Shapes","floor":35,"turns":6},{"damage":8,"enemies":"3 Darklings","floor":37,"turns":5},{"damage":1,"enemies":"Writhing Mass","floor":39,"turns":6},{"damage":9,"enemies":"Nemesis","floor":40,"turns":9},{"damage":2,"enemies":"Transient","floor":44,"turns":6},{"damage":7,"enemies":"Giant Head","floor":46,"turns":8},{"damage":1,"enemies":"3 Darklings","floor":47,"turns":3},{"damage":1,"enemies":"Jaw Worm Horde","floor":48,"turns":2},{"damage":30,"enemies":"Donu and Deca","floor":50,"turns":8}],"seed_played":"2478107318430560385","potions_obtained":[{"floor":2.0,"key":"SkillPotion"},{"floor":6.0,"key":"Swift Potion"},{"floor":13.0,"key":"Dexterity Potion"},{"floor":16.0,"key":"Explosive Potion"},{"floor":19.0,"key":"SkillPotion"},{"floor":30.0,"key":"Block Potion"},{"floor":33,"key":"SkillPotion"},{"floor":46,"key":"Strength Potion"}],"is_trial":false,"path_per_floor":["M","M","?","M","M","E","R","M","T","E","R","?","M","$","R","B",null,"M","M","?","?","?","E","R","M","T","M","$","R","M","M","R","B",null,"M","?","M","$","M","E","R","?","T","M","R","E","M","M","R","B",null],"character_chosen":"THE_SILENT","items_purchased":["Deadly Poison","Caltrops","GhostInAJar","Escape Plan","Membership Card","Acrobatics","PiercingWail","Deadly Poison","Dead Branch","Frozen Egg 2","Snake Skull","Accuracy+1","Infinite Blades+1","Caltrops+1","Envenom+1","Mercury Hourglass","Anchor","Lantern","Tiny Chest","Bronze Scales","Dexterity Potion","Magnetism+1"],"campfire_rested":3,"item_purchase_floors":[14,14,14,28,38,38,38,38,38,38,38,38,38,38,38,38,38,38,38,38,38,38],"current_hp_per_floor":[65,65,65,59,56,27,27,26,26,20,20,20,17,17,17,14,58,54,36,36,28,28,28,28,16,16,16,16,37,37,36,36,3,55,54,54,46,46,45,36,36,36,36,34,55,48,47,46,67,37],"gold":127,"neow_bonus":"TEN_PERCENT_HP_BONUS","is_prod":false,"is_daily":false,"chose_seed":false,"campfire_upgraded":6,"win_rate":0,"timestamp":1555156778,"path_taken":["M","M","?","M","?","E","R","M","T","E","R","?","M","$","R","BOSS","M","M","?","?","?","E","R","M","T","?","$","R","M","M","R","BOSS","M","?","M","$","M","E","R","?","T","M","R","E","M","?","R","BOSS"],"build_version":"2019-01-23","purchased_purges":3,"victory":true,"max_hp_per_floor":[72,72,72,72,72,72,72,72,72,72,72,72,72,72,72,72,72,72,72,72,72,72,72,72,72,72,72,72,72,72,72,72,72,72,72,72,72,72,72,72,72,72,72,72,72,72,72,72,72,72],"card_choices":[{"not_picked":["PiercingWail","Tactician"],"picked":"Flechettes","floor":1.0},{"not_picked":["Blade Dance","Terror","Expertise"],"picked":"SKIP","floor":2.0},{"not_picked":["PiercingWail","Backflip"],"picked":"Crippling Poison","floor":4.0},{"not_picked":["Sucker Punch","Choke"],"picked":"Skewer","floor":5.0},{"not_picked":["Deflect","Acrobatics"],"picked":"Dodge and Roll","floor":6.0},{"not_picked":["Poisoned Stab","Outmaneuver"],"picked":"PiercingWail","floor":8.0},{"not_picked":["Sucker Punch","Expertise"],"picked":"Quick Slash","floor":10.0},{"not_picked":["Quick Slash","PiercingWail"],"picked":"Die Die Die","floor":13.0},{"not_picked":["Tools of the Trade","Doppelganger"],"picked":"Wraith Form v2","floor":16.0},{"not_picked":["Slice","Infinite Blades"],"picked":"Dodge and Roll","floor":18.0},{"not_picked":["Reflex","Riddle With Holes"],"picked":"PiercingWail","floor":19.0},{"not_picked":["Slice","Quick Slash"],"picked":"Backstab","floor":23.0},{"not_picked":["Dagger Spray","Underhanded Strike"],"picked":"Footwork","floor":25.0},{"not_picked":["Blade Dance","Poisoned Stab","Dagger Throw"],"picked":"SKIP","floor":27.0},{"not_picked":["Deflect","Distraction+1"],"picked":"Escape Plan","floor":30.0},{"not_picked":["Prepared","Tactician"],"picked":"Bouncing Flask","floor":31.0},{"not_picked":["Glass Knife","After Image"],"picked":"Wraith Form v2","floor":33},{"not_picked":["PiercingWail+1","Masterful Stab+1"],"picked":"Footwork+1","floor":35},{"not_picked":["Prepared","Calculated Gamble"],"picked":"Dagger Throw+1","floor":37},{"not_picked":["Finisher","Sucker Punch+1","Slice+1"],"picked":"SKIP","floor":39},{"not_picked":["Bane+1","Dagger Throw"],"picked":"Footwork+1","floor":40},{"not_picked":["Phantasmal Killer","Poisoned Stab","Distraction"],"picked":"SKIP","floor":44},{"not_picked":["Dash","Crippling Poison","Infinite Blades+1"],"picked":"SKIP","floor":46},{"not_picked":["Predator","Quick Slash","Deadly Poison"],"picked":"SKIP","floor":47},{"not_picked":["Acrobatics","Dagger Spray+1"],"picked":"Leg Sweep","floor":48}],"player_experience":781865,"relics_obtained":[{"floor":6.0,"key":"Mummified Hand"},{"floor":9.0,"key":"Bottled Flame"},{"floor":10.0,"key":"Dodecahedron"},{"floor":21.0,"key":"Gambling Chip"},{"floor":21.0,"key":"The Courier"},{"floor":23.0,"key":"Paper Crane"},{"floor":26.0,"key":"Art of War"},{"floor":40,"key":"Ornamental Fan"},{"floor":43,"key":"Calipers"},{"floor":46,"key":"Blue Candle"}],"event_choices":[{"damage_healed":0.0,"max_hp_gain":0.0,"max_hp_loss":0.0,"gold_gain":0.0,"event_name":"Upgrade Shrine","player_choice":"Upgraded","floor":3.0,"gold_loss":0.0,"damage_taken":0.0,"cards_upgraded":["Flechettes"]},{"damage_healed":0.0,"max_hp_gain":0.0,"max_hp_loss":0.0,"gold_gain":0.0,"event_name":"Living Wall","player_choice":"Grow","floor":12.0,"gold_loss":0.0,"damage_taken":0.0,"cards_upgraded":["Neutralize"]},{"damage_healed":0.0,"max_hp_gain":0.0,"max_hp_loss":0.0,"gold_gain":0.0,"event_name":"Drug Dealer","player_choice":"Inject Mutagens","floor":20.0,"gold_loss":0.0,"damage_taken":0.0,"relics_obtained":["MutagenicStrength"]},{"damage_healed":0.0,"max_hp_gain":0.0,"max_hp_loss":0.0,"gold_gain":0.0,"event_name":"Colosseum","player_choice":"Fight","floor":21.0,"gold_loss":0.0,"damage_taken":0.0},{"damage_healed":0.0,"max_hp_gain":0.0,"max_hp_loss":0.0,"gold_gain":0.0,"event_name":"Colosseum","player_choice":"Fought Nobs","floor":21.0,"gold_loss":0.0,"damage_taken":0.0},{"cards_removed":["Strike_G"],"damage_healed":0.0,"max_hp_gain":0.0,"max_hp_loss":0.0,"gold_gain":0.0,"event_name":"Beggar","player_choice":"Gave Gold","floor":22.0,"gold_loss":75.0,"damage_taken":0.0},{"damage_healed":0,"gold_gain":999,"player_choice":"Gold","damage_taken":0,"max_hp_gain":0,"max_hp_loss":0,"event_name":"MindBloom","floor":36,"gold_loss":0,"cards_obtained":["Normality","Normality"]},{"damage_healed":0,"gold_gain":0,"player_choice":"Upgraded","damage_taken":0,"max_hp_gain":0,"max_hp_loss":0,"event_name":"Upgrade Shrine","floor":42,"gold_loss":0,"cards_upgraded":["Bouncing Flask"]}],"is_beta":false,"boss_relics":[{"not_picked":["Ectoplasm","Calling Bell"],"picked":"Velvet Choker"},{"not_picked":["Philosopher\u0027s Stone","Sozu"],"picked":"Ring of the Serpent"}],"items_purged_floors":[14,28,38],"is_endless":false,"potions_floor_spawned":[2,6,8,13,16,19,21,30,33,35,46,48],"ascension_level":17}