{"path_per_floor":["M","?","$","T","M","E","?","R","T","?","M","?","M","E","R","B",null,"M","M","$","?","M","E","?","E","T","M","R","M","?","$","R","B",null,"M","?","M","?","$","E"],"character_chosen":"THE_SILENT","items_purchased":["Toxic Egg 2","Outmaneuver","Blur"],"gold_per_floor":[212,212,137,137,155,182,203,203,230,230,248,248,259,286,286,388,388,408,418,36,36,48,82,82,108,108,127,127,139,54,15,15,116,116,127,127,144,144,19,53,53],"floor_reached":41,"campfire_rested":1,"playtime":3948,"current_hp_per_floor":[69,69,69,69,69,37,27,27,27,50,50,50,46,42,42,33,70,65,50,50,35,35,34,18,1,1,1,11,11,11,11,11,11,35,35,31,31,31,31,33,0],"items_purged":["Strike_G","Defend_G","Defend_G"],"gold":53,"score":592,"play_id":"ecece516-6b12-4f41-a832-1ab23255e244","local_time":"20180510215043","is_prod":false,"is_daily":false,"chose_seed":false,"is_ascension_mode":false,"campfire_upgraded":3,"timestamp":1525985443,"path_taken":["M","?","?","?","?","E","?","R","T","?","?","?","M","E","R","BOSS","M","M","$","?","M","E","?","E","T","M","R","?","?","?","R","BOSS","M","?","M","?","?","E","M"],"build_version":"2018-05-03","seed_source_timestamp":174758267062677,"purchased_purges":4,"victory":false,"master_deck":["Defend_G","Defend_G","Strike_G","Strike_G","Strike_G","Strike_G","Survivor+1","Neutralize+1","Endless Agony","Flying Knee","Escape Plan","Blade Dance+1","Tools of the Trade+1","Tactician","Dagger Spray+1","Backflip+1","Outmaneuver+1","Ghostly+1","Ghostly+1","Ghostly+1","Ghostly+1","Ghostly+1","Expertise+1","Flying Knee+1","Leg Sweep+1","Leg Sweep+1","PiercingWail+1","Blur+1","Burst+1","Infinite Blades","Madness+1","Madness+1","Skewer+1","Apotheosis+1"],"max_hp_per_floor":[70,70,70,70,70,70,70,70,70,70,70,70,70,70,70,70,70,70,70,70,35,35,35,35,35,35,35,35,35,35,35,35,35,35,35,35,35,35,35,37,37],"relics":["Ring of the Snake","Paper Crane","Ancient Tea Set","Odd Mushroom","Orichalcum","Bronze Scales","Sozu","Toxic Egg 2","Bag of Preparation","Enchiridion","The Specimen","Shuriken","Ornamental Fan","Singing Bowl"],"card_choices":[{"not_picked":["Dagger Throw","Eviscerate"],"picked":"Endless Agony","floor":1},{"not_picked":["Prepared","Poisoned Stab"],"picked":"Flying Knee","floor":6},{"not_picked":["Cloak And Dagger","Dagger Throw"],"picked":"Escape Plan","floor":7},{"not_picked":["Sucker Punch","Masterful Stab"],"picked":"Blade Dance","floor":13},{"not_picked":["Crippling Poison","Caltrops"],"picked":"Tools of the Trade","floor":14},{"not_picked":["Doppelganger","Grand Finale"],"picked":"Tactician","floor":16},{"not_picked":["Caltrops","Prepared"],"picked":"Dagger Spray","floor":18},{"not_picked":["Dagger Spray","Prepared"],"picked":"Backflip","floor":19},{"not_picked":["Predator","Cloak And Dagger"],"picked":"Expertise","floor":22},{"not_picked":["Predator","Distraction"],"picked":"Flying Knee","floor":23},{"not_picked":["Blade Dance","Tools of the Trade"],"picked":"Leg Sweep","floor":25},{"not_picked":["Outmaneuver","Dodge and Roll"],"picked":"Leg Sweep","floor":27},{"not_picked":["Endless Agony","Distraction"],"picked":"PiercingWail","floor":29},{"not_picked":["Adrenaline","Storm of Steel"],"picked":"Burst","floor":33},{"not_picked":["Flechettes","Accuracy"],"picked":"Infinite Blades","floor":35},{"not_picked":["Caltrops","Eviscerate"],"picked":"Skewer","floor":37},{"not_picked":["Blind","Dark Shackles"],"picked":"Apotheosis","floor":38}],"player_experience":227065,"potions_floor_usage":[6,7,14],"damage_taken":[{"damage":1,"enemies":"Jaw Worm","floor":1,"turns":6},{"damage":0,"enemies":"Cultist","floor":5,"turns":3},{"damage":32,"enemies":"Lagavulin","floor":6,"turns":7},{"damage":10,"enemies":"The Mushroom Lair","floor":7,"turns":5},{"damage":0,"enemies":"Small Slimes","floor":11,"turns":2},{"damage":4,"enemies":"Exordium Thugs","floor":13,"turns":4},{"damage":4,"enemies":"Gremlin Nob","floor":14,"turns":5},{"damage":9,"enemies":"Hexaghost","floor":16,"turns":10},{"damage":5,"enemies":"Shell Parasite","floor":18,"turns":5},{"damage":15,"enemies":"2 Thieves","floor":19,"turns":4},{"damage":0,"enemies":"Snake Plant","floor":22,"turns":5},{"damage":1,"enemies":"Book of Stabbing","floor":23,"turns":6},{"damage":17,"enemies":"Slavers","floor":25,"turns":6},{"damage":0,"enemies":"3 Cultists","floor":27,"turns":4},{"damage":0,"enemies":"Snecko","floor":29,"turns":7},{"damage":0,"enemies":"Champ","floor":33,"turns":12},{"damage":0,"enemies":"Orb Walker","floor":35,"turns":4},{"damage":0,"enemies":"3 Darklings","floor":37,"turns":5},{"damage":0,"enemies":"2 Orb Walkers","floor":40,"turns":5},{"damage":55,"enemies":"4 Shapes","floor":41,"turns":3}],"event_choices":[{"event_name":"Purifier","player_choice":"One Purge","floor":2,"damage_taken":0},{"event_name":"Mushrooms","player_choice":"Fought Mushrooms","floor":7,"damage_taken":0},{"event_name":"Big Fish","player_choice":"Banana","floor":10,"damage_taken":0},{"event_name":"Upgrade Shrine","player_choice":"Upgraded","floor":12,"damage_taken":0},{"event_name":"Ghosts","player_choice":"Became a Ghost","floor":21,"damage_taken":0},{"event_name":"Cursed Tome","player_choice":"Obtained Book","floor":24,"damage_taken":0},{"event_name":"Addict","player_choice":"Obtained Relic","floor":30,"damage_taken":0},{"event_name":"Winding Halls","player_choice":"Embrace Madness","floor":36,"damage_taken":0},{"event_name":"SensoryStone","player_choice":"Memory 1","floor":38,"damage_taken":0}],"boss_relics":[{"not_picked":["Tiny House","Astrolabe"],"picked":"Sozu"},{"not_picked":["White Beast Statue","Calling Bell","Runic Dome"]}],"potions_floor_spawned":[1,6,13,19,22,27],"seed_played":"-8587759792705692094","killed_by":"4 Shapes","ascension_level":0,"is_trial":false}