{"gold_per_floor":[114,124,124,124,68,98,98,131,131,131,162,176,194,21,21,97,97,116,127,127,143,159,159,170,202,202,202,229,241,273,296,308,398,410,434,457,469,481,510,522],"floor_reached":40,"playtime":5161,"items_purged":[],"score":971,"play_id":"109af5c6-5e37-48d4-87dc-857c65827ae2","local_time":"20190714001452","is_ascension_mode":true,"campfire_choices":[{"data":"Perfected Strike","floor":7,"key":"SMITH"},{"data":"Pommel Strike","floor":10,"key":"SMITH"},{"data":"Bash","floor":15,"key":"SMITH"},{"floor":23,"key":"REST"},{"floor":27,"key":"REST"},{"floor":29,"key":"REST"},{"floor":32,"key":"DIG"}],"neow_cost":"NONE","seed_source_timestamp":261196565703293,"circlet_count":0,"master_deck":["AscendersBane","Strike_R","Strike_R","Strike_R","Strike_R","Defend_R","Defend_R","Defend_R","Defend_R","Bash+1","Perfected Strike+1","Combust","Clothesline","Pommel Strike+1","Limit Break","Feed","Headbutt+1","Ghostly Armor+1","Pommel Strike+1","Flame Barrier","Inflame+1","Ghostly Armor+1","Immolate"],"relics":["Snecko Eye","Kunai","Self Forming Clay","Shuriken","Strawberry","Art of War","Cursed Key","Shovel","MawBank","Sundial","Velvet Choker"],"potions_floor_usage":[33,40],"damage_taken":[{"damage":2,"enemies":"2 Louse","floor":1,"turns":3},{"damage":0,"enemies":"Cultist","floor":2,"turns":2},{"damage":31,"enemies":"3 Sentries","floor":6,"turns":7},{"damage":0,"enemies":"Gremlin Nob","floor":8,"turns":2},{"damage":14,"enemies":"Lagavulin","floor":11,"turns":4},{"damage":0,"enemies":"Small Slimes","floor":12,"turns":1},{"damage":0,"enemies":"Gremlin Gang","floor":13,"turns":3},{"damage":28,"enemies":"Slime Boss","floor":16,"turns":5},{"damage":0,"enemies":"Chosen","floor":18,"turns":2},{"damage":14,"enemies":"2 Thieves","floor":19,"turns":3},{"damage":14,"enemies":"Snake Plant","floor":21,"turns":4},{"damage":36,"enemies":"Chosen and Byrds","floor":22,"turns":7},{"damage":2,"enemies":"3 Cultists","floor":24,"turns":3},{"damage":32,"enemies":"Slavers","floor":25,"turns":6},{"damage":34,"enemies":"Gremlin Leader","floor":28,"turns":4},{"damage":12,"enemies":"Cultist and Chosen","floor":30,"turns":5},{"damage":0,"enemies":"Sentry and Sphere","floor":31,"turns":3},{"damage":58,"enemies":"Collector","floor":33,"turns":7},{"damage":5,"enemies":"3 Shapes","floor":35,"turns":4},{"damage":23,"enemies":"Orb Walker","floor":36,"turns":4},{"damage":23,"enemies":"Writhing Mass","floor":39,"turns":6},{"damage":59,"enemies":"Giant Head","floor":40,"turns":5}],"seed_played":"5949156601706394154","potions_obtained":[{"floor":1,"key":"Ancient Potion"},{"floor":11,"key":"LiquidBronze"},{"floor":16,"key":"SpeedPotion"},{"floor":25,"key":"BloodPotion"},{"floor":33,"key":"PowerPotion"}],"is_trial":false,"path_per_floor":["M","M","?","?","$","E","R","E","T","R","E","M","M","$","R","B",null,"M","M","?","M","M","R","M","E","T","R","E","R","M","M","R","B",null,"M","M","?","?","M","E"],"character_chosen":"IRONCLAD","items_purchased":["Clothesline","Limit Break"],"campfire_rested":3,"item_purchase_floors":[5,14],"current_hp_per_floor":[66,66,71,71,71,40,40,40,47,47,33,33,33,33,33,5,67,70,59,59,48,15,44,45,16,16,47,13,44,32,35,35,4,82,80,60,60,60,37,0],"gold":522,"neow_bonus":"BOSS_RELIC","is_prod":false,"is_daily":false,"chose_seed":false,"campfire_upgraded":3,"win_rate":0,"timestamp":1563059692,"path_taken":["M","M","?","?","$","E","R","E","T","R","E","M","?","?","R","BOSS","M","M","?","M","M","R","?","E","T","R","E","R","?","M","R","BOSS","M","M","?","?","M","E"],"build_version":"2019-07-05","purchased_purges":0,"victory":false,"max_hp_per_floor":[75,75,80,80,80,80,80,80,87,87,87,87,87,87,87,87,87,90,93,93,96,99,99,102,105,105,105,105,105,105,108,108,108,108,111,114,114,108,108,108],"card_choices":[{"not_picked":["Inflame","Dual Wield"],"picked":"Perfected Strike","floor":1},{"not_picked":["Havoc","Flex"],"picked":"Combust","floor":2},{"not_picked":["Wild Strike","Perfected Strike"],"picked":"Pommel Strike","floor":6},{"not_picked":["Anger","Headbutt","Fire Breathing"],"picked":"SKIP","floor":8},{"not_picked":["Cleave","Wild Strike","Body Slam"],"picked":"SKIP","floor":11},{"not_picked":["Perfected Strike","Dropkick","Berserk"],"picked":"SKIP","floor":12},{"not_picked":["Pummel","Iron Wave","Reckless Charge"],"picked":"SKIP","floor":13},{"not_picked":["Exhume","Dark Embrace"],"picked":"Feed","floor":16},{"not_picked":["Body Slam","Cleave","Metallicize"],"picked":"SKIP","floor":18},{"not_picked":["Sword Boomerang+1","Heavy Blade"],"picked":"Headbutt+1","floor":19},{"not_picked":["Heavy Blade+1","Body Slam"],"picked":"Ghostly Armor+1","floor":21},{"not_picked":["Wild Strike","Juggernaut"],"picked":"Pommel Strike+1","floor":22},{"not_picked":["Whirlwind","Havoc"],"picked":"Flame Barrier","floor":24},{"not_picked":["Metallicize","Battle Trance","Rampage"],"picked":"SKIP","floor":25},{"not_picked":["True Grit","Thunderclap"],"picked":"Inflame+1","floor":28},{"not_picked":["Sword Boomerang","Body Slam"],"picked":"Ghostly Armor+1","floor":30},{"not_picked":["Clash","Inflame","Perfected Strike"],"picked":"SKIP","floor":31},{"not_picked":["Limit Break","Bludgeon"],"picked":"Immolate","floor":33},{"not_picked":["Pummel","Sever Soul","Clash"],"picked":"SKIP","floor":35},{"not_picked":["Havoc","Warcry","Iron Wave+1"],"picked":"SKIP","floor":36},{"not_picked":["Clash","Headbutt+1","Sword Boomerang"],"picked":"SKIP","floor":39}],"player_experience":1020801,"relics_obtained":[{"floor":6,"key":"Self Forming Clay"},{"floor":8,"key":"Shuriken"},{"floor":9,"key":"Strawberry"},{"floor":11,"key":"Art of War"},{"floor":25,"key":"Shovel"},{"floor":28,"key":"MawBank"},{"floor":32,"key":"Sundial"}],"event_choices":[{"damage_healed":0,"gold_gain":0,"player_choice":"Donut","damage_taken":0,"max_hp_gain":5,"max_hp_loss":0,"event_name":"Big Fish","floor":3,"gold_loss":0},{"damage_healed":0,"gold_gain":0,"player_choice":"Gave Potion","damage_taken":0,"relics_obtained":["Kunai"],"max_hp_gain":0,"max_hp_loss":0,"event_name":"WeMeetAgain","floor":4,"gold_loss":0},{"cards_removed":["Strike_R"],"damage_healed":0,"gold_gain":0,"player_choice":"Purged","damage_taken":0,"max_hp_gain":0,"max_hp_loss":0,"event_name":"Purifier","floor":20,"gold_loss":0},{"damage_healed":0,"gold_gain":0,"player_choice":"Ignored","damage_taken":0,"max_hp_gain":0,"max_hp_loss":0,"event_name":"Tomb of Lord Red Mask","floor":37,"gold_loss":0},{"damage_healed":0,"gold_gain":0,"player_choice":"Max HP","damage_taken":0,"max_hp_gain":0,"max_hp_loss":6,"event_name":"Winding Halls","floor":38,"gold_loss":0}],"is_beta":false,"boss_relics":[{"not_picked":["Astrolabe","Coffee Dripper"],"picked":"Cursed Key"},{"not_picked":["Philosopher\u0027s Stone","Busted Crown"],"picked":"Velvet Choker"}],"items_purged_floors":[],"is_endless":false,"potions_floor_spawned":[1,11,16,18,22,25,33,35],"killed_by":"Giant Head","ascension_level":20}