{"gold_per_floor":[113,130,146,163,113,146,146,159,159,170,170,198,198,6,6,6],"floor_reached":16,"playtime":792,"items_purged":["Strike_R"],"score":157,"play_id":"dbf93305-ac03-4a30-bb0a-dd9819004dd5","local_time":"20190222010725","is_ascension_mode":true,"campfire_choices":[{"data":"Searing Blow","floor":7,"key":"SMITH"},{"data":"Searing Blow+1","floor":11,"key":"SMITH"},{"floor":15,"key":"REST"}],"neow_cost":"NONE","seed_source_timestamp":398615987298482,"circlet_count":0,"master_deck":["Strike_R","Strike_R","Strike_R","Defend_R","Defend_R","Defend_R","Bash","Impervious","Searing Blow+2","Seeing Red","Rampage","True Grit","Clash","Clash","Deep Breath","Ghostly Armor"],"relics":["Burning Blood","Blue Candle","PreservedInsect","Boot"],"potions_floor_usage":[6,8,10],"damage_taken":[{"damage":5,"enemies":"2 Louse","floor":1,"turns":4},{"damage":9,"enemies":"Jaw Worm","floor":2,"turns":3},{"damage":5,"enemies":"Cultist","floor":3,"turns":4},{"damage":27,"enemies":"Exordium Wildlife","floor":4,"turns":6},{"damage":19,"enemies":"Gremlin Nob","floor":6,"turns":5},{"damage":3,"enemies":"Gremlin Gang","floor":8,"turns":2},{"damage":12,"enemies":"Large Slime","floor":10,"turns":5},{"damage":23,"enemies":"Lagavulin","floor":12,"turns":6},{"damage":42,"enemies":"Hexaghost","floor":16,"turns":8}],"seed_played":"-1952831317848766150","potions_obtained":[{"floor":1,"key":"EssenceOfSteel"},{"floor":4,"key":"Swift Potion"},{"floor":6,"key":"Explosive Potion"}],"is_trial":false,"path_per_floor":["M","M","M","M","?","E","R","M","T","M","R","E","?","$","R","B"],"character_chosen":"IRONCLAD","items_purchased":["Deep Breath","Ghostly Armor"],"campfire_rested":1,"item_purchase_floors":[14,14],"current_hp_per_floor":[73,70,71,50,50,37,37,40,40,34,34,17,17,17,41,0],"gold":6,"neow_bonus":"ONE_RANDOM_RARE_CARD","is_prod":false,"is_daily":false,"chose_seed":false,"campfire_upgraded":2,"win_rate":0,"timestamp":1550797645,"path_taken":["M","M","M","M","?","E","R","M","T","M","R","E","?","?","R","BOSS"],"build_version":"2019-01-23","purchased_purges":1,"victory":false,"max_hp_per_floor":[80,80,80,80,80,80,80,80,80,80,80,80,80,80,80,80],"card_choices":[{"not_picked":["Blood for Blood","Pommel Strike"],"picked":"Searing Blow","floor":1},{"not_picked":["Pommel Strike","Iron Wave"],"picked":"Seeing Red","floor":2},{"not_picked":["Searing Blow","Power Through"],"picked":"Rampage","floor":3},{"not_picked":["Clothesline","Flex"],"picked":"True Grit","floor":4},{"not_picked":["Barricade","Rage"],"picked":"Clash","floor":6},{"not_picked":["Burning Pact","Clothesline","Shrug It Off"],"picked":"SKIP","floor":8},{"not_picked":["Pummel","Blood for Blood","Twin Strike"],"picked":"SKIP","floor":10},{"not_picked":["Iron Wave","Disarm"],"picked":"Clash","floor":12}],"player_experience":469269,"relics_obtained":[{"floor":6,"key":"Blue Candle"},{"floor":9,"key":"PreservedInsect"},{"floor":12,"key":"Boot"}],"event_choices":[{"cards_removed":["Strike_R"],"damage_healed":0,"gold_gain":0,"player_choice":"Card Removal","damage_taken":0,"max_hp_gain":0,"max_hp_loss":0,"event_name":"The Cleric","floor":5,"gold_loss":50},{"cards_removed":["Defend_R"],"damage_healed":0,"gold_gain":0,"player_choice":"Forget","damage_taken":0,"max_hp_gain":0,"max_hp_loss":0,"event_name":"Living Wall","floor":13,"gold_loss":0}],"is_beta":false,"boss_relics":[],"items_purged_floors":[14],"is_endless":false,"potions_floor_spawned":[1,4,6],"killed_by":"Hexaghost","ascension_level":8}