{"gold_per_floor":[112,3,20,20,20,59,59,59,59,102,121,9,43,18,18,116,116,139,153,153,168,20,20],"floor_reached":23,"playtime":1658,"items_purged":[],"score":464,"play_id":"e48557e0-9208-42b9-8b7d-470220b07951","local_time":"20190727000741","is_ascension_mode":true,"campfire_choices":[{"floor":8,"key":"REST"},{"floor":15,"key":"REST"}],"neow_cost":"NONE","seed_source_timestamp":181874565669403,"circlet_count":0,"master_deck":["AscendersBane","Strike_B","Strike_B","Strike_B","Defend_B","Defend_B","Defend_B","Defend_B","Zap","Dualcast","Sweeping Beam","Rip and Tear","Steam","Go for the Eyes+1","Genetic Algorithm","Compile Driver","Creative AI+1","Self Repair+1","Genetic Algorithm","Biased Cognition+1","Conserve Battery","Echo Form+1","Cold Snap+1","Core Surge","Dark Shackles"],"relics":["FrozenCore","Golden Idol","Dead Branch","Pocketwatch","Frozen Egg 2","Symbiotic Virus"],"potions_floor_usage":[6,13,16,23,23],"damage_taken":[{"damage":4,"enemies":"Jaw Worm","floor":1,"turns":4},{"damage":0,"enemies":"2 Louse","floor":3,"turns":2},{"damage":29,"enemies":"3 Sentries","floor":6,"turns":7},{"damage":7,"enemies":"Lagavulin","floor":10,"turns":8},{"damage":0,"enemies":"Small Slimes","floor":11,"turns":3},{"damage":34,"enemies":"3 Sentries","floor":13,"turns":5},{"damage":5,"enemies":"Hexaghost","floor":16,"turns":9},{"damage":0,"enemies":"Chosen","floor":18,"turns":6},{"damage":0,"enemies":"Shell Parasite","floor":19,"turns":4},{"damage":0,"enemies":"Chosen and Byrds","floor":21,"turns":7},{"damage":76,"enemies":"Gremlin Leader","floor":23,"turns":12}],"seed_played":"-1388495338790880746","potions_obtained":[{"floor":0,"key":"Fire Potion"},{"floor":0,"key":"Poison Potion"},{"floor":6,"key":"Fire Potion"},{"floor":10,"key":"FocusPotion"},{"floor":19,"key":"SpeedPotion"}],"is_trial":false,"path_per_floor":["M","$","M","?","?","E","?","R","T","E","M","$","E","$","R","B",null,"M","M","?","M","$","E"],"character_chosen":"DEFECT","items_purchased":["Rip and Tear","Steam","Self Repair+1","Genetic Algorithm","Conserve Battery","Dark Shackles","Weak Potion"],"campfire_rested":2,"item_purchase_floors":[2,2,12,12,14,22,22],"current_hp_per_floor":[60,60,60,53,53,24,24,43,43,36,36,36,12,12,31,36,57,57,64,64,64,64,0],"gold":20,"neow_bonus":"THREE_SMALL_POTIONS","is_prod":false,"is_daily":false,"chose_seed":false,"campfire_upgraded":0,"win_rate":0,"timestamp":1564182461,"path_taken":["M","$","M","?","?","E","?","R","T","E","M","$","E","?","R","BOSS","M","M","?","M","$","E"],"build_version":"2019-07-17","purchased_purges":0,"victory":false,"max_hp_per_floor":[71,71,71,71,64,64,64,64,64,64,64,64,64,64,64,64,64,64,64,64,64,64,64],"card_choices":[{"not_picked":["Stack","Conserve Battery"],"picked":"Sweeping Beam","floor":1},{"not_picked":["Rebound","Blizzard"],"picked":"Go for the Eyes","floor":3},{"not_picked":["Aggregate","Chill"],"picked":"Genetic Algorithm","floor":6},{"not_picked":["Sweeping Beam","Sunder"],"picked":"Compile Driver","floor":10},{"not_picked":["Go for the Eyes","Stack"],"picked":"Creative AI+1","floor":11},{"not_picked":["Barrage","Sweeping Beam"],"picked":"Biased Cognition+1","floor":13},{"not_picked":["Machine Learning+1","Biased Cognition+1"],"picked":"Echo Form+1","floor":16},{"not_picked":["Auto Shields","Conserve Battery","Gash"],"picked":"SKIP","floor":18},{"not_picked":["Scrape","Conserve Battery+1"],"picked":"Cold Snap+1","floor":19},{"not_picked":["Rebound","Stack"],"picked":"Core Surge","floor":21}],"player_experience":1044957,"relics_obtained":[{"floor":6,"key":"Dead Branch"},{"floor":9,"key":"Pocketwatch"},{"floor":10,"key":"Frozen Egg 2"},{"floor":13,"key":"Symbiotic Virus"}],"event_choices":[{"cards_removed":["Strike_B"],"damage_healed":0,"gold_gain":0,"player_choice":"Card Removal","damage_taken":7,"max_hp_gain":0,"max_hp_loss":0,"event_name":"Golden Wing","floor":4,"gold_loss":0},{"damage_healed":0,"gold_gain":0,"player_choice":"Lose Max HP","damage_taken":0,"relics_obtained":["Golden Idol"],"max_hp_gain":0,"max_hp_loss":7,"event_name":"Golden Idol","floor":5,"gold_loss":0},{"damage_healed":0,"gold_gain":0,"player_choice":"Grow","damage_taken":0,"max_hp_gain":0,"max_hp_loss":0,"event_name":"Living Wall","floor":7,"gold_loss":0,"cards_upgraded":["Go for the Eyes"]},{"damage_healed":0,"gold_gain":0,"player_choice":"Ignored","damage_taken":0,"max_hp_gain":0,"max_hp_loss":0,"event_name":"Ghosts","floor":20,"gold_loss":0}],"is_beta":false,"boss_relics":[{"not_picked":["Coffee Dripper","Busted Crown"],"picked":"FrozenCore"}],"items_purged_floors":[],"is_endless":false,"potions_floor_spawned":[3,6,10,11,19],"killed_by":"Gremlin Leader","ascension_level":20}