{"gold_per_floor":[118,21,33,53,70,70,103,103,103,115,115,125,157,57,57,132,132,148,148,160,172,16,16,43,43,98,128,128,141,141,11,11,85,85,100,100,115,133,133,158,158],"floor_reached":41,"playtime":2981,"items_purged":["Strike_R"],"score":942,"play_id":"00371a99-58dc-4d2e-87ef-5a67872c8bc7","local_time":"20190810154742","is_ascension_mode":true,"campfire_choices":[{"data":"Perfected Strike","floor":6.0,"key":"SMITH"},{"floor":11.0,"key":"REST"},{"data":"True Grit","floor":15.0,"key":"SMITH"},{"data":"Demon Form","floor":23.0,"key":"SMITH"},{"data":"Thunderclap","floor":25.0,"key":"SMITH"},{"data":"Offering","floor":28.0,"key":"SMITH"},{"floor":30.0,"key":"REST"},{"floor":32.0,"key":"REST"}],"neow_cost":"NONE","seed_source_timestamp":0,"circlet_count":0,"master_deck":["AscendersBane","Strike_R","Strike_R","Strike_R","Defend_R","Defend_R","Defend_R","Defend_R","Bash+1","Shrug It Off","Thunderclap+1","Perfected Strike+1","Twin Strike+1","Headbutt+1","Immolate+1","True Grit+1","Demon Form+1","Sword Boomerang+1","Havoc+1","Reaper","Offering+1","Battle Trance","Corruption","Fiend Fire","Clothesline","Carnage","Parasite","True Grit","PanicButton"],"special_seed":0,"relics":["Burning Blood","Bronze Scales","FaceOfCleric","Dodecahedron","Bag of Preparation","Runic Dome","Nloth\u0027s Gift","Kunai","Tiny Chest","Paper Frog","Philosopher\u0027s Stone","StoneCalendar"],"potions_floor_usage":[40],"damage_taken":[{"damage":2.0,"enemies":"2 Louse","floor":1.0,"turns":4.0},{"damage":2.0,"enemies":"Cultist","floor":3.0,"turns":4.0},{"damage":2.0,"enemies":"Jaw Worm","floor":4.0,"turns":4.0},{"damage":32.0,"enemies":"Exordium Thugs","floor":5.0,"turns":6.0},{"damage":17.0,"enemies":"3 Sentries","floor":7.0,"turns":5.0},{"damage":8.0,"enemies":"Blue Slaver","floor":10.0,"turns":2.0},{"damage":6.0,"enemies":"Lots of Slimes","floor":12.0,"turns":3.0},{"damage":17.0,"enemies":"Lagavulin","floor":13.0,"turns":6.0},{"damage":44.0,"enemies":"The Guardian","floor":16.0,"turns":10.0},{"damage":21.0,"enemies":"Shell Parasite","floor":18.0,"turns":2.0},{"damage":19.0,"enemies":"3 Byrds","floor":20.0,"turns":3.0},{"damage":1.0,"enemies":"Cultist and Chosen","floor":21.0,"turns":5.0},{"damage":29.0,"enemies":"Gremlin Leader","floor":24.0,"turns":5.0},{"damage":44.0,"enemies":"Slavers","floor":27.0,"turns":4.0},{"damage":22.0,"enemies":"Centurion and Healer","floor":29.0,"turns":5.0},{"damage":23.0,"enemies":"Collector","floor":33.0,"turns":6.0},{"damage":41.0,"enemies":"3 Shapes","floor":35.0,"turns":7.0},{"damage":33.0,"enemies":"3 Darklings","floor":37.0,"turns":3.0},{"damage":14,"enemies":"Writhing Mass","floor":38,"turns":5},{"damage":79,"enemies":"Nemesis","floor":40,"turns":7},{"damage":66,"enemies":"Maw","floor":41,"turns":5}],"seed_played":"-3639544831302348189","potions_obtained":[{"floor":4.0,"key":"AttackPotion"},{"floor":5.0,"key":"Ancient Potion"},{"floor":13.0,"key":"AttackPotion"},{"floor":16.0,"key":"Fire Potion"},{"floor":27.0,"key":"GamblersBrew"},{"floor":38,"key":"BloodPotion"}],"is_trial":false,"path_per_floor":["M","?","M","M","M","R","E","?","T","M","R","M","E","$","R","B",null,"M","?","M","M","$","R","E","R","T","E","R","M","R","$","R","B",null,"M","?","M","M","?","E","M"],"character_chosen":"IRONCLAD","items_purchased":["True Grit","Reaper","Battle Trance","Corruption"],"campfire_rested":3,"item_purchase_floors":[14,22,31,31],"current_hp_per_floor":[72,72,75,75,49,49,38,38,38,37,59,60,50,50,50,13,63,49,49,37,43,43,43,59,59,59,30,30,23,48,48,73,78,84,87,87,87,88,83,61,0],"gold":158,"neow_bonus":"UPGRADE_CARD","is_prod":false,"is_daily":false,"chose_seed":false,"campfire_upgraded":5,"win_rate":0,"timestamp":1565448462,"path_taken":["M","?","M","M","?","R","E","?","T","M","R","M","E","?","R","BOSS","M","?","M","?","$","R","E","R","T","E","R","?","R","?","R","BOSS","M","?","?","M","?","E","M"],"build_version":"2019-07-17","purchased_purges":1,"victory":false,"max_hp_per_floor":[75,75,75,75,75,75,75,75,75,76,76,77,78,78,78,79,79,80,80,81,82,82,82,83,83,83,84,84,85,85,85,85,86,86,87,87,88,89,89,90,90],"card_choices":[{"not_picked":["Heavy Blade","Rupture","Cleave"],"picked":"SKIP","floor":1.0},{"not_picked":["Havoc","Combust"],"picked":"Shrug It Off","floor":3.0},{"not_picked":["Ghostly Armor","Body Slam"],"picked":"Thunderclap","floor":4.0},{"not_picked":["Whirlwind","Searing Blow"],"picked":"Perfected Strike","floor":5.0},{"not_picked":["Searing Blow","Rupture"],"picked":"Twin Strike","floor":7.0},{"not_picked":["Clash+1","Cleave+1"],"picked":"Headbutt+1","floor":10.0},{"not_picked":["Headbutt+1","Clash+1","Cleave+1"],"picked":"SKIP","floor":12.0},{"not_picked":["Headbutt+1","Sentinel"],"picked":"Immolate+1","floor":13.0},{"not_picked":["Immolate+1","Brutality"],"picked":"Demon Form","floor":16.0},{"not_picked":["Havoc","Sentinel+1"],"picked":"Sword Boomerang+1","floor":18.0},{"not_picked":["Headbutt","Sword Boomerang","Perfected Strike"],"picked":"SKIP","floor":20.0},{"not_picked":["Carnage","Clothesline"],"picked":"Havoc+1","floor":21.0},{"not_picked":["Armaments","Wild Strike","Pommel Strike"],"picked":"SKIP","floor":24.0},{"not_picked":["Exhume","Clothesline"],"picked":"Offering","floor":27.0},{"not_picked":["Perfected Strike","Dropkick","Combust"],"picked":"SKIP","floor":29.0},{"not_picked":["Perfected Strike","Dropkick","Combust"],"picked":"SKIP","floor":29.0},{"not_picked":["Double Tap","Feed"],"picked":"Fiend Fire","floor":33.0},{"not_picked":["Whirlwind","Havoc+1"],"picked":"Clothesline","floor":35.0},{"not_picked":["Warcry","Metallicize","Whirlwind"],"picked":"SKIP","floor":37.0},{"not_picked":["Whirlwind","Perfected Strike+1"],"picked":"True Grit","floor":38},{"not_picked":["Madness","Dramatic Entrance"],"picked":"PanicButton","floor":39},{"not_picked":["Entrench","Pummel","Carnage"],"picked":"SKIP","floor":40}],"player_experience":1066616,"relics_obtained":[{"floor":7.0,"key":"Molten Egg 2"},{"floor":9.0,"key":"Dodecahedron"},{"floor":13.0,"key":"Bag of Preparation"},{"floor":24.0,"key":"Kunai"},{"floor":26.0,"key":"Tiny Chest"},{"floor":27.0,"key":"Paper Frog"},{"floor":40,"key":"StoneCalendar"}],"event_choices":[{"damage_healed":0.0,"max_hp_gain":0.0,"max_hp_loss":0.0,"gold_gain":0.0,"event_name":"WeMeetAgain","player_choice":"Paid Gold","floor":2.0,"gold_loss":97.0,"damage_taken":0.0,"relics_obtained":["Bronze Scales"]},{"damage_healed":0.0,"max_hp_gain":0.0,"max_hp_loss":0.0,"gold_gain":0.0,"event_name":"FaceTrader","player_choice":"Trade","floor":8.0,"gold_loss":0.0,"damage_taken":0.0,"relics_obtained":["FaceOfCleric"]},{"damage_healed":0.0,"max_hp_gain":0.0,"max_hp_loss":0.0,"gold_gain":0.0,"event_name":"N\u0027loth","player_choice":"Traded Relic","floor":19.0,"relics_lost":["Molten Egg 2"],"gold_loss":0.0,"damage_taken":0.0,"relics_obtained":["Nloth\u0027s Gift"]},{"damage_healed":0.0,"max_hp_gain":0.0,"max_hp_loss":0.0,"gold_gain":0.0,"cards_transformed":["Strike_R"],"event_name":"Transmorgrifier","player_choice":"Transformed","floor":36.0,"gold_loss":0.0,"damage_taken":0.0,"cards_obtained":["Carnage"]},{"damage_healed":0,"gold_gain":0,"player_choice":"Memory 2","damage_taken":5,"max_hp_gain":0,"max_hp_loss":0,"event_name":"SensoryStone","floor":39,"gold_loss":0}],"is_beta":false,"boss_relics":[{"not_picked":["Astrolabe","White Beast Statue"],"picked":"Runic Dome"},{"not_picked":["Lizard Tail","Fusion Hammer"],"picked":"Philosopher\u0027s Stone"}],"items_purged_floors":[14],"is_endless":false,"potions_floor_spawned":[4,5,13,16,21,27,38],"killed_by":"Maw","ascension_level":20}