{"gold_per_floor":[117,117,17,36,36,36,47,47,47,64,89,46,57,87,87,158,158,170,6,16,16,16,16,45,45,72,84,10,10,23,55,67,150,162,186,198,49,149,160,160,0,0,26,26,53,70,84,97,97,97],"floor_reached":51,"playtime":3510,"items_purged":["Pain"],"score":1290,"play_id":"ab00d600-629e-4d49-828d-f7db4b2c8e9e","local_time":"20190411223525","is_ascension_mode":true,"campfire_choices":[{"data":"Bash","floor":6,"key":"SMITH"},{"floor":15,"key":"REST"},{"data":"Juggernaut","floor":23,"key":"SMITH"},{"data":"Body Slam","floor":25,"key":"SMITH"},{"floor":32,"key":"REST"},{"data":"Metallicize","floor":40,"key":"SMITH"},{"data":"Burning Pact","floor":42,"key":"SMITH"},{"floor":49,"key":"REST"}],"neow_cost":"NONE","seed_source_timestamp":4224522808522,"circlet_count":0,"master_deck":["AscendersBane","Defend_R","Defend_R","Defend_R","Defend_R+1","Bash+1","Clothesline","True Grit","Shockwave","Burning Pact+1","Evolve","Juggernaut+1","Shrug It Off+1","Body Slam+1","Metallicize+1","Heavy Blade","Cleave","Shrug It Off","Metallicize","Necronomicurse","Body Slam+1","Uppercut+1"],"relics":["Busted Crown","WarpedTongs","Singing Bowl","Mango","Oddly Smooth Stone","Empty Cage","Meat on the Bone","Ancient Tea Set","Necronomicon","MawBank","Sozu","War Paint","StoneCalendar","Red Mask","Pen Nib","Red Skull"],"potions_floor_usage":[11,16,24,27,31,31],"damage_taken":[{"damage":4,"enemies":"Small Slimes","floor":1,"turns":3},{"damage":0,"enemies":"Cultist","floor":4,"turns":4},{"damage":0,"enemies":"2 Louse","floor":7,"turns":3},{"damage":10,"enemies":"Gremlin Gang","floor":10,"turns":4},{"damage":10,"enemies":"3 Sentries","floor":11,"turns":3},{"damage":8,"enemies":"Exordium Thugs","floor":13,"turns":5},{"damage":26,"enemies":"Gremlin Nob","floor":14,"turns":5},{"damage":8,"enemies":"Hexaghost","floor":16,"turns":10},{"damage":7,"enemies":"3 Byrds","floor":18,"turns":7},{"damage":3,"enemies":"Chosen","floor":20,"turns":5},{"damage":1,"enemies":"Book of Stabbing","floor":24,"turns":6},{"damage":7,"enemies":"3 Cultists","floor":27,"turns":4},{"damage":8,"enemies":"Shelled Parasite and Fungi","floor":30,"turns":6},{"damage":38,"enemies":"Gremlin Leader","floor":31,"turns":8},{"damage":40,"enemies":"Automaton","floor":33,"turns":9},{"damage":7,"enemies":"Orb Walker","floor":35,"turns":3},{"damage":31,"enemies":"Mind Bloom Boss Battle","floor":38,"turns":8},{"damage":13,"enemies":"3 Shapes","floor":39,"turns":5},{"damage":29,"enemies":"Jaw Worm Horde","floor":46,"turns":4},{"damage":29,"enemies":"Spire Growth","floor":47,"turns":4},{"damage":2,"enemies":"Transient","floor":48,"turns":6},{"damage":74,"enemies":"Awakened One","floor":50,"turns":11}],"seed_played":"6837425292648299448","potions_obtained":[{"floor":10,"key":"AttackPotion"},{"floor":14,"key":"LiquidBronze"},{"floor":16,"key":"BloodPotion"},{"floor":20,"key":"SkillPotion"},{"floor":24,"key":"Fire Potion"},{"floor":27,"key":"AttackPotion"}],"is_trial":false,"path_per_floor":["M","?","$","M","?","R","M","?","T","M","E","$","M","E","R","B",null,"M","$","M","?","?","R","E","R","T","M","$","?","M","E","R","B",null,"M","?","$","?","M","R","?","R","T","?","T","M","M","M","R","B",null],"character_chosen":"IRONCLAD","items_purchased":["Clothesline","Evolve","Shrug It Off","Body Slam","Fire Potion","Metallicize","War Paint"],"campfire_rested":3,"item_purchase_floors":[3,12,19,19,19,28,37],"current_hp_per_floor":[64,64,64,64,64,64,64,64,64,54,60,60,54,30,58,50,84,79,79,78,78,78,78,79,79,79,72,72,51,57,33,64,38,90,85,85,85,66,65,65,65,65,65,65,65,50,35,47,80,18],"gold":97,"neow_bonus":"BOSS_RELIC","is_prod":false,"is_daily":false,"chose_seed":false,"campfire_upgraded":5,"win_rate":0,"timestamp":1555018525,"path_taken":["M","?","$","?","?","R","M","?","T","?","E","?","M","E","R","BOSS","M","$","M","?","?","R","E","R","T","M","?","?","?","E","R","BOSS","M","?","$","?","M","R","?","R","T","?","?","M","M","M","R","BOSS"],"build_version":"2019-01-23","purchased_purges":1,"victory":true,"max_hp_per_floor":[75,75,75,75,75,75,75,75,75,75,91,91,93,95,95,95,95,97,97,99,99,99,99,101,101,101,101,101,101,103,105,105,107,107,109,109,109,109,109,109,109,109,109,104,104,106,108,110,110,110],"card_choices":[{"not_picked":["Flex"],"picked":"SKIP","floor":1},{"not_picked":[],"picked":"True Grit","floor":4},{"not_picked":[],"picked":"Shockwave","floor":7},{"not_picked":[],"picked":"Burning Pact","floor":10},{"not_picked":["Brutality"],"picked":"Singing Bowl","floor":11},{"not_picked":["Perfected Strike"],"picked":"Singing Bowl","floor":13},{"not_picked":["Clash"],"picked":"Singing Bowl","floor":14},{"not_picked":[],"picked":"Juggernaut","floor":16},{"not_picked":["Seeing Red+1"],"picked":"Singing Bowl","floor":18},{"not_picked":["Spot Weakness"],"picked":"Singing Bowl","floor":20},{"not_picked":["Heavy Blade"],"picked":"Singing Bowl","floor":24},{"not_picked":[],"picked":"Shrug It Off","floor":27},{"not_picked":["Flex"],"picked":"Singing Bowl","floor":30},{"not_picked":["Hemokinesis"],"picked":"Singing Bowl","floor":31},{"not_picked":["Exhume"],"picked":"Singing Bowl","floor":33},{"not_picked":["Headbutt"],"picked":"Singing Bowl","floor":35},{"not_picked":[],"picked":"Body Slam+1","floor":38},{"not_picked":[],"picked":"Uppercut+1","floor":39},{"not_picked":["Sever Soul"],"picked":"Singing Bowl","floor":46},{"not_picked":["Cleave"],"picked":"Singing Bowl","floor":47},{"not_picked":["Clash"],"picked":"Singing Bowl","floor":48}],"player_experience":778355,"relics_obtained":[{"floor":9,"key":"Singing Bowl"},{"floor":11,"key":"Mango"},{"floor":14,"key":"Oddly Smooth Stone"},{"floor":24,"key":"Meat on the Bone"},{"floor":26,"key":"Ancient Tea Set"},{"floor":29,"key":"Necronomicon"},{"floor":31,"key":"MawBank"},{"floor":38,"key":"StoneCalendar"},{"floor":43,"key":"Pen Nib"},{"floor":45,"key":"Red Skull"}],"event_choices":[{"damage_healed":0,"gold_gain":0,"player_choice":"Rummage","damage_taken":0,"relics_obtained":["WarpedTongs"],"max_hp_gain":0,"max_hp_loss":0,"event_name":"Accursed Blacksmith","floor":2,"gold_loss":0,"cards_obtained":["Pain"]},{"damage_healed":0,"gold_gain":0,"player_choice":"Leave","damage_taken":0,"max_hp_gain":0,"max_hp_loss":0,"event_name":"The Cleric","floor":5,"gold_loss":0},{"cards_removed":["Strike_R"],"damage_healed":0,"gold_gain":0,"player_choice":"Offered Basic","damage_taken":0,"max_hp_gain":0,"max_hp_loss":0,"event_name":"Bonfire Elementals","floor":8,"gold_loss":0},{"damage_healed":0,"gold_gain":0,"player_choice":"Read","damage_taken":0,"max_hp_gain":0,"max_hp_loss":0,"event_name":"The Library","floor":21,"gold_loss":0,"cards_obtained":["Metallicize"]},{"damage_healed":0,"gold_gain":0,"cards_transformed":["Strike_R","Strike_R"],"player_choice":"Became Test Subject","damage_taken":0,"max_hp_gain":0,"max_hp_loss":0,"event_name":"Drug Dealer","floor":22,"gold_loss":0,"cards_obtained":["Heavy Blade","Cleave"]},{"damage_healed":0,"gold_gain":0,"player_choice":"Obtained Book","damage_taken":21,"max_hp_gain":0,"max_hp_loss":0,"event_name":"Cursed Tome","floor":29,"gold_loss":0},{"damage_healed":0,"gold_gain":0,"player_choice":"Ignored","damage_taken":0,"max_hp_gain":0,"max_hp_loss":0,"event_name":"Mysterious Sphere","floor":36,"gold_loss":0},{"damage_healed":0,"gold_gain":0,"player_choice":"Fight","damage_taken":0,"max_hp_gain":0,"max_hp_loss":0,"event_name":"MindBloom","floor":38,"gold_loss":0},{"damage_healed":0,"gold_gain":0,"player_choice":"Paid","damage_taken":0,"relics_obtained":["Red Mask"],"max_hp_gain":0,"max_hp_loss":0,"event_name":"Tomb of Lord Red Mask","floor":41,"gold_loss":160},{"damage_healed":0,"gold_gain":0,"player_choice":"Max HP","damage_taken":0,"max_hp_gain":0,"max_hp_loss":5,"event_name":"Winding Halls","floor":44,"gold_loss":0}],"is_beta":false,"boss_relics":[{"not_picked":["White Beast Statue","Tiny House"],"picked":"Empty Cage"},{"not_picked":["Runic Dome","Calling Bell"],"picked":"Sozu"}],"items_purged_floors":[3],"is_endless":false,"potions_floor_spawned":[10,14,16,20,24,27,38,47,48],"ascension_level":17}