{"gold_per_floor":[114,114,14,14,29,59,89,89,89,89,119,119,119,149,149,249,249,264,264,272,287,317,347,347,446,446,446,476,491,93,123,123,223,223,238,238,253,253,213,243,273,33,108,138,138,38,68,98,98,98],"floor_reached":51,"playtime":5733,"items_purged":["Accuracy","Catalyst","Accuracy"],"score":1414,"play_id":"ea6c5307-b663-45c8-bffd-a09629ba0222","local_time":"20190512200438","daily_mods":["Specialized","Flight","DeadlyEvents"],"is_ascension_mode":false,"campfire_choices":[{"floor":8.0,"key":"REST"},{"floor":10.0,"key":"REST"},{"data":"Blade Dance","floor":13.0,"key":"SMITH"},{"data":"Neutralize","floor":15.0,"key":"SMITH"},{"data":"Footwork","floor":24.0,"key":"SMITH"},{"data":"Cloak And Dagger","floor":27.0,"key":"SMITH"},{"data":"Accuracy","floor":32.0,"key":"SMITH"},{"floor":49,"key":"REST"}],"neow_cost":"","seed_source_timestamp":0,"circlet_count":0,"master_deck":["Defend_G","Defend_G","Defend_G","Defend_G","Defend_G","Strike_G","Strike_G","Strike_G","Strike_G","Strike_G","Survivor","Neutralize+1","Accuracy+1","Accuracy","Quick Slash","Poisoned Stab","Blade Dance+1","All Out Attack","Venomology","Footwork+1","Cloak And Dagger+1","Deflect","Dash","Acrobatics+1","Cloak And Dagger+1","Acrobatics+1","PiercingWail+1","Crippling Poison+1","Night Terror+1","Footwork","Cloak And Dagger+1","Noxious Fumes+1","Leg Sweep+1","Dodge and Roll+1"],"special_seed":18028,"relics":["Ring of the Serpent","Mummified Hand","Dead Branch","Bag of Marbles","Pocketwatch","Bag of Preparation","Ninja Scroll","Thread and Needle","Tough Bandages","Red Mask","Blue Candle","Tingsha","Toxic Egg 2","Gambling Chip","Paper Crane","The Courier","Fusion Hammer","Matryoshka","Art of War","Calipers","Vajra","Shuriken","Mango","Omamori","Kunai","Dodecahedron","Snake Skull"],"potions_floor_usage":[41,44,44,48,50,50,50,50],"damage_taken":[{"damage":4.0,"enemies":"2 Louse","floor":1.0,"turns":4.0},{"damage":2.0,"enemies":"Jaw Worm","floor":5.0,"turns":7.0},{"damage":41.0,"enemies":"Lagavulin","floor":6.0,"turns":9.0},{"damage":14.0,"enemies":"Gremlin Nob","floor":7.0,"turns":4.0},{"damage":9.0,"enemies":"3 Sentries","floor":11.0,"turns":5.0},{"damage":0.0,"enemies":"Gremlin Nob","floor":14.0,"turns":1.0},{"damage":0.0,"enemies":"The Guardian","floor":16.0,"turns":10.0},{"damage":0.0,"enemies":"2 Thieves","floor":18.0,"turns":3.0},{"damage":0.0,"enemies":"Masked Bandits","floor":20.0,"turns":2.0},{"damage":0.0,"enemies":"Spheric Guardian","floor":21.0,"turns":1.0},{"damage":0.0,"enemies":"Slavers","floor":22.0,"turns":5.0},{"damage":0.0,"enemies":"Gremlin Leader","floor":23.0,"turns":4.0},{"damage":0.0,"enemies":"Slavers","floor":28.0,"turns":1.0},{"damage":0.0,"enemies":"Centurion and Healer","floor":29.0,"turns":2.0},{"damage":0.0,"enemies":"Gremlin Leader","floor":31.0,"turns":3.0},{"damage":0.0,"enemies":"Champ","floor":33.0,"turns":9.0},{"damage":0.0,"enemies":"3 Shapes","floor":35.0,"turns":3.0},{"damage":0.0,"enemies":"3 Darklings","floor":37.0,"turns":3.0},{"damage":0.0,"enemies":"Reptomancer","floor":40.0,"turns":4.0},{"damage":0,"enemies":"Nemesis","floor":41,"turns":5},{"damage":0,"enemies":"Reptomancer","floor":44,"turns":2},{"damage":0,"enemies":"Giant Head","floor":47,"turns":6},{"damage":0,"enemies":"Nemesis","floor":48,"turns":3},{"damage":0,"enemies":"Awakened One","floor":50,"turns":9}],"seed_played":"-3356535960329970887","potions_obtained":[{"floor":6.0,"key":"Explosive Potion"},{"floor":14.0,"key":"Block Potion"},{"floor":16.0,"key":"Fire Potion"},{"floor":31.0,"key":"GhostInAJar"},{"floor":37.0,"key":"SkillPotion"},{"floor":41,"key":"Fruit Juice"}],"is_trial":false,"path_per_floor":["M","?","$","?","M","E","E","R","T","R","E","T","R","E","R","B",null,"M","?","?","M","E","E","R","?","T","R","E","M","$","E","R","B",null,"M","?","M","?","$","E","E","$","T","E","T","$","E","E","R","B",null],"character_chosen":"THE_SILENT","items_purchased":["Quick Slash","PiercingWail+1","Paper Crane","SpeedPotion","Calipers"],"campfire_rested":3,"item_purchase_floors":[3,30,30,39,42],"current_hp_per_floor":[66,66,66,66,64,23,9,30,30,51,42,42,42,42,42,42,70,70,70,70,70,70,70,70,70,70,70,70,70,70,70,70,70,70,70,66,66,66,66,66,66,66,66,85,85,85,85,85,85,85],"gold":98,"neow_bonus":"","is_prod":false,"is_daily":true,"chose_seed":false,"campfire_upgraded":5,"win_rate":0,"timestamp":1557687878,"path_taken":["M","?","$","?","M","E","?","R","T","R","E","?","R","?","R","BOSS","M","?","?","M","?","E","R","?","T","R","E","?","$","E","R","BOSS","M","?","M","?","$","E","?","?","T","?","?","$","E","E","R","BOSS"],"build_version":"2019-01-23","purchased_purges":3,"victory":true,"max_hp_per_floor":[70,70,70,70,70,70,70,70,70,70,70,70,70,70,70,70,70,70,70,70,70,70,70,70,70,70,70,70,70,70,70,70,70,70,70,66,66,66,66,66,66,66,66,85,85,85,85,85,85,85],"card_choices":[{"not_picked":["Sucker Punch","Prepared"],"picked":"PiercingWail","floor":1.0},{"not_picked":["Sucker Punch","Predator"],"picked":"Poisoned Stab","floor":5.0},{"not_picked":["Deflect","PiercingWail"],"picked":"Blade Dance","floor":6.0},{"not_picked":["Dagger Spray","Tools of the Trade"],"picked":"All Out Attack","floor":7.0},{"not_picked":["Doppelganger","Acrobatics","Outmaneuver"],"picked":"SKIP","floor":11.0},{"not_picked":["Slice","Dagger Throw"],"picked":"Venomology","floor":14.0},{"not_picked":["Escape Plan","Cloak And Dagger"],"picked":"Footwork","floor":18.0},{"not_picked":["Accuracy+1","Heel Hook"],"picked":"Cloak And Dagger","floor":20.0},{"not_picked":["All Out Attack","Flying Knee"],"picked":"Deflect","floor":21.0},{"not_picked":["Expertise","Riddle With Holes+1"],"picked":"Dash","floor":22.0},{"not_picked":["Blade Dance","Quick Slash"],"picked":"Acrobatics+1","floor":23.0},{"not_picked":["All Out Attack","Tactician+1"],"picked":"Cloak And Dagger+1","floor":28.0},{"not_picked":["Bane+1","Dagger Throw"],"picked":"Acrobatics+1","floor":29.0},{"not_picked":["Bane","Dagger Spray"],"picked":"Crippling Poison+1","floor":31.0},{"not_picked":["A Thousand Cuts","Unload"],"picked":"Night Terror+1","floor":33.0},{"not_picked":["Dodge and Roll+1","Blade Dance+1"],"picked":"Footwork","floor":35.0},{"not_picked":["Deflect+1","Concentrate+1"],"picked":"Cloak And Dagger+1","floor":37.0},{"not_picked":["Acrobatics+1","Catalyst+1"],"picked":"Noxious Fumes+1","floor":40},{"not_picked":["Glass Knife","Noxious Fumes+1","Backstab"],"picked":"SKIP","floor":41},{"not_picked":["Blade Dance+1","Predator"],"picked":"Leg Sweep+1","floor":44},{"not_picked":["Deflect+1","Bane+1"],"picked":"Dodge and Roll+1","floor":47},{"not_picked":["Quick Slash","Bane","Dagger Spray+1"],"picked":"SKIP","floor":48}],"player_experience":955622,"relics_obtained":[{"floor":6.0,"key":"Dead Branch"},{"floor":7.0,"key":"Bag of Marbles"},{"floor":9.0,"key":"Pocketwatch"},{"floor":11.0,"key":"Bag of Preparation"},{"floor":12.0,"key":"Ninja Scroll"},{"floor":14.0,"key":"Thread and Needle"},{"floor":20.0,"key":"Red Mask"},{"floor":22.0,"key":"Blue Candle"},{"floor":23.0,"key":"Tingsha"},{"floor":26.0,"key":"Toxic Egg 2"},{"floor":28.0,"key":"Gambling Chip"},{"floor":31.0,"key":"The Courier"},{"floor":40,"key":"Matryoshka"},{"floor":41,"key":"Art of War"},{"floor":43,"key":"Vajra"},{"floor":43,"key":"Shuriken"},{"floor":44,"key":"Mango"},{"floor":45,"key":"Omamori"},{"floor":45,"key":"Kunai"},{"floor":47,"key":"Dodecahedron"},{"floor":48,"key":"Snake Skull"}],"event_choices":[{"damage_healed":0.0,"max_hp_gain":0.0,"max_hp_loss":0.0,"gold_gain":0.0,"cards_transformed":["Accuracy"],"event_name":"Living Wall","player_choice":"Change","floor":2.0,"gold_loss":0.0,"damage_taken":0.0,"cards_obtained":["Catalyst"]},{"cards_removed":["PiercingWail"],"damage_healed":0.0,"max_hp_gain":0.0,"max_hp_loss":0.0,"gold_gain":0.0,"event_name":"WeMeetAgain","player_choice":"Gave Card","floor":4.0,"gold_loss":0.0,"damage_taken":0.0,"relics_obtained":["Mummified Hand"]},{"damage_healed":0.0,"max_hp_gain":0.0,"max_hp_loss":0.0,"gold_gain":0.0,"event_name":"The Mausoleum","player_choice":"Opened","floor":19.0,"gold_loss":0.0,"damage_taken":0.0,"relics_obtained":["Tough Bandages"]},{"damage_healed":0.0,"max_hp_gain":0.0,"max_hp_loss":0.0,"gold_gain":0.0,"event_name":"Masked Bandits","player_choice":"Fought Bandits","floor":20.0,"gold_loss":0.0,"damage_taken":0.0},{"damage_healed":0.0,"max_hp_gain":0.0,"max_hp_loss":0.0,"gold_gain":99.0,"event_name":"Nest","player_choice":"Stole From Cult","floor":25.0,"gold_loss":0.0,"damage_taken":0.0},{"damage_healed":0.0,"max_hp_gain":0.0,"max_hp_loss":4.0,"gold_gain":0.0,"event_name":"Winding Halls","player_choice":"Max HP","floor":36.0,"gold_loss":0.0,"damage_taken":0.0},{"damage_healed":0.0,"max_hp_gain":0.0,"max_hp_loss":0.0,"gold_gain":0.0,"event_name":"The Woman in Blue","player_choice":"Bought 0 Potions","floor":38.0,"gold_loss":0.0,"damage_taken":0.0}],"is_beta":false,"boss_relics":[{"not_picked":["Snecko Eye","Ectoplasm"],"picked":"Ring of the Serpent"},{"not_picked":["Orrery","WristBlade"],"picked":"Fusion Hammer"}],"items_purged_floors":[3,30,46],"is_endless":false,"potions_floor_spawned":[6,14,16,18,21,28,31,37,41,48],"ascension_level":0}