{"gold_per_floor":[116,136,211,211,211,255,255,286,311,347,370,385,143,161,161,289,289,308,308,308,323,233,233,254,254,280,296,315,328,328,342,342,342],"floor_reached":33,"playtime":2785,"items_purged":["Strike_G"],"score":319,"play_id":"6e884945-f4dd-48c9-b080-23f736d3f643","local_time":"20190224150252","is_ascension_mode":false,"campfire_choices":[{"floor":15,"key":"REST"},{"data":"Neutralize","floor":23,"key":"SMITH"},{"data":"Deadly Poison","floor":25,"key":"SMITH"},{"data":"Deadly Poison","floor":30,"key":"SMITH"},{"data":"Sucker Punch","floor":32,"key":"SMITH"}],"neow_cost":"NONE","seed_source_timestamp":219402591036825,"circlet_count":0,"master_deck":["Defend_G","Defend_G","Defend_G","Defend_G+1","Strike_G","Strike_G+1","Strike_G","Strike_G+1","Survivor","Neutralize+1","Backflip","Dodge and Roll","Deadly Poison+1","Sucker Punch+1","Slice","PiercingWail","Underhanded Strike","Ghostly","Ghostly","Ghostly","Ghostly","Ghostly","Poisoned Stab+1","Deadly Poison+1","Flying Knee","Quick Slash"],"relics":["Ring of the Snake","NeowsBlessing","Ancient Tea Set","Golden Idol","Smiling Mask","Centennial Puzzle","Bag of Marbles","Frozen Egg 2","Anchor","Coffee Dripper","Orichalcum"],"potions_floor_usage":[8,10,14,16,16,33],"damage_taken":[{"damage":0,"enemies":"Jaw Worm","floor":1,"turns":1},{"damage":0,"enemies":"2 Louse","floor":2,"turns":1},{"damage":0,"enemies":"Gremlin Nob","floor":6,"turns":1},{"damage":12,"enemies":"3 Sentries","floor":8,"turns":12},{"damage":10,"enemies":"Lagavulin","floor":10,"turns":7},{"damage":0,"enemies":"Small Slimes","floor":11,"turns":3},{"damage":4,"enemies":"2 Fungi Beasts","floor":12,"turns":4},{"damage":0,"enemies":"Large Slime","floor":14,"turns":8},{"damage":19,"enemies":"Hexaghost","floor":16,"turns":9},{"damage":6,"enemies":"Chosen","floor":18,"turns":6},{"damage":0,"enemies":"3 Byrds","floor":21,"turns":8},{"damage":0,"enemies":"Snake Plant","floor":24,"turns":5},{"damage":5,"enemies":"3 Cultists","floor":27,"turns":7},{"damage":0,"enemies":"Centurion and Healer","floor":28,"turns":6},{"damage":0,"enemies":"Snake Plant","floor":29,"turns":5},{"damage":2,"enemies":"Snecko","floor":31,"turns":5},{"damage":31,"enemies":"Automaton","floor":33,"turns":6}],"seed_played":"-9063962638111306","potions_obtained":[{"floor":1,"key":"GhostInAJar"},{"floor":8,"key":"Poison Potion"},{"floor":10,"key":"LiquidBronze"},{"floor":14,"key":"LiquidBronze"},{"floor":18,"key":"Fire Potion"},{"floor":27,"key":"Explosive Potion"},{"floor":31,"key":"PowerPotion"}],"is_trial":false,"path_per_floor":["M","M","?","?","?","E","?","E","T","E","M","M","$","M","R","B",null,"M","?","?","M","?","R","M","R","T","M","M","M","R","M","R","B"],"character_chosen":"THE_SILENT","items_purchased":["Anchor","Dexterity Potion"],"campfire_rested":1,"item_purchase_floors":[13,13],"current_hp_per_floor":[70,70,59,41,41,41,28,16,16,6,6,2,2,2,21,2,65,59,59,32,32,32,32,32,32,32,27,27,27,27,25,25,0],"gold":342,"neow_bonus":"THREE_ENEMY_KILL","is_prod":false,"is_daily":false,"chose_seed":false,"campfire_upgraded":4,"win_rate":0,"timestamp":1551020572,"path_taken":["M","M","?","?","?","E","?","E","T","E","M","M","$","M","R","BOSS","M","?","?","M","?","R","M","R","T","M","M","?","R","M","R","BOSS"],"build_version":"2019-01-23","purchased_purges":1,"victory":false,"max_hp_per_floor":[70,70,70,70,65,65,65,65,65,65,65,65,65,65,65,65,65,65,65,32,32,32,32,32,32,32,32,32,32,32,32,32,32],"card_choices":[{"not_picked":["Predator","Masterful Stab"],"picked":"Backflip","floor":1},{"not_picked":["Flechettes","Catalyst"],"picked":"Dodge and Roll","floor":2},{"not_picked":["Skewer","Catalyst","Endless Agony"],"picked":"SKIP","floor":6},{"not_picked":["Sucker Punch","Dodge and Roll"],"picked":"Deadly Poison","floor":8},{"not_picked":["Cloak And Dagger","Crippling Poison","Predator"],"picked":"SKIP","floor":10},{"not_picked":["Infinite Blades+1","Outmaneuver"],"picked":"Sucker Punch","floor":11},{"not_picked":["Dagger Throw","Blur"],"picked":"Slice","floor":12},{"not_picked":["Heel Hook","Dagger Throw"],"picked":"PiercingWail","floor":14},{"not_picked":["Reflex","Terror","Heel Hook"],"picked":"SKIP","floor":18},{"not_picked":["Infinite Blades+1","Dodge and Roll"],"picked":"Poisoned Stab+1","floor":21},{"not_picked":["Dodge and Roll","Expertise"],"picked":"Deadly Poison","floor":24},{"not_picked":["Underhanded Strike","Tactician"],"picked":"Flying Knee","floor":27},{"not_picked":["Prepared","Terror","Bouncing Flask"],"picked":"SKIP","floor":28},{"not_picked":["Dash","Cloak And Dagger"],"picked":"Quick Slash","floor":29},{"not_picked":["Blur+1","Backflip","Predator+1"],"picked":"SKIP","floor":31}],"player_experience":483880,"relics_obtained":[{"floor":6,"key":"Smiling Mask"},{"floor":8,"key":"Centennial Puzzle"},{"floor":9,"key":"Bag of Marbles"},{"floor":10,"key":"Frozen Egg 2"},{"floor":26,"key":"Orichalcum"}],"event_choices":[{"damage_healed":0,"gold_gain":75,"player_choice":"Gather Gold","damage_taken":11,"max_hp_gain":0,"max_hp_loss":0,"event_name":"World of Goop","floor":3,"gold_loss":0},{"damage_healed":0,"gold_gain":0,"player_choice":"Success","damage_taken":18,"relics_obtained":["Ancient Tea Set"],"max_hp_gain":0,"max_hp_loss":0,"event_name":"Scrap Ooze","floor":4,"gold_loss":0},{"damage_healed":0,"gold_gain":0,"player_choice":"Lose Max HP","damage_taken":0,"relics_obtained":["Golden Idol"],"max_hp_gain":0,"max_hp_loss":5,"event_name":"Golden Idol","floor":5,"gold_loss":0},{"damage_healed":0,"gold_gain":0,"player_choice":"Entered Light","damage_taken":13,"max_hp_gain":0,"max_hp_loss":0,"event_name":"Shining Light","floor":7,"gold_loss":0,"cards_upgraded":["Strike_G","Defend_G"]},{"damage_healed":0,"gold_gain":0,"player_choice":"Read","damage_taken":0,"max_hp_gain":0,"max_hp_loss":0,"event_name":"The Library","floor":19,"gold_loss":0,"cards_obtained":["Underhanded Strike"]},{"damage_healed":0,"gold_gain":0,"player_choice":"Became a Ghost","damage_taken":0,"max_hp_gain":0,"max_hp_loss":33,"event_name":"Ghosts","floor":20,"gold_loss":0,"cards_obtained":["Ghostly","Ghostly","Ghostly","Ghostly","Ghostly"]},{"cards_removed":["Defend_G"],"damage_healed":0,"gold_gain":0,"player_choice":"Upgrade and Remove","damage_taken":0,"max_hp_gain":0,"max_hp_loss":0,"event_name":"Designer","floor":22,"gold_loss":90,"cards_upgraded":["Strike_G"]}],"is_beta":false,"boss_relics":[{"not_picked":["Eternal Feather","HoveringKite"],"picked":"Coffee Dripper"}],"items_purged_floors":[13],"is_endless":false,"potions_floor_spawned":[1,8,10,14,18,27,31],"killed_by":"Automaton","ascension_level":0}