{"gold_per_floor":[112,67,82,102,117,146,146,176,176,176,176],"floor_reached":11,"playtime":804,"items_purged":[],"score":95,"play_id":"fed3371b-28fa-470a-8084-f89018ff96f5","local_time":"20190405223402","is_ascension_mode":true,"campfire_choices":[{"data":"Backflip","floor":7,"key":"SMITH"}],"neow_cost":"PERCENT_DAMAGE","seed_source_timestamp":208916733481535,"circlet_count":0,"master_deck":["Defend_G","Defend_G","Defend_G","Defend_G","Defend_G","Strike_G","Strike_G","Strike_G","Strike_G+1","Strike_G","Survivor","Neutralize","Deflect","PiercingWail","Crippling Poison","Backstab","Flying Knee+1","Backflip+1","Catalyst"],"relics":["Ring of the Snake","Nunchaku","Whetstone","Anchor","Molten Egg 2"],"potions_floor_usage":[8,11,11],"damage_taken":[{"damage":0,"enemies":"Cultist","floor":1,"turns":5},{"damage":0,"enemies":"2 Louse","floor":3,"turns":3},{"damage":0,"enemies":"Jaw Worm","floor":4,"turns":7},{"damage":4,"enemies":"Blue Slaver","floor":5,"turns":5},{"damage":25,"enemies":"Gremlin Nob","floor":6,"turns":5},{"damage":19,"enemies":"Lagavulin","floor":8,"turns":7},{"damage":8,"enemies":"Gremlin Nob","floor":11,"turns":3}],"seed_played":"-8598494301505567277","potions_obtained":[{"floor":1,"key":"Energy Potion"},{"floor":6,"key":"SkillPotion"},{"floor":8,"key":"SpeedPotion"}],"is_trial":false,"path_per_floor":["M","$","M","M","M","E","R","E","T","$","E"],"character_chosen":"THE_SILENT","items_purchased":["PiercingWail"],"campfire_rested":0,"item_purchase_floors":[2],"current_hp_per_floor":[49,49,49,49,45,20,20,1,1,1,0],"gold":176,"neow_bonus":"ONE_RARE_RELIC","is_prod":false,"is_daily":false,"chose_seed":false,"campfire_upgraded":1,"win_rate":0,"timestamp":1554492842,"path_taken":["M","?","?","M","M","E","R","E","T","?","E"],"build_version":"2019-01-23","purchased_purges":0,"victory":false,"max_hp_per_floor":[70,70,70,70,70,70,70,70,70,70,70],"card_choices":[{"not_picked":["Terror","Underhanded Strike"],"picked":"Deflect","floor":1},{"not_picked":["Dagger Throw","Sucker Punch"],"picked":"Crippling Poison","floor":3},{"not_picked":["Flying Knee","Accuracy"],"picked":"Backstab","floor":4},{"not_picked":["Underhanded Strike","Bane"],"picked":"Flying Knee","floor":5},{"not_picked":["Poisoned Stab","Tactician"],"picked":"Backflip","floor":6},{"not_picked":["Skewer","Blade Dance"],"picked":"Catalyst","floor":8}],"player_experience":62564,"relics_obtained":[{"floor":6,"key":"Whetstone"},{"floor":8,"key":"Anchor"},{"floor":9,"key":"Molten Egg 2"}],"event_choices":[],"is_beta":false,"boss_relics":[],"items_purged_floors":[],"is_endless":false,"potions_floor_spawned":[1,6,8],"killed_by":"Gremlin Nob","ascension_level":3}