{"gold_per_floor":[111,123,73,73,85,85,95,95,120,155,155,173,173,191,191,291,291,302,302,302,333,343,343,355,355,410,333,333,19,29,59,59,164,164,180,200,19,19,19,19,50,50,50,77,77,94,122,140,140,140],"floor_reached":51,"playtime":3765,"items_purged":["Bite","Defend_R"],"score":960,"play_id":"e1ee075d-fc1a-4815-918a-a0cc4374a1f3","local_time":"20180701223739","is_ascension_mode":true,"campfire_choices":[{"data":"Searing Blow","floor":6,"key":"SMITH"},{"data":"Whirlwind","floor":8,"key":"SMITH"},{"data":"Armaments","floor":15,"key":"SMITH"},{"floor":23,"key":"REST"},{"data":"Limit Break","floor":25,"key":"SMITH"},{"floor":32,"key":"REST"},{"data":"Whirlwind","floor":40,"key":"SMITH"},{"floor":42,"key":"REST"},{"data":"Defend_R","floor":45,"key":"PURGE"},{"data":"Searing Blow+1","floor":49,"key":"PURGE"}],"neow_cost":"NONE","seed_source_timestamp":4142541735792930,"circlet_count":0,"master_deck":["Flex","Whirlwind+1","Armaments+1","Flex","Thunderclap","Limit Break+1","Bite","Bite","Bite","Bite","Pummel","Inflame+1","J.A.X.","Flash of Steel","Double Tap","Whirlwind+1","Bloodletting","Battle Trance"],"relics":["Black Blood","Pen Nib","Blood Vial","Anchor","Bottled Lightning","Enchiridion","Red Mask","Boot","Orichalcum","Happy Flower","Velvet Choker","Red Skull","Peace Pipe","Vajra","Bottled Tornado"],"potions_floor_usage":[10,16,16,33,33,50,50],"damage_taken":[{"damage":6,"enemies":"Cultist","floor":1,"turns":3},{"damage":7,"enemies":"Jaw Worm","floor":2,"turns":2},{"damage":12,"enemies":"Small Slimes","floor":5,"turns":3},{"damage":18,"enemies":"Exordium Wildlife","floor":7,"turns":4},{"damage":28,"enemies":"Lagavulin","floor":10,"turns":5},{"damage":11,"enemies":"Blue Slaver","floor":12,"turns":3},{"damage":0,"enemies":"Exordium Thugs","floor":14,"turns":1},{"damage":41,"enemies":"The Guardian","floor":16,"turns":8},{"damage":28,"enemies":"Spheric Guardian","floor":18,"turns":4},{"damage":52,"floor":21,"turns":5},{"damage":14,"enemies":"2 Thieves","floor":22,"turns":3},{"damage":10,"enemies":"3 Cultists","floor":24,"turns":3},{"damage":11,"enemies":"Slaver and Parasite","floor":30,"turns":3},{"damage":40,"enemies":"Book of Stabbing","floor":31,"turns":4},{"damage":44,"enemies":"Automaton","floor":33,"turns":6},{"damage":14,"enemies":"3 Shapes","floor":35,"turns":2},{"damage":0,"enemies":"Orb Walker","floor":36,"turns":2},{"damage":44,"enemies":"Giant Head","floor":41,"turns":6},{"damage":3,"enemies":"Nemesis","floor":44,"turns":3},{"damage":12,"enemies":"Sphere and 2 Shapes","floor":46,"turns":2},{"damage":13,"enemies":"Giant Head","floor":47,"turns":5},{"damage":20,"enemies":"4 Shapes","floor":48,"turns":2},{"damage":47,"enemies":"Awakened One","floor":50,"turns":4}],"seed_played":"-4176947171487314178","potions_obtained":[{"floor":1,"key":"Block Potion"},{"floor":2,"key":"FearPotion"},{"floor":10,"key":"Dexterity Potion"},{"floor":12,"key":"FairyPotion"},{"floor":22,"key":"Ancient Potion"},{"floor":24,"key":"SteroidPotion"},{"floor":30,"key":"Explosive Potion"},{"floor":33,"key":"EssenceOfSteel"},{"floor":41,"key":"Ancient Potion"},{"floor":47,"key":"Strength Potion"},{"floor":48,"key":"FairyPotion"}],"is_trial":false,"path_per_floor":["M","M","?","?","M","R","M","R","T","E","T","M","?","M","R","B",null,"M","?","?","?","M","R","M","R","T","?","$","$","M","E","R","B",null,"M","M","$","?","?","R","E","R","T","E","R","M","E","M","R","B"],"character_chosen":"IRONCLAD","items_purchased":["Flash of Steel","Orichalcum","Whirlwind"],"campfire_rested":3,"item_purchase_floors":[29,29,37],"current_hp_per_floor":[80,79,79,79,73,73,61,61,61,41,41,38,38,46,46,13,63,47,47,31,19,19,35,45,45,45,45,45,45,46,33,49,34,51,52,56,56,56,56,56,28,44,44,55,55,54,56,46,46,17],"gold":140,"neow_bonus":"RANDOM_COMMON_RELIC","is_prod":false,"is_daily":false,"chose_seed":false,"campfire_upgraded":5,"win_rate":0,"timestamp":1530481059,"path_taken":["M","M","?","?","M","R","M","R","T","E","?","?","?","M","R","BOSS","M","?","?","?","?","R","?","R","T","?","?","$","?","E","R","BOSS","M","M","$","?","?","R","E","R","T","E","R","M","E","M","R","BOSS"],"build_version":"2018-06-28","purchased_purges":2,"victory":true,"max_hp_per_floor":[80,80,80,80,80,80,80,80,80,80,80,80,80,80,80,80,80,80,56,56,56,56,56,56,56,56,56,56,56,56,56,56,56,56,56,56,56,56,56,56,56,56,56,56,56,56,56,56,56,56],"card_choices":[{"not_picked":["Metallicize","Cleave"],"picked":"Searing Blow","floor":1},{"not_picked":["Anger","Second Wind"],"picked":"Flex","floor":2},{"not_picked":["Wild Strike","Heavy Blade","Clothesline"],"picked":"SKIP","floor":5},{"not_picked":["Anger","Havoc"],"picked":"Whirlwind","floor":7},{"not_picked":["Thunderclap","Havoc"],"picked":"Armaments","floor":10},{"not_picked":["Anger","Sentinel"],"picked":"Flex","floor":12},{"not_picked":["Fire Breathing","Carnage"],"picked":"Thunderclap","floor":14},{"not_picked":["Double Tap","Reaper"],"picked":"Limit Break","floor":16},{"not_picked":["Carnage","Uppercut+1","Pommel Strike"],"picked":"SKIP","floor":18},{"not_picked":["True Grit","Sentinel+1"],"picked":"Pummel","floor":21},{"not_picked":["Thunderclap","Wild Strike"],"picked":"Inflame+1","floor":22},{"not_picked":["Pummel","Intimidate+1","Thunderclap"],"picked":"SKIP","floor":24},{"not_picked":["Headbutt","True Grit","Clothesline+1"],"picked":"SKIP","floor":30},{"not_picked":["Warcry","Iron Wave","Anger"],"picked":"SKIP","floor":31},{"not_picked":["Impervious","Bludgeon"],"picked":"Double Tap","floor":33},{"not_picked":["Anger","Uppercut","Entrench+1"],"picked":"SKIP","floor":35},{"not_picked":["Spot Weakness+1","Cleave","Havoc+1"],"picked":"SKIP","floor":36},{"not_picked":["Reckless Charge+1","Cleave","Bloodletting+1"],"picked":"SKIP","floor":41},{"not_picked":["Juggernaut","Clothesline"],"picked":"Battle Trance","floor":44},{"not_picked":["Headbutt","Pommel Strike","Flame Barrier+1"],"picked":"SKIP","floor":46},{"not_picked":["Sentinel","Clothesline","Rampage"],"picked":"SKIP","floor":47},{"not_picked":["Headbutt+1","Rampage","Dual Wield"],"picked":"SKIP","floor":48},{"not_picked":["Headbutt+1","Rampage","Dual Wield"],"picked":"SKIP","floor":48}],"player_experience":341282,"relics_obtained":[{"floor":9,"key":"Blood Vial"},{"floor":10,"key":"Anchor"},{"floor":11,"key":"Bottled Lightning"},{"floor":20,"key":"Enchiridion"},{"floor":21,"key":"Red Mask"},{"floor":26,"key":"Boot"},{"floor":31,"key":"Happy Flower"},{"floor":41,"key":"Red Skull"},{"floor":43,"key":"Peace Pipe"},{"floor":44,"key":"Vajra"},{"floor":47,"key":"Bottled Tornado"}],"event_choices":[{"event_name":"The Cleric","player_choice":"Card Removal","floor":3,"damage_taken":0},{"event_name":"Living Wall","player_choice":"Forget","floor":4,"damage_taken":0},{"event_name":"Purifier","player_choice":"One Purge","floor":13,"damage_taken":0},{"event_name":"Vampires","player_choice":"Became a vampire","floor":19,"damage_taken":0},{"event_name":"Cursed Tome","player_choice":"Obtained Book","floor":20,"damage_taken":0},{"event_name":"Masked Bandits","player_choice":"Fought over 302 gold","floor":21,"damage_taken":0},{"event_name":"Drug Dealer","player_choice":"Got JAXXED","floor":27,"damage_taken":0},{"event_name":"Transmorgrifier","player_choice":"Transform","floor":38,"damage_taken":0},{"event_name":"Falling","player_choice":"Removed Attack","floor":39,"damage_taken":0}],"boss_relics":[{"not_picked":["Snecko Eye","Astrolabe"],"picked":"Black Blood"},{"not_picked":["Coffee Dripper","Cursed Key"],"picked":"Velvet Choker"}],"items_purged_floors":[29,37],"is_endless":false,"potions_floor_spawned":[1,2,10,12,22,24,30,33,41,47,48],"ascension_level":5}