{"gold_per_floor":[112,131,131,151,19,46,67,81,150,180,199,199,217,217,217,314,314,324,341,355,80,92,92,92,120,171,190,190,160,177,177,177,274,324,335,351,17,17,17],"floor_reached":39,"playtime":5720,"items_purged":[],"score":438,"play_id":"61520621-5184-474d-b5a4-b10d090938d3","local_time":"20190403162903","is_ascension_mode":false,"campfire_choices":[{"floor":12,"key":"REST"},{"floor":15,"key":"REST"},{"floor":23,"key":"REST"},{"floor":28,"key":"REST"},{"floor":32,"key":"REST"}],"neow_cost":"NONE","seed_source_timestamp":9302830932002,"circlet_count":0,"master_deck":["Defend_G","Defend_G+1","Defend_G","Strike_G","Strike_G+1","Strike_G","Survivor","Neutralize+1","Dagger Spray","Choke","Venomology","Well Laid Plans","Dramatic Entrance","Prepared","Blade Dance","Bullet Time","Heel Hook+1","Underhanded Strike+1","Slice+1","A Thousand Cuts","Bullet Time+1","Caltrops+1","Expertise+1","Backstab+1","Dagger Spray+1","Dagger Throw+1","Infinite Blades","Body Slam+1","Anger+1","Dagger Throw+1","Conserve Battery","Envenom","Thunderclap+1","Terror","Pommel Strike+1","Glass Knife+1","Metamorphosis","Apotheosis"],"relics":["Ring of the Snake","Bird Faced Urn","Odd Mushroom","Molten Egg 2","Blood Vial","Tough Bandages","Astrolabe","PrismaticShard","Gambling Chip","Juzu Bracelet","Tiny House"],"potions_floor_usage":[7,8,10,10,10,16,16,25,25,27,27,33,33,35,36],"damage_taken":[{"damage":1,"enemies":"Cultist","floor":1,"turns":5},{"damage":0,"enemies":"Jaw Worm","floor":2,"turns":5},{"damage":0,"enemies":"2 Louse","floor":4,"turns":2},{"damage":22,"enemies":"Gremlin Nob","floor":6,"turns":4},{"damage":5,"enemies":"The Mushroom Lair","floor":7,"turns":4},{"damage":0,"enemies":"2 Fungi Beasts","floor":8,"turns":2},{"damage":18,"enemies":"3 Sentries","floor":10,"turns":6},{"damage":5,"enemies":"Looter","floor":11,"turns":3},{"damage":5,"enemies":"3 Louse","floor":13,"turns":2},{"damage":48,"enemies":"Hexaghost","floor":16,"turns":14},{"damage":23,"enemies":"Chosen","floor":18,"turns":5},{"damage":10,"enemies":"Spheric Guardian","floor":19,"turns":3},{"damage":21,"enemies":"Snecko","floor":20,"turns":5},{"damage":31,"enemies":"Snake Plant","floor":22,"turns":3},{"damage":31,"enemies":"Book of Stabbing","floor":25,"turns":4},{"damage":17,"enemies":"Centurion and Healer","floor":27,"turns":5},{"damage":22,"enemies":"Sentry and Sphere","floor":30,"turns":4},{"damage":58,"enemies":"Champ","floor":33,"turns":10},{"damage":12,"enemies":"3 Shapes","floor":35,"turns":2},{"damage":51,"enemies":"3 Darklings","floor":36,"turns":4},{"damage":39,"enemies":"2 Orb Walkers","floor":39,"turns":3}],"seed_played":"-5114798562450912060","potions_obtained":[{"floor":2,"key":"Ancient Potion"},{"floor":6,"key":"SkillPotion"},{"floor":7,"key":"Energy Potion"},{"floor":8,"key":"PowerPotion"},{"floor":10,"key":"Dexterity Potion"},{"floor":13,"key":"EssenceOfSteel"},{"floor":25,"key":"Ancient Potion"},{"floor":29,"key":"Explosive Potion"},{"floor":29,"key":"Swift Potion"},{"floor":33,"key":"Strength Potion"}],"is_trial":false,"path_per_floor":["M","M","?","M","$","E","?","M","T","E","M","R","M","?","R","B",null,"M","M","M","$","M","R","?","E","T","M","R","?","M","?","R","B",null,"M","M","$","?","?"],"character_chosen":"THE_SILENT","items_purchased":["Well Laid Plans","Dramatic Entrance","PrismaticShard","Infinite Blades","Glass Knife+1","Metamorphosis"],"campfire_rested":5,"item_purchase_floors":[5,5,21,21,37,37],"current_hp_per_floor":[76,76,61,61,61,39,36,36,36,22,19,42,39,32,55,11,77,57,53,40,40,15,38,38,29,29,20,43,43,31,31,54,6,82,72,31,31,31,0],"gold":17,"neow_bonus":"TEN_PERCENT_HP_BONUS","is_prod":false,"is_daily":false,"chose_seed":false,"campfire_upgraded":0,"win_rate":0.0,"timestamp":1554298143,"path_taken":["M","?","?","M","$","E","?","M","T","E","M","R","M","?","R","BOSS","M","M","M","$","M","R","?","E","T","M","R","?","M","?","R","BOSS","M","M","$","?","?"],"build_version":"2019-01-23","purchased_purges":0,"victory":false,"max_hp_per_floor":[77,77,77,77,77,77,77,77,77,77,77,77,77,77,77,77,77,77,77,77,77,77,77,77,77,77,77,77,77,77,77,77,77,82,82,82,82,82,82],"card_choices":[{"not_picked":["Underhanded Strike","Slice"],"picked":"Dagger Spray","floor":1},{"not_picked":["Poisoned Stab","Backflip"],"picked":"Choke","floor":2},{"not_picked":["Dagger Throw","Choke"],"picked":"Venomology","floor":4},{"not_picked":["Poisoned Stab","Bouncing Flask"],"picked":"Prepared","floor":6},{"not_picked":["Quick Slash","Sucker Punch"],"picked":"Blade Dance","floor":7},{"not_picked":["Dodge and Roll","Riddle With Holes"],"picked":"Bullet Time","floor":8},{"not_picked":["Expertise","Flying Knee+1"],"picked":"Heel Hook+1","floor":10},{"not_picked":["Deflect","Outmaneuver"],"picked":"Underhanded Strike+1","floor":11},{"not_picked":["Flying Knee+1","Deflect"],"picked":"Slice+1","floor":13},{"not_picked":["Night Terror","Tools of the Trade"],"picked":"A Thousand Cuts","floor":16},{"not_picked":["Outmaneuver+1","Dagger Throw+1"],"picked":"Backstab+1","floor":18},{"not_picked":["Flying Knee+1","Underhanded Strike+1"],"picked":"Dagger Spray+1","floor":19},{"not_picked":["Dash+1","Flechettes+1"],"picked":"Dagger Throw+1","floor":20},{"not_picked":["Doom and Gloom+1","Hemokinesis+1"],"picked":"Body Slam+1","floor":22},{"not_picked":["Flying Knee+1","Skim"],"picked":"Anger+1","floor":25},{"not_picked":["Discovery","Steam"],"picked":"Dagger Throw+1","floor":27},{"not_picked":["Genetic Algorithm","Caltrops"],"picked":"Conserve Battery","floor":30},{"not_picked":["Sadistic Nature","Rainbow"],"picked":"Envenom","floor":33},{"not_picked":["Eviscerate+1","Conserve Battery"],"picked":"Thunderclap+1","floor":34},{"not_picked":["Underhanded Strike+1","Deadly Poison"],"picked":"Terror","floor":35},{"not_picked":["Clash+1","Sever Soul+1"],"picked":"Pommel Strike+1","floor":36},{"not_picked":["Bandage Up","Madness"],"picked":"Apotheosis","floor":38}],"player_experience":2608,"relics_obtained":[{"floor":6,"key":"Bird Faced Urn"},{"floor":7,"key":"Odd Mushroom"},{"floor":9,"key":"Molten Egg 2"},{"floor":10,"key":"Blood Vial"},{"floor":25,"key":"Gambling Chip"},{"floor":26,"key":"Juzu Bracelet"}],"event_choices":[{"damage_healed":0,"gold_gain":0,"player_choice":"Entered Light","damage_taken":15,"max_hp_gain":0,"max_hp_loss":0,"event_name":"Shining Light","floor":3,"gold_loss":0,"cards_upgraded":["Strike_G","Neutralize"]},{"damage_healed":0,"gold_gain":0,"player_choice":"Fought Mushrooms","damage_taken":0,"max_hp_gain":0,"max_hp_loss":0,"event_name":"Mushrooms","floor":7,"gold_loss":0},{"damage_healed":0,"gold_gain":0,"player_choice":"Success","damage_taken":7,"relics_obtained":["Tough Bandages"],"max_hp_gain":0,"max_hp_loss":0,"event_name":"Scrap Ooze","floor":14,"gold_loss":0},{"damage_healed":0,"gold_gain":0,"player_choice":"Ignored","damage_taken":0,"max_hp_gain":0,"max_hp_loss":0,"event_name":"Vampires","floor":24,"gold_loss":0},{"damage_healed":0,"gold_gain":0,"player_choice":"Bought 2 Potions","damage_taken":0,"max_hp_gain":0,"max_hp_loss":0,"event_name":"The Woman in Blue","floor":29,"gold_loss":0},{"cards_removed":["Strike_G"],"damage_healed":0,"gold_gain":0,"player_choice":"Purged","damage_taken":0,"max_hp_gain":0,"max_hp_loss":0,"event_name":"Purifier","floor":31,"gold_loss":0},{"damage_healed":0,"gold_gain":0,"player_choice":"Memory 1","damage_taken":0,"max_hp_gain":0,"max_hp_loss":0,"event_name":"SensoryStone","floor":38,"gold_loss":0},{"damage_healed":0,"gold_gain":0,"player_choice":"Fight","damage_taken":0,"max_hp_gain":0,"max_hp_loss":0,"event_name":"Mysterious Sphere","floor":39,"gold_loss":0}],"is_beta":false,"boss_relics":[{"not_picked":["Calling Bell","Eternal Feather"],"picked":"Astrolabe"},{"not_picked":["Busted Crown","Cursed Key"],"picked":"Tiny House"}],"items_purged_floors":[],"is_endless":false,"potions_floor_spawned":[2,6,7,8,10,13,18,25,30,33],"killed_by":"2 Orb Walkers","ascension_level":0}