{"gold_per_floor":[109,109,126,126,142,174,184,184,184,184,184,195,195],"floor_reached":13,"playtime":808,"items_purged":[],"score":102,"play_id":"25db118e-089e-4d81-8e92-7039d475a811","local_time":"20190801193615","is_ascension_mode":true,"campfire_choices":[{"data":"Infinite Blades","floor":8,"key":"SMITH"}],"neow_cost":"NONE","seed_source_timestamp":1839455494267200,"circlet_count":0,"master_deck":["Strike_G","Strike_G","Strike_G","Strike_G","Defend_G","Defend_G","Defend_G","Defend_G","Survivor","Neutralize","Infinite Blades+1","Noxious Fumes","PiercingWail","Concentrate","Quick Slash","Accuracy","Backflip","Backflip"],"relics":["Ring of the Snake","Kunai","Ornamental Fan","The Courier"],"potions_floor_usage":[],"damage_taken":[{"damage":6,"enemies":"Jaw Worm","floor":1,"turns":6},{"damage":0,"enemies":"2 Louse","floor":3,"turns":4},{"damage":0,"enemies":"Cultist","floor":5,"turns":4},{"damage":28,"enemies":"Lagavulin","floor":6,"turns":8},{"damage":0,"enemies":"Exordium Thugs","floor":7,"turns":5},{"damage":18,"enemies":"Lots of Slimes","floor":12,"turns":5},{"damage":12,"enemies":"3 Louse","floor":13,"turns":2}],"seed_played":"2489949640655280647","potions_obtained":[{"floor":1,"key":"Dexterity Potion"}],"is_trial":false,"path_per_floor":["M","?","M","?","M","E","M","R","T","T","$","M","M"],"character_chosen":"THE_SILENT","items_purchased":[],"campfire_rested":0,"item_purchase_floors":[],"current_hp_per_floor":[64,57,57,57,57,29,29,29,29,29,29,11,0],"gold":195,"neow_bonus":"THREE_CARDS","is_prod":false,"is_daily":false,"chose_seed":false,"campfire_upgraded":1,"win_rate":0,"timestamp":1564677375,"path_taken":["M","?","M","?","M","E","M","R","T","?","?","?","M"],"build_version":"2019-07-17","purchased_purges":0,"victory":false,"max_hp_per_floor":[70,70,70,70,70,70,70,70,70,70,70,70,70],"card_choices":[{"not_picked":["Sucker Punch","Flying Knee"],"picked":"Infinite Blades","floor":0},{"not_picked":["Blur","Masterful Stab"],"picked":"Noxious Fumes","floor":1},{"not_picked":["Flying Knee","Prepared"],"picked":"PiercingWail","floor":3},{"not_picked":["Bane","Acrobatics"],"picked":"Quick Slash","floor":5},{"not_picked":["Flechettes","Sucker Punch"],"picked":"Accuracy","floor":6},{"not_picked":["Slice","Quick Slash"],"picked":"Backflip","floor":7},{"not_picked":["Skewer","Deflect"],"picked":"Backflip","floor":12}],"player_experience":153820,"relics_obtained":[{"floor":6,"key":"Kunai"},{"floor":9,"key":"Ornamental Fan"},{"floor":10,"key":"The Courier"}],"event_choices":[{"cards_removed":["Defend_G"],"damage_healed":0,"gold_gain":0,"player_choice":"Card Removal","damage_taken":7,"max_hp_gain":0,"max_hp_loss":0,"event_name":"Golden Wing","floor":2,"gold_loss":0},{"damage_healed":0,"gold_gain":0,"cards_transformed":["Strike_G"],"player_choice":"Change","damage_taken":0,"max_hp_gain":0,"max_hp_loss":0,"event_name":"Living Wall","floor":4,"gold_loss":0,"cards_obtained":["Concentrate"]}],"is_beta":false,"boss_relics":[],"items_purged_floors":[],"is_endless":false,"potions_floor_spawned":[1],"killed_by":"3 Louse","ascension_level":4}