{"gold_per_floor":[149,162,237,249,260,260,291,291,316,334,115,149,149,163,163,262,262,279,279,279,25,25,25,25],"floor_reached":24,"playtime":1412,"items_purged":[],"score":245,"play_id":"fa3866ff-69b9-42f8-8d66-fefb503e2e07","local_time":"20180624171723","is_ascension_mode":true,"campfire_choices":[{"data":"Zap","floor":6,"key":"SMITH"},{"floor":8,"key":"REST"},{"floor":15,"key":"REST"},{"data":"Apotheosis","floor":23,"key":"SMITH"}],"neow_cost":"NONE","seed_source_timestamp":3520877000060464,"circlet_count":0,"master_deck":["Strike_B","Strike_B","Strike_B","Defend_B","Defend_B+1","Defend_B+1","Defend_B+1","Zap+1","Dualcast","Hologram+1","Melter","Double Energy+1","Doom and Gloom","Cold Snap","Rebound","Apotheosis+1","Steam","Multi-Cast","White Noise","Fission","Reprogram+1","Recycle","Writhe"],"special_seed":17706,"relics":["Tiny House","War Paint","Juzu Bracelet","Bronze Scales","Velvet Choker","Pantograph","Du-Vu Doll"],"potions_floor_usage":[7,14,16,16,16],"damage_taken":[{"damage":1,"enemies":"2 Louse","floor":1,"turns":4},{"damage":7,"enemies":"Jaw Worm","floor":2,"turns":4},{"damage":0,"enemies":"Small Slimes","floor":4,"turns":3},{"damage":16,"enemies":"Exordium Thugs","floor":5,"turns":5},{"damage":24,"enemies":"Lagavulin","floor":7,"turns":5},{"damage":0,"enemies":"Large Slime","floor":10,"turns":4},{"damage":7,"enemies":"3 Sentries","floor":12,"turns":4},{"damage":5,"enemies":"3 Louse","floor":14,"turns":3},{"damage":31,"enemies":"The Guardian","floor":16,"turns":7},{"damage":28,"enemies":"2 Thieves","floor":18,"turns":3},{"damage":47,"enemies":"Book of Stabbing","floor":24,"turns":5}],"seed_played":"891976636895734104","potions_obtained":[{"floor":0,"key":"SteroidPotion"},{"floor":5,"key":"Swift Potion"},{"floor":7,"key":"GamblersBrew"},{"floor":12,"key":"SteroidPotion"},{"floor":14,"key":"Ancient Potion"}],"is_trial":false,"path_per_floor":["M","M","?","M","M","R","E","R","T","M","$","E","?","M","R","B",null,"M","?","?","$","?","R"],"character_chosen":"DEFECT","items_purchased":["Apotheosis","Steam","Pantograph"],"campfire_rested":2,"item_purchase_floors":[11,11,21],"current_hp_per_floor":[79,72,61,61,45,45,21,45,45,45,45,38,22,17,41,10,80,52,52,37,37,37,37,0],"gold":25,"neow_bonus":"BOSS_RELIC","is_prod":false,"is_daily":false,"chose_seed":false,"campfire_upgraded":2,"win_rate":0,"timestamp":1529857043,"path_taken":["M","M","?","?","M","R","E","R","T","M","$","E","?","M","R","BOSS","M","?","?","$","?","R","E"],"build_version":"2018-06-21v2","purchased_purges":0,"victory":false,"max_hp_per_floor":[80,80,80,80,80,80,80,80,80,80,80,80,80,80,80,80,80,80,80,85,85,85,85,85],"card_choices":[{"not_picked":["Steam","Barrage"],"picked":"Hologram","floor":0},{"not_picked":["Sweeping Beam","BootSequence"],"picked":"Melter","floor":1},{"not_picked":["Streamline","Conserve Battery"],"picked":"Double Energy","floor":2},{"not_picked":["Leap","Hologram","Turbo"],"picked":"SKIP","floor":4},{"not_picked":["Cold Snap","Barrage"],"picked":"Doom and Gloom","floor":5},{"not_picked":["Scrape","Steam"],"picked":"Cold Snap","floor":7},{"not_picked":["Storm","White Noise"],"picked":"Rebound","floor":10},{"not_picked":["Go for the Eyes","Compile Driver"],"picked":"Multi-Cast","floor":12},{"not_picked":["Streamline","Doom and Gloom"],"picked":"White Noise","floor":14},{"not_picked":["Core Surge","Rainbow"],"picked":"Fission","floor":16},{"not_picked":["Turbo","Ball Lightning+1"],"picked":"Reprogram+1","floor":18}],"player_experience":315898,"relics_obtained":[{"floor":7,"key":"War Paint"},{"floor":9,"key":"Juzu Bracelet"},{"floor":12,"key":"Bronze Scales"}],"event_choices":[{"event_name":"World of Goop","player_choice":"Gather Gold","floor":3,"damage_taken":0},{"event_name":"Shining Light","player_choice":"Entered Light","floor":13,"damage_taken":0},{"event_name":"Transmorgrifier","player_choice":"Transform","floor":19,"damage_taken":0},{"event_name":"Forgotten Altar","player_choice":"Shed Blood","floor":20,"damage_taken":0},{"event_name":"The Mausoleum","player_choice":"Yes","floor":22,"damage_taken":0}],"boss_relics":[{"not_picked":["Philosopher\u0027s Stone","Black Star"],"picked":"Velvet Choker"}],"items_purged_floors":[],"is_endless":false,"potions_floor_spawned":[5,7,12,14],"killed_by":"Book of Stabbing","ascension_level":4}