{"gold_per_floor":[110,260,260,12,24,51,51,82,382,397,424,424,458,473,473,552,552,566,57,37,0,19,19,54,54,77,89,89,101,113,143,143,220,220,233,244,260,7,19,19,49,49,49,49,49,64,64,96,96,96],"floor_reached":51,"playtime":6159,"items_purged":["Doubt","Strike_G"],"score":1521,"play_id":"aeb5243b-4a9c-4e15-ba78-da0fe605c5b0","local_time":"20190416223436","is_ascension_mode":true,"campfire_choices":[{"data":"Caltrops","floor":12.0,"key":"SMITH"},{"floor":15.0,"key":"REST"},{"floor":23.0,"key":"REST"},{"data":"Footwork","floor":25.0,"key":"SMITH"},{"data":"Predator","floor":28.0,"key":"SMITH"},{"floor":32.0,"key":"REST"},{"floor":40.0,"key":"REST"},{"floor":42,"key":"REST"},{"floor":45,"key":"REST"},{"data":"Flechettes","floor":47,"key":"SMITH"},{"data":"Caltrops","floor":49,"key":"SMITH"}],"neow_cost":"NONE","seed_source_timestamp":0,"circlet_count":0,"master_deck":["AscendersBane","Defend_G+1","Defend_G+1","Defend_G+1","Defend_G+1","Defend_G+1","Strike_G+1","Strike_G+1","Survivor+1","Neutralize+1","Caltrops+1","Poisoned Stab+1","Infinite Blades+1","All Out Attack+1","PiercingWail+1","Well Laid Plans+1","Escape Plan+1","Leg Sweep+1","Malaise+1","Footwork+1","PiercingWail+1","Footwork+1","Backflip+1","Predator+1","Dash+1","Footwork+1","Storm of Steel+1","After Image+1","Adrenaline+1","Corpse Explosion+1","Bane+1","Acrobatics+1","PiercingWail+1","Noxious Fumes+1","Blur+1","Acrobatics+1","Flechettes+1","Caltrops+1"],"special_seed":0,"relics":["Ring of the Snake","NeowsBlessing","Prayer Wheel","Happy Flower","Old Coin","Lantern","Singing Bowl","Snecko Eye","Calipers","Du-Vu Doll","Whetstone","Kunai","Astrolabe","Dream Catcher","Question Card","Sundial","Mark of the Bloom","Mercury Hourglass"],"potions_floor_usage":[41,48,50],"damage_taken":[{"damage":0.0,"enemies":"Small Slimes","floor":1.0,"turns":1.0},{"damage":0.0,"enemies":"2 Louse","floor":5.0,"turns":1.0},{"damage":0.0,"enemies":"3 Sentries","floor":6.0,"turns":1.0},{"damage":22.0,"enemies":"Lagavulin","floor":8.0,"turns":7.0},{"damage":0.0,"enemies":"Cultist","floor":10.0,"turns":4.0},{"damage":12.0,"enemies":"3 Sentries","floor":11.0,"turns":5.0},{"damage":21.0,"enemies":"Lagavulin","floor":13.0,"turns":6.0},{"damage":0.0,"enemies":"3 Louse","floor":14.0,"turns":1.0},{"damage":10.0,"enemies":"Hexaghost","floor":16.0,"turns":10.0},{"damage":9.0,"enemies":"Chosen","floor":18.0,"turns":8.0},{"damage":12.0,"enemies":"2 Thieves","floor":21.0,"turns":4.0},{"damage":31.0,"enemies":"Cultist and Chosen","floor":22.0,"turns":9.0},{"damage":2.0,"enemies":"Book of Stabbing","floor":24.0,"turns":7.0},{"damage":0.0,"enemies":"3 Cultists","floor":27.0,"turns":6.0},{"damage":1.0,"enemies":"Snecko","floor":29.0,"turns":6.0},{"damage":0.0,"enemies":"Snake Plant","floor":30.0,"turns":7.0},{"damage":29.0,"enemies":"Slavers","floor":31.0,"turns":8.0},{"damage":16.0,"enemies":"Automaton","floor":33.0,"turns":16.0},{"damage":0.0,"enemies":"Orb Walker","floor":35.0,"turns":3.0},{"damage":23.0,"enemies":"3 Darklings","floor":36.0,"turns":5.0},{"damage":26.0,"enemies":"Jaw Worm Horde","floor":37.0,"turns":3.0},{"damage":0.0,"enemies":"Writhing Mass","floor":39.0,"turns":9.0},{"damage":44,"enemies":"Reptomancer","floor":41,"turns":10},{"damage":2,"enemies":"4 Shapes","floor":46,"turns":5},{"damage":4,"enemies":"Giant Head","floor":48,"turns":9},{"damage":30,"enemies":"Time Eater","floor":50,"turns":14}],"seed_played":"4850596110337742165","potions_obtained":[{"floor":1.0,"key":"SteroidPotion"},{"floor":10.0,"key":"Strength Potion"},{"floor":11.0,"key":"Weak Potion"},{"floor":14.0,"key":"Swift Potion"},{"floor":20.0,"key":"SneckoOil"},{"floor":22.0,"key":"EssenceOfSteel"},{"floor":24.0,"key":"LiquidBronze"},{"floor":27.0,"key":"Dexterity Potion"},{"floor":31.0,"key":"SteroidPotion"},{"floor":35.0,"key":"Ancient Potion"},{"floor":36.0,"key":"Block Potion"},{"floor":46,"key":"FearPotion"}],"is_trial":false,"path_per_floor":["M","?","?","$","M","E","?","E","T","M","E","R","E","M","R","B",null,"M","$","?","M","M","R","E","R","T","M","R","M","M","E","R","B",null,"M","M","M","$","M","R","E","R","T","?","R","M","R","E","R","B",null],"character_chosen":"THE_SILENT","items_purchased":["Poisoned Stab","Fire Potion","Infinite Blades","Footwork","Calipers","Noxious Fumes","Dream Catcher","Energy Potion"],"campfire_rested":6,"item_purchase_floors":[4,4,4,19,19,38,38,38],"current_hp_per_floor":[59,59,59,59,59,59,59,37,37,37,25,25,4,6,26,16,55,46,46,46,36,7,28,28,28,28,32,32,33,35,6,30,14,65,69,48,24,24,26,55,11,41,41,41,41,39,39,35,35,5],"gold":96,"neow_bonus":"THREE_ENEMY_KILL","is_prod":false,"is_daily":false,"chose_seed":false,"campfire_upgraded":5,"win_rate":0,"timestamp":1555450476,"path_taken":["M","?","?","$","M","E","?","E","T","M","E","R","E","M","R","BOSS","M","?","?","M","M","R","E","R","T","M","R","M","M","E","R","BOSS","M","?","M","$","M","R","E","R","T","?","R","M","R","E","R","BOSS"],"build_version":"2019-01-23","purchased_purges":2,"victory":true,"max_hp_per_floor":[66,66,66,66,66,66,66,66,66,66,66,66,66,68,68,68,68,68,68,68,70,72,72,74,74,74,78,78,80,82,82,82,82,82,86,88,90,90,92,94,94,96,96,96,98,98,98,100,100,100],"card_choices":[{"not_picked":["Bouncing Flask","Prepared"],"picked":"Caltrops","floor":1.0},{"not_picked":["Caltrops","Acrobatics"],"picked":"All Out Attack","floor":5.0},{"not_picked":["Slice","Quick Slash"],"picked":"PiercingWail","floor":6.0},{"not_picked":["Infinite Blades","Sucker Punch"],"picked":"Well Laid Plans","floor":8.0},{"not_picked":["Masterful Stab","Outmaneuver"],"picked":"Escape Plan","floor":10.0},{"not_picked":["Underhanded Strike","Dagger Spray","Poisoned Stab"],"picked":"SKIP","floor":10.0},{"not_picked":["Reflex","Cloak And Dagger","Distraction"],"picked":"SKIP","floor":11.0},{"not_picked":["Blur","Poisoned Stab"],"picked":"Leg Sweep","floor":13.0},{"not_picked":["Quick Slash","Sucker Punch","Setup"],"picked":"Singing Bowl","floor":14.0},{"not_picked":["Infinite Blades","Tactician"],"picked":"Deadly Poison","floor":14.0},{"not_picked":["Storm of Steel","After Image"],"picked":"Malaise","floor":16.0},{"not_picked":["Concentrate","Dagger Throw"],"picked":"Footwork","floor":18.0},{"not_picked":["Slice","Sucker Punch"],"picked":"PiercingWail","floor":18.0},{"not_picked":["Quick Slash","Caltrops"],"picked":"Backflip","floor":21.0},{"not_picked":["Catalyst","Tactician","Flying Knee"],"picked":"Singing Bowl","floor":21.0},{"not_picked":["Blade Dance","Eviscerate","Grand Finale"],"picked":"Singing Bowl","floor":22.0},{"not_picked":["Blur","Poisoned Stab"],"picked":"Predator","floor":22.0},{"not_picked":["All Out Attack","Concentrate","Heel Hook"],"picked":"Singing Bowl","floor":24.0},{"not_picked":["Sucker Punch","Deadly Poison","Expertise"],"picked":"Singing Bowl","floor":27.0},{"not_picked":["Concentrate","Cloak And Dagger","Expertise"],"picked":"Singing Bowl","floor":27.0},{"not_picked":["Expertise","Deadly Poison"],"picked":"Dash","floor":29.0},{"not_picked":["Sucker Punch","Dagger Spray","Bane"],"picked":"Singing Bowl","floor":29.0},{"not_picked":["Prepared","Dagger Spray","Slice"],"picked":"Singing Bowl","floor":30.0},{"not_picked":["Tactician","Quick Slash"],"picked":"Footwork+1","floor":30.0},{"not_picked":["Well Laid Plans+1","Sucker Punch+1"],"picked":"Storm of Steel","floor":31.0},{"not_picked":["Glass Knife","Grand Finale"],"picked":"After Image","floor":33.0},{"not_picked":["Setup+1","Acrobatics","Dagger Spray"],"picked":"Singing Bowl","floor":35.0},{"not_picked":["Underhanded Strike","Setup+1","Footwork"],"picked":"Singing Bowl","floor":35.0},{"not_picked":["Deadly Poison","Flying Knee"],"picked":"Acrobatics+1","floor":36.0},{"not_picked":["Glass Knife","Backstab","Blade Dance"],"picked":"Singing Bowl","floor":36.0},{"not_picked":["Sucker Punch","Setup"],"picked":"PiercingWail+1","floor":37.0},{"not_picked":["Deflect+1","Prepared+1","Skewer"],"picked":"Singing Bowl","floor":37.0},{"not_picked":["Prepared","Deflect","Setup"],"picked":"Singing Bowl","floor":39.0},{"not_picked":["Outmaneuver","Deflect"],"picked":"Blur+1","floor":39.0},{"not_picked":["Accuracy","Slice","Bane"],"picked":"Singing Bowl","floor":40.0},{"not_picked":["Eviscerate+1","Blur"],"picked":"Acrobatics+1","floor":41},{"not_picked":["Blade Dance","Dagger Throw","Slice+1","Blur"],"picked":"Singing Bowl","floor":42},{"not_picked":["Tactician","Prepared","Bane","Accuracy"],"picked":"Singing Bowl","floor":45},{"not_picked":["Accuracy+1","Prepared","Deadly Poison"],"picked":"Flechettes","floor":46},{"not_picked":["Terror+1","Bouncing Flask","Riddle With Holes"],"picked":"Caltrops","floor":46},{"not_picked":["Predator","Blade Dance","PiercingWail","Adrenaline"],"picked":"Singing Bowl","floor":48}],"player_experience":803074,"relics_obtained":[{"floor":6.0,"key":"Prayer Wheel"},{"floor":8.0,"key":"Happy Flower"},{"floor":9.0,"key":"Old Coin"},{"floor":11.0,"key":"Lantern"},{"floor":13.0,"key":"Singing Bowl"},{"floor":24.0,"key":"Du-Vu Doll"},{"floor":26.0,"key":"Whetstone"},{"floor":31.0,"key":"Kunai"},{"floor":41,"key":"Question Card"},{"floor":43,"key":"Sundial"},{"floor":48,"key":"Mercury Hourglass"}],"event_choices":[{"damage_healed":0.0,"max_hp_gain":0.0,"max_hp_loss":0.0,"gold_gain":150.0,"event_name":"Liars Game","player_choice":"AGREE","floor":2.0,"gold_loss":0.0,"damage_taken":0.0,"cards_obtained":["Doubt"]},{"damage_healed":0.0,"max_hp_gain":0.0,"max_hp_loss":0.0,"gold_gain":0.0,"event_name":"Living Wall","player_choice":"Grow","floor":3.0,"gold_loss":0.0,"damage_taken":0.0,"cards_upgraded":["Neutralize"]},{"damage_healed":0.0,"max_hp_gain":0.0,"max_hp_loss":0.0,"gold_gain":0.0,"event_name":"Accursed Blacksmith","player_choice":"Forge","floor":7.0,"gold_loss":0.0,"damage_taken":0.0,"cards_upgraded":["All Out Attack"]},{"damage_healed":0.0,"max_hp_gain":0.0,"max_hp_loss":0.0,"gold_gain":0.0,"event_name":"The Woman in Blue","player_choice":"Bought 1 Potion","floor":20.0,"gold_loss":0.0,"damage_taken":0.0},{"damage_healed":0,"gold_gain":0,"player_choice":"Upgrade","damage_taken":0,"relics_obtained":["Mark of the Bloom"],"max_hp_gain":0,"max_hp_loss":0,"event_name":"MindBloom","floor":44,"gold_loss":0,"cards_upgraded":["Defend_G","Defend_G","Defend_G","Defend_G","Defend_G","Survivor","Poisoned Stab","Infinite Blades","PiercingWail","Well Laid Plans","Escape Plan","Leg Sweep","Malaise","PiercingWail","Footwork","Backflip","Dash","Storm of Steel","After Image","Noxious Fumes"]}],"is_beta":false,"boss_relics":[{"not_picked":["Calling Bell","Empty Cage"],"picked":"Snecko Eye"},{"not_picked":["Busted Crown","White Beast Statue"],"picked":"Astrolabe"}],"items_purged_floors":[4,19],"is_endless":false,"potions_floor_spawned":[1,10,11,14,22,24,27,31,35,36,46],"ascension_level":18}