{"gold_per_floor":[111,111,125,143,155,181,191,191,191,191,156,81,96,109,109,185,185,203,203,203,223,239,239,268,268,319,333,333,344,361,372,372,372],"floor_reached":33,"playtime":1855,"items_purged":["Strike_B"],"score":614,"play_id":"8b1fba97-fd84-4c49-9b25-cab5c881cb48","local_time":"20190816213526","is_ascension_mode":true,"campfire_choices":[{"floor":8.0,"key":"REST"},{"data":"Dualcast","floor":10.0,"key":"SMITH"},{"data":"Zap","floor":15.0,"key":"SMITH"},{"floor":23.0,"key":"REST"},{"data":"Self Repair","floor":25.0,"key":"SMITH"},{"floor":28.0,"key":"REST"},{"data":"Echo Form","floor":32,"key":"SMITH"}],"neow_cost":"NONE","seed_source_timestamp":198334883530500,"circlet_count":0,"master_deck":["AscendersBane","Strike_B","Strike_B","Strike_B","Defend_B","Defend_B+1","Defend_B","Defend_B","Zap+1","Dualcast+1","Electrodynamics","Cold Snap","Ball Lightning","Reinforced Body+1","Echo Form+1","Self Repair+1","Chill","Glacier"],"special_seed":0,"relics":["Cracked Core","FaceOfCleric","Potion Belt","Blue Candle","Philosopher\u0027s Stone","Enchiridion","War Paint","Happy Flower"],"potions_floor_usage":[33,33],"damage_taken":[{"damage":3.0,"enemies":"2 Louse","floor":1.0,"turns":2.0},{"damage":7.0,"enemies":"Cultist","floor":3.0,"turns":4.0},{"damage":11.0,"enemies":"Small Slimes","floor":4.0,"turns":4.0},{"damage":8.0,"enemies":"Exordium Wildlife","floor":5.0,"turns":3.0},{"damage":16.0,"enemies":"3 Sentries","floor":6.0,"turns":5.0},{"damage":12.0,"enemies":"Large Slime","floor":7.0,"turns":5.0},{"damage":12.0,"enemies":"2 Fungi Beasts","floor":13.0,"turns":3.0},{"damage":10.0,"enemies":"Exordium Wildlife","floor":14.0,"turns":2.0},{"damage":0.0,"enemies":"Slime Boss","floor":16.0,"turns":5.0},{"damage":16.0,"enemies":"Spheric Guardian","floor":18.0,"turns":5.0},{"damage":0.0,"enemies":"Chosen","floor":21.0,"turns":3.0},{"damage":20.0,"enemies":"Centurion and Healer","floor":22.0,"turns":4.0},{"damage":32.0,"enemies":"Slavers","floor":24.0,"turns":3.0},{"damage":12.0,"enemies":"Shelled Parasite and Fungi","floor":27.0,"turns":5.0},{"damage":0.0,"enemies":"Snake Plant","floor":29.0,"turns":3.0},{"damage":29.0,"enemies":"Cultist and Chosen","floor":30.0,"turns":6.0},{"damage":0,"enemies":"Chosen and Byrds","floor":31,"turns":4},{"damage":78,"enemies":"Collector","floor":33,"turns":14}],"seed_played":"-439921847993571328","potions_obtained":[{"floor":6.0,"key":"PowerPotion"},{"floor":13.0,"key":"Weak Potion"},{"floor":14.0,"key":"Ancient Potion"},{"floor":16.0,"key":"GamblersBrew"},{"floor":24.0,"key":"FearPotion"},{"floor":27.0,"key":"LiquidBronze"},{"floor":30.0,"key":"Swift Potion"},{"floor":31,"key":"Regen Potion"}],"is_trial":false,"path_per_floor":["M","?","M","M","M","E","M","R","T","R","?","$","M","M","R","B",null,"M","?","?","M","M","R","E","R","T","M","R","M","M","M","R","B"],"character_chosen":"DEFECT","items_purchased":[],"campfire_rested":3,"item_purchase_floors":[],"current_hp_per_floor":[61,61,55,45,38,23,12,34,34,34,53,53,42,33,33,34,68,53,32,32,33,21,45,21,21,21,10,35,46,28,39,39,0],"gold":372,"neow_bonus":"ONE_RANDOM_RARE_CARD","is_prod":false,"is_daily":false,"chose_seed":false,"campfire_upgraded":4,"win_rate":0,"timestamp":1566016526,"path_taken":["M","?","?","M","M","E","M","R","T","R","?","?","M","M","R","BOSS","M","?","?","M","M","R","E","R","T","M","R","M","M","?","R","BOSS"],"build_version":"2019-07-17","purchased_purges":1,"victory":false,"max_hp_per_floor":[71,71,72,73,74,75,76,76,76,76,76,76,77,78,78,79,79,80,80,80,81,82,82,83,83,83,84,84,85,86,87,87,87],"card_choices":[{"not_picked":["Steam","Rebound","Hello World"],"picked":"SKIP","floor":1.0},{"not_picked":["Steam","Sweeping Beam","Reprogram"],"picked":"SKIP","floor":3.0},{"not_picked":["Sweeping Beam","Darkness","Stack"],"picked":"SKIP","floor":4.0},{"not_picked":["Streamline","Barrage"],"picked":"Cold Snap","floor":5.0},{"not_picked":["Multi-Cast","Rebound","Hello World"],"picked":"SKIP","floor":6.0},{"not_picked":["Streamline","Turbo"],"picked":"Ball Lightning","floor":7.0},{"not_picked":["Leap","Hello World","Turbo"],"picked":"SKIP","floor":13.0},{"not_picked":["Stack","Melter"],"picked":"Reinforced Body","floor":14.0},{"not_picked":["Fission","Hyperbeam"],"picked":"Echo Form","floor":16.0},{"not_picked":["Rip and Tear","Coolheaded","Tempest"],"picked":"SKIP","floor":18.0},{"not_picked":["Gash","Ball Lightning"],"picked":"Self Repair","floor":21.0},{"not_picked":["Gash","Conserve Battery","Steam"],"picked":"SKIP","floor":22.0},{"not_picked":["BootSequence","Rebound"],"picked":"Chill","floor":24.0},{"not_picked":["Conserve Battery","BootSequence","Lockon+1"],"picked":"SKIP","floor":27.0},{"not_picked":["Conserve Battery","Compile Driver"],"picked":"Glacier","floor":29.0},{"not_picked":["Melter","Scrape","Streamline"],"picked":"SKIP","floor":30.0},{"not_picked":["Darkness","Conserve Battery","Stack"],"picked":"SKIP","floor":31}],"player_experience":675377,"relics_obtained":[{"floor":6.0,"key":"Potion Belt"},{"floor":9.0,"key":"Blue Candle"},{"floor":19.0,"key":"Enchiridion"},{"floor":24.0,"key":"War Paint"},{"floor":26.0,"key":"Happy Flower"}],"event_choices":[{"damage_healed":0.0,"max_hp_gain":0.0,"max_hp_loss":0.0,"gold_gain":0.0,"event_name":"FaceTrader","player_choice":"Trade","floor":2.0,"gold_loss":0.0,"damage_taken":0.0,"relics_obtained":["FaceOfCleric"]},{"damage_healed":19.0,"max_hp_gain":0.0,"max_hp_loss":0.0,"gold_gain":0.0,"event_name":"The Cleric","player_choice":"Healed","floor":11.0,"gold_loss":35.0,"damage_taken":0.0},{"damage_healed":0.0,"max_hp_gain":0.0,"max_hp_loss":0.0,"gold_gain":0.0,"event_name":"Cursed Tome","player_choice":"Obtained Book","floor":19.0,"gold_loss":0.0,"damage_taken":21.0},{"damage_healed":0.0,"max_hp_gain":0.0,"max_hp_loss":0.0,"gold_gain":0.0,"event_name":"Ghosts","player_choice":"Ignored","floor":20.0,"gold_loss":0.0,"damage_taken":0.0}],"is_beta":false,"boss_relics":[{"not_picked":["Tiny House","Eternal Feather"],"picked":"Philosopher\u0027s Stone"}],"items_purged_floors":[12],"is_endless":false,"potions_floor_spawned":[6,13,14,16,24,27,30,31],"killed_by":"Collector","ascension_level":18}