{"gold_per_floor":[118,118,131,37,55,80,80,97,124,124,49,82,35,46,46,142,142,155,185,185],"floor_reached":20,"playtime":1279,"items_purged":["Strike_R"],"score":290,"play_id":"5a325854-d7a0-4a09-bef0-7a8ce326c6ab","local_time":"20190221190726","is_ascension_mode":true,"campfire_choices":[{"floor":15,"key":"REST"}],"neow_cost":"PERCENT_DAMAGE","seed_source_timestamp":376528604755462,"circlet_count":0,"master_deck":["Bash","Wild Strike","Bloodletting","Whirlwind+1","True Grit","Flame Barrier","Body Slam+1","Thunderclap","Shockwave","Evolve","Brutality","Fiend Fire","Juggernaut","Twin Strike","Brutality","Bloodletting","Offering","Ghostly Armor","Spot Weakness+1"],"relics":["Burning Blood","Pen Nib","Whetstone","Bag of Marbles","Nunchaku","Pandora\u0027s Box","Red Mask"],"potions_floor_usage":[12,16,19],"damage_taken":[{"damage":10,"enemies":"2 Louse","floor":1,"turns":2},{"damage":1,"enemies":"Cultist","floor":3,"turns":3},{"damage":4,"enemies":"Small Slimes","floor":5,"turns":4},{"damage":72,"enemies":"Lagavulin","floor":6,"turns":12},{"damage":4,"enemies":"Red Slaver","floor":8,"turns":4},{"damage":3,"enemies":"Gremlin Nob","floor":12,"turns":2},{"damage":8,"enemies":"Blue Slaver","floor":14,"turns":2},{"damage":32,"enemies":"Slime Boss","floor":16,"turns":8},{"damage":20,"enemies":"Spheric Guardian","floor":18,"turns":3},{"damage":47,"enemies":"Masked Bandits","floor":19,"turns":4}],"seed_played":"-4438264872767677722","potions_obtained":[{"floor":1,"key":"FairyPotion"},{"floor":6,"key":"AttackPotion"},{"floor":8,"key":"Swift Potion"},{"floor":12,"key":"Explosive Potion"},{"floor":16,"key":"EssenceOfSteel"}],"is_trial":false,"path_per_floor":["M","?","M","$","M","E","?","M","T","?","$","E","?","M","R","B",null,"M","?","?"],"character_chosen":"IRONCLAD","items_purchased":["Flame Barrier","Body Slam"],"campfire_rested":1,"item_purchase_floors":[4,4],"current_hp_per_floor":[47,47,52,52,54,14,14,16,16,13,13,16,16,14,38,12,63,49,8,0],"gold":185,"neow_bonus":"TRANSFORM_TWO_CARDS","is_prod":false,"is_daily":false,"chose_seed":false,"campfire_upgraded":0,"win_rate":0,"timestamp":1550776046,"path_taken":["M","?","?","?","M","E","?","?","T","?","?","E","?","?","R","BOSS","M","?","?"],"build_version":"2019-01-23","purchased_purges":1,"victory":false,"max_hp_per_floor":[80,80,80,80,80,80,80,80,80,80,80,80,80,80,80,80,80,80,80,85],"card_choices":[{"not_picked":["Perfected Strike","Dual Wield"],"picked":"Whirlwind","floor":1},{"not_picked":["Sword Boomerang","Warcry"],"picked":"True Grit","floor":3},{"not_picked":["Sword Boomerang","Flame Barrier"],"picked":"Thunderclap","floor":5},{"not_picked":["Immolate","Iron Wave"],"picked":"Shockwave","floor":6},{"not_picked":["Flex","Headbutt"],"picked":"Evolve","floor":8},{"not_picked":["Shrug It Off","Sentinel"],"picked":"Brutality","floor":12},{"not_picked":["Perfected Strike","Warcry","Iron Wave"],"picked":"SKIP","floor":14},{"not_picked":["Body Slam+1","Heavy Blade+1"],"picked":"Ghostly Armor","floor":18},{"not_picked":["Whirlwind","Havoc"],"picked":"Spot Weakness+1","floor":19}],"player_experience":466177,"relics_obtained":[{"floor":6,"key":"Pen Nib"},{"floor":9,"key":"Whetstone"},{"floor":12,"key":"Nunchaku"},{"floor":19,"key":"Red Mask"}],"event_choices":[{"damage_healed":0,"gold_gain":0,"player_choice":"Bought 0 Potions","damage_taken":0,"max_hp_gain":0,"max_hp_loss":0,"event_name":"The Woman in Blue","floor":2,"gold_loss":0},{"damage_healed":0,"gold_gain":0,"player_choice":"Forge","damage_taken":0,"max_hp_gain":0,"max_hp_loss":0,"event_name":"Accursed Blacksmith","floor":7,"gold_loss":0,"cards_upgraded":["Body Slam"]},{"damage_healed":0,"gold_gain":0,"player_choice":"Success","damage_taken":3,"relics_obtained":["Bag of Marbles"],"max_hp_gain":0,"max_hp_loss":0,"event_name":"Scrap Ooze","floor":10,"gold_loss":0},{"damage_healed":0,"gold_gain":0,"player_choice":"Left Gold","damage_taken":0,"max_hp_gain":0,"max_hp_loss":0,"event_name":"World of Goop","floor":13,"gold_loss":47},{"damage_healed":0,"gold_gain":0,"player_choice":"Fought Bandits","damage_taken":0,"max_hp_gain":0,"max_hp_loss":0,"event_name":"Masked Bandits","floor":19,"gold_loss":0}],"is_beta":false,"boss_relics":[{"not_picked":["Black Star","Ectoplasm"],"picked":"Pandora\u0027s Box"}],"items_purged_floors":[11],"is_endless":false,"potions_floor_spawned":[1,6,8,12,16],"ascension_level":8}