{"gold_per_floor":[117,130,130,142,158,213,213,228,228,228,247,278,278,298,298,396,396,408,17,17,17,30,65,111,136,148,160,172,219,131,151,151,254,254,267,267,40,0,20,20,74,74,74,91,91,91,13,23,23,23],"floor_reached":51,"playtime":4560,"items_purged":["Strike_G","Normality","Decay"],"score":1184,"play_id":"3f14ba63-4456-499d-b3b0-9dd0669ae576","local_time":"20190326205835","is_ascension_mode":true,"campfire_choices":[{"data":"Noxious Fumes","floor":7,"key":"SMITH"},{"data":"Neutralize","floor":10,"key":"SMITH"},{"data":"Cloak And Dagger","floor":15,"key":"SMITH"},{"data":"Infinite Blades","floor":28,"key":"SMITH"},{"data":"Cloak And Dagger","floor":32,"key":"SMITH"},{"floor":40,"key":"REST"},{"floor":49,"key":"REST"}],"neow_cost":"TEN_PERCENT_HP_LOSS","seed_source_timestamp":595984906513398,"circlet_count":0,"master_deck":["AscendersBane","Defend_G+1","Defend_G+1","Defend_G+1","Defend_G+1","Defend_G+1","Strike_G+1","Strike_G+1","Strike_G+1","Strike_G+1","Survivor+1","Neutralize+1","Dagger Spray+1","Predator+1","Underhanded Strike+1","Noxious Fumes+1","PiercingWail+1","Backflip+1","Adrenaline+1","Cloak And Dagger+1","Corpse Explosion+1","Infinite Blades+1","Infinite Blades+1","Flash of Steel+1","Dodge and Roll+1","Cloak And Dagger+1","Acrobatics+1","Glass Knife+1","Deadly Poison+1","Flash of Steel+1","Flash of Steel+1","Escape Plan+1","Dodge and Roll+1","Backflip+1","Dodge and Roll+1","Dodge and Roll+1","Acrobatics+1","Well Laid Plans","Escape Plan"],"relics":["Ring of the Snake","Gambling Chip","Tiny Chest","Gremlin Horn","Kunai","Cursed Key","Bag of Marbles","MutagenicStrength","Bottled Tornado","Dream Catcher","MawBank","Torii","Fusion Hammer","Red Mask","Tingsha","Mark of the Bloom"],"potions_floor_usage":[50,50],"damage_taken":[{"damage":2,"enemies":"Cultist","floor":1,"turns":5},{"damage":1,"enemies":"Small Slimes","floor":2,"turns":4},{"damage":3,"enemies":"2 Louse","floor":4,"turns":3},{"damage":6,"enemies":"Looter","floor":5,"turns":3},{"damage":26,"enemies":"Lagavulin","floor":6,"turns":7},{"damage":0,"enemies":"Blue Slaver","floor":8,"turns":4},{"damage":0,"enemies":"Large Slime","floor":11,"turns":5},{"damage":12,"enemies":"Gremlin Nob","floor":12,"turns":4},{"damage":0,"enemies":"2 Fungi Beasts","floor":14,"turns":2},{"damage":3,"enemies":"Hexaghost","floor":16,"turns":11},{"damage":0,"enemies":"3 Byrds","floor":18,"turns":3},{"damage":0,"enemies":"Spheric Guardian","floor":22,"turns":4},{"damage":0,"enemies":"Gremlin Leader","floor":23,"turns":7},{"damage":0,"enemies":"Slavers","floor":29,"turns":3},{"damage":2,"enemies":"Snecko","floor":31,"turns":4},{"damage":28,"enemies":"Automaton","floor":33,"turns":12},{"damage":1,"enemies":"Orb Walker","floor":35,"turns":5},{"damage":0,"enemies":"3 Shapes","floor":39,"turns":1},{"damage":1,"enemies":"2 Orb Walkers","floor":41,"turns":4},{"damage":1,"enemies":"Jaw Worm Horde","floor":44,"turns":3},{"damage":0,"enemies":"4 Shapes","floor":48,"turns":3},{"damage":8,"enemies":"Awakened One","floor":50,"turns":13}],"seed_played":"-8157695215640309136","potions_obtained":[{"floor":1,"key":"Block Potion"},{"floor":11,"key":"Strength Potion"},{"floor":16,"key":"AttackPotion"},{"floor":39,"key":"LiquidBronze"}],"is_trial":false,"path_per_floor":["M","M","?","M","M","E","R","M","T","R","M","E","?","M","R","B",null,"M","$","?","?","M","E","T","T","T","T","R","E","$","M","R","B",null,"M","?","$","?","M","R","?","$","T","M","?","T","$","M","R","B",null],"character_chosen":"THE_SILENT","items_purchased":["Bag of Marbles","Infinite Blades","Flash of Steel","Escape Plan","Dodge and Roll","Well Laid Plans"],"campfire_rested":2,"item_purchase_floors":[19,19,19,37,37,47],"current_hp_per_floor":[61,60,60,57,51,25,25,25,25,25,25,13,34,34,34,31,55,55,55,55,55,55,55,55,55,55,55,55,55,55,53,53,25,54,53,48,48,48,48,63,62,62,62,61,61,61,61,61,61,53],"gold":23,"neow_bonus":"ONE_RARE_RELIC","is_prod":false,"is_daily":false,"chose_seed":false,"campfire_upgraded":5,"win_rate":0,"timestamp":1553633915,"path_taken":["M","M","?","?","M","E","R","M","T","R","M","E","?","M","R","BOSS","M","$","?","?","M","E","?","?","T","?","R","E","$","M","R","BOSS","M","?","$","?","M","R","?","?","T","?","?","?","$","M","R","BOSS"],"build_version":"2019-01-23","purchased_purges":3,"victory":true,"max_hp_per_floor":[63,63,63,63,63,63,63,63,63,63,63,63,63,63,63,63,63,63,63,63,63,63,63,63,63,63,63,63,63,63,63,63,63,63,63,63,63,63,63,63,63,63,63,63,63,63,63,63,63,63],"card_choices":[{"not_picked":["Finisher","PiercingWail"],"picked":"Dagger Spray","floor":1},{"not_picked":["Poisoned Stab","Sucker Punch"],"picked":"Predator","floor":2},{"not_picked":["Storm of Steel","Bane"],"picked":"Underhanded Strike","floor":4},{"not_picked":["Sucker Punch","Prepared"],"picked":"Noxious Fumes","floor":5},{"not_picked":["Die Die Die","Crippling Poison"],"picked":"PiercingWail","floor":6},{"not_picked":["Outmaneuver","Bane"],"picked":"Backflip","floor":8},{"not_picked":["Bane","Eviscerate","Underhanded Strike"],"picked":"SKIP","floor":11},{"not_picked":["Bane","Eviscerate","Underhanded Strike"],"picked":"SKIP","floor":11},{"not_picked":["Flechettes","Dash"],"picked":"Adrenaline","floor":12},{"not_picked":["Deadly Poison","Quick Slash"],"picked":"Cloak And Dagger","floor":14},{"not_picked":["Adrenaline","Envenom"],"picked":"Corpse Explosion","floor":16},{"not_picked":["Dagger Spray","Dash"],"picked":"Infinite Blades","floor":18},{"not_picked":["Prepared+1","Predator"],"picked":"Dodge and Roll+1","floor":22},{"not_picked":["Dagger Throw","Sucker Punch","Grand Finale"],"picked":"SKIP","floor":23},{"not_picked":["Masterful Stab","Tactician"],"picked":"Cloak And Dagger","floor":29},{"not_picked":["Blade Dance","Outmaneuver"],"picked":"Acrobatics","floor":31},{"not_picked":["Corpse Explosion","Venomology"],"picked":"Glass Knife","floor":33},{"not_picked":["Endless Agony","Sucker Punch"],"picked":"Deadly Poison+1","floor":35},{"not_picked":["Dramatic Entrance","Panacea"],"picked":"Flash of Steel","floor":36},{"not_picked":["Discovery","Thinking Ahead"],"picked":"Flash of Steel","floor":36},{"not_picked":["Blade Dance","Flechettes"],"picked":"Backflip+1","floor":39},{"not_picked":["Outmaneuver","Sucker Punch"],"picked":"Dodge and Roll","floor":40},{"not_picked":["Tactician","Expertise"],"picked":"Dodge and Roll","floor":41},{"not_picked":["All Out Attack","Predator"],"picked":"Acrobatics","floor":44},{"not_picked":["Quick Slash","Deadly Poison","Cloak And Dagger"],"picked":"SKIP","floor":48},{"not_picked":["Blade Dance","Sucker Punch"],"picked":"Escape Plan","floor":49}],"player_experience":671458,"relics_obtained":[{"floor":6,"key":"Tiny Chest"},{"floor":9,"key":"Gremlin Horn"},{"floor":12,"key":"Kunai"},{"floor":23,"key":"Bottled Tornado"},{"floor":24,"key":"Dream Catcher"},{"floor":25,"key":"MawBank"},{"floor":29,"key":"Torii"},{"floor":41,"key":"Tingsha"}],"event_choices":[{"damage_healed":0,"gold_gain":0,"player_choice":"Upgraded","damage_taken":0,"max_hp_gain":0,"max_hp_loss":0,"event_name":"Upgrade Shrine","floor":3,"gold_loss":0,"cards_upgraded":["Predator"]},{"damage_healed":21,"gold_gain":0,"player_choice":"Banana","damage_taken":0,"max_hp_gain":0,"max_hp_loss":0,"event_name":"Big Fish","floor":13,"gold_loss":0},{"damage_healed":0,"gold_gain":0,"player_choice":"Inject Mutagens","damage_taken":0,"relics_obtained":["MutagenicStrength"],"max_hp_gain":0,"max_hp_loss":0,"event_name":"Drug Dealer","floor":20,"gold_loss":0},{"damage_healed":0,"gold_gain":0,"player_choice":"Ignored","damage_taken":0,"max_hp_gain":0,"max_hp_loss":0,"event_name":"The Mausoleum","floor":21,"gold_loss":0},{"damage_healed":0,"gold_gain":0,"player_choice":"Memory 2","damage_taken":5,"max_hp_gain":0,"max_hp_loss":0,"event_name":"SensoryStone","floor":36,"gold_loss":0},{"damage_healed":0,"gold_gain":0,"player_choice":"Paid","damage_taken":0,"relics_obtained":["Red Mask"],"max_hp_gain":0,"max_hp_loss":0,"event_name":"Tomb of Lord Red Mask","floor":38,"gold_loss":40},{"damage_healed":0,"gold_gain":0,"player_choice":"Fight","damage_taken":0,"max_hp_gain":0,"max_hp_loss":0,"event_name":"Mysterious Sphere","floor":41,"gold_loss":0},{"damage_healed":0,"gold_gain":0,"player_choice":"Upgrade","damage_taken":0,"relics_obtained":["Mark of the Bloom"],"max_hp_gain":0,"max_hp_loss":0,"event_name":"MindBloom","floor":45,"gold_loss":0,"cards_upgraded":["Defend_G","Defend_G","Defend_G","Defend_G","Defend_G","Strike_G","Strike_G","Strike_G","Strike_G","Survivor","Dagger Spray","Underhanded Strike","PiercingWail","Backflip","Adrenaline","Corpse Explosion","Infinite Blades","Flash of Steel","Acrobatics","Glass Knife","Flash of Steel","Flash of Steel","Escape Plan","Dodge and Roll","Dodge and Roll","Dodge and Roll","Acrobatics"]}],"is_beta":false,"boss_relics":[{"not_picked":["Orrery","Empty Cage"],"picked":"Cursed Key"},{"not_picked":["Philosopher\u0027s Stone","Velvet Choker"],"picked":"Fusion Hammer"}],"items_purged_floors":[19,30,37],"is_endless":false,"potions_floor_spawned":[1,11,14,16,23,31,33,39,48],"ascension_level":12}