{"gold_per_floor":[119,119,132,146,76,89,89,89,89,100,126,126,9,27,27,127,127,145,145,156,175,193,193],"floor_reached":23,"playtime":2139,"items_purged":[],"score":302,"play_id":"7e305d5e-9579-4b4d-b98b-cb29b3d1dc63","local_time":"20190726195941","is_ascension_mode":true,"campfire_choices":[{"data":"Neutralize","floor":7,"key":"SMITH"},{"data":"Well Laid Plans","floor":12,"key":"SMITH"},{"data":"Footwork","floor":15,"key":"SMITH"}],"neow_cost":"NONE","seed_source_timestamp":449829618370200,"circlet_count":0,"master_deck":["AscendersBane","Strike_G","Strike_G","Defend_G","Defend_G","Defend_G","Defend_G","Defend_G","Survivor","Neutralize+1","Flying Knee","Dagger Spray","Deflect","Predator","Well Laid Plans+1","Dash","Footwork+1","Outmaneuver","Tools of the Trade","Tactician","Footwork","Deflect","Prepared","Skewer+1"],"relics":["Ring of the Snake","Bottled Flame","Tingsha","Eternal Feather"],"potions_floor_usage":[23],"damage_taken":[{"damage":0,"enemies":"2 Louse","floor":1,"turns":4},{"damage":0,"enemies":"Cultist","floor":3,"turns":4},{"damage":5,"enemies":"Small Slimes","floor":4,"turns":6},{"damage":17,"enemies":"Exordium Thugs","floor":6,"turns":7},{"damage":0,"enemies":"2 Fungi Beasts","floor":10,"turns":4},{"damage":13,"enemies":"3 Sentries","floor":11,"turns":7},{"damage":4,"enemies":"3 Louse","floor":14,"turns":4},{"damage":3,"enemies":"The Guardian","floor":16,"turns":15},{"damage":0,"enemies":"3 Byrds","floor":18,"turns":8},{"damage":9,"enemies":"Shell Parasite","floor":20,"turns":8},{"damage":4,"enemies":"3 Cultists","floor":21,"turns":8},{"damage":16,"enemies":"Shelled Parasite and Fungi","floor":22,"turns":9},{"damage":34,"enemies":"Slavers","floor":23,"turns":3}],"seed_played":"-4511067805064755947","potions_obtained":[{"floor":4,"key":"Dexterity Potion"},{"floor":10,"key":"SteroidPotion"},{"floor":18,"key":"PowerPotion"},{"floor":20,"key":"Swift Potion"}],"is_trial":false,"path_per_floor":["M","?","M","M","$","M","R","?","T","M","E","R","$","M","R","B",null,"M","?","M","M","M","E"],"character_chosen":"THE_SILENT","items_purchased":["Predator","Footwork","Outmaneuver"],"campfire_rested":0,"item_purchase_floors":[5,13,13],"current_hp_per_floor":[63,63,63,58,58,41,41,41,41,41,28,28,28,24,24,21,58,58,58,49,45,29,0],"gold":193,"neow_bonus":"REMOVE_CARD","is_prod":false,"is_daily":false,"chose_seed":false,"campfire_upgraded":3,"win_rate":0,"timestamp":1564185581,"path_taken":["M","?","M","M","$","?","R","?","T","M","E","R","?","M","R","BOSS","M","?","M","M","M","E"],"build_version":"2019-07-17","purchased_purges":0,"victory":false,"max_hp_per_floor":[70,70,70,70,70,70,70,70,70,70,70,70,70,70,70,70,70,70,70,70,70,70,70],"card_choices":[{"not_picked":["PiercingWail","Finisher","Escape Plan"],"picked":"SKIP","floor":1},{"not_picked":["Backflip","Sucker Punch"],"picked":"Dagger Spray","floor":3},{"not_picked":["Underhanded Strike","Flechettes"],"picked":"Deflect","floor":4},{"not_picked":["Dagger Spray","Blade Dance","Doppelganger"],"picked":"SKIP","floor":6},{"not_picked":["Leg Sweep","Deflect"],"picked":"Well Laid Plans","floor":10},{"not_picked":["Dagger Spray","Deflect"],"picked":"Dash","floor":11},{"not_picked":["Slice","Outmaneuver","Cloak And Dagger"],"picked":"SKIP","floor":14},{"not_picked":["Die Die Die","After Image"],"picked":"Tools of the Trade","floor":16},{"not_picked":["PiercingWail","Cloak And Dagger"],"picked":"Tactician","floor":18},{"not_picked":["Flying Knee","Cloak And Dagger"],"picked":"Deflect","floor":20},{"not_picked":["Accuracy","Eviscerate"],"picked":"Prepared","floor":21},{"not_picked":["Infinite Blades","Dagger Spray+1"],"picked":"Skewer+1","floor":22}],"player_experience":530574,"relics_obtained":[{"floor":9,"key":"Bottled Flame"},{"floor":11,"key":"Tingsha"}],"event_choices":[{"damage_healed":0,"gold_gain":0,"cards_transformed":["Strike_G"],"player_choice":"Transformed","damage_taken":0,"max_hp_gain":0,"max_hp_loss":0,"event_name":"Transmorgrifier","floor":2,"gold_loss":0,"cards_obtained":["Flying Knee"]},{"cards_removed":["Strike_G"],"damage_healed":0,"gold_gain":0,"player_choice":"Offered Basic","damage_taken":0,"max_hp_gain":0,"max_hp_loss":0,"event_name":"Bonfire Elementals","floor":8,"gold_loss":0},{"damage_healed":0,"gold_gain":0,"player_choice":"Read","damage_taken":0,"max_hp_gain":0,"max_hp_loss":0,"event_name":"The Library","floor":19,"gold_loss":0,"cards_obtained":["Footwork"]}],"is_beta":false,"boss_relics":[{"not_picked":["Ectoplasm","Runic Pyramid"],"picked":"Eternal Feather"}],"items_purged_floors":[],"is_endless":false,"potions_floor_spawned":[4,10,16,18,20],"killed_by":"Slavers","ascension_level":11}