{"path_per_floor":["M","?","$","M","M","R","E","R","T","M","?","?","R","E","R","B",null,"M","?","$","M","M","R","E","R","T","E","R","?","E","?","R","B",null,"M","?","$","M","?","R","?","$","T","$","M","E","?","E","R","B"],"character_chosen":"THE_SILENT","items_purchased":["Dagger Spray","Toxic Egg 2","Well Laid Plans","Quick Slash"],"gold_per_floor":[112,112,58,68,80,80,112,112,112,127,191,191,191,223,223,321,321,339,339,17,37,56,56,85,85,85,117,117,32,60,60,60,157,157,176,176,105,125,125,125,177,25,25,25,39,95,0,34,34,34],"floor_reached":51,"campfire_rested":0,"playtime":4390,"current_hp_per_floor":[63,63,63,63,63,63,50,50,50,46,33,70,70,66,66,28,60,38,38,38,30,39,39,45,45,45,47,47,47,48,48,48,43,63,64,55,55,57,57,57,65,65,65,65,67,68,68,70,70,66],"items_purged":["Writhe","Strike_G"],"gold":34,"score":817,"play_id":"08bf4cc0-8981-4102-96c8-08885b56c795","is_prod":false,"is_daily":false,"is_ascension_mode":true,"campfire_upgraded":10,"path_taken":["M","?","?","?","M","R","E","R","T","M","?","?","R","E","R","BOSS","M","?","$","?","M","R","E","R","T","E","R","?","E","?","R","BOSS","M","?","$","M","?","R","?","$","T","?","?","E","?","E","R","BOSS"],"build_version":"2018-02-15-PROD1","purchased_purges":2,"victory":true,"master_deck":["Defend_G+1","Defend_G","Defend_G","Defend_G+1","Defend_G","Strike_G","Strike_G","Strike_G","Strike_G","Survivor+1","Neutralize+1","Predator+1","Dagger Spray+1","Outmaneuver+1","A Thousand Cuts+1","Noxious Fumes+1","Cloak And Dagger+1","After Image+1","Acrobatics+1","Accuracy+1","Deadly Poison+1","Outmaneuver+1","Backflip+1","Adrenaline+1","Prepared+1","Caltrops+1","Terror+1","Bane+1","Backflip+1","Backflip+1","Madness+1","Madness+1","Well Laid Plans","Sucker Punch+1","Quick Slash","Outmaneuver+1"],"max_hp_per_floor":[70,70,70,70,70,70,70,70,70,70,70,70,70,70,70,70,70,70,70,70,70,70,70,70,70,70,70,70,70,70,70,70,70,70,70,70,70,70,70,70,70,70,70,70,70,70,70,70,70,70],"relics":["Ring of the Snake","Anchor","Meat on the Bone","War Paint","Happy Flower","Bag of Marbles","The Specimen","Mummified Hand","Toxic Egg 2","Blood Vial","Thread and Needle","Oddly Smooth Stone","Ice Cream","Lantern","Orrery","Du-Vu Doll","Dream Catcher","Tiny Chest","Red Mask","Ornamental Fan"],"card_choices":[{"not_picked":["Poisoned Stab","Backstab"],"picked":"Predator"},{"not_picked":["Dagger Spray","Caltrops"],"picked":"Outmaneuver"},{"not_picked":["Prepared","Blade Dance"],"picked":"A Thousand Cuts"},{"not_picked":["Dagger Throw","Cloak And Dagger"],"picked":"Noxious Fumes"},{"not_picked":["Distraction","Prepared"],"picked":"Cloak And Dagger"},{"not_picked":["Adrenaline","Wraith Form"],"picked":"After Image"},{"not_picked":["Bane","Dodge and Roll"],"picked":"Acrobatics"},{"not_picked":["Deflect","Storm of Steel"],"picked":"Accuracy"},{"not_picked":["Poisoned Stab","Outmaneuver"],"picked":"Deadly Poison"},{"not_picked":["Flechettes","Acrobatics"],"picked":"Outmaneuver"},{"not_picked":["Underhanded Strike","Outmaneuver"],"picked":"Dodge and Roll"},{"not_picked":["Flechettes","Finisher"],"picked":"Backflip"},{"not_picked":["Die Die Die","Doppelganger"],"picked":"Adrenaline"},{"not_picked":["Underhanded Strike","Dagger Spray"],"picked":"Prepared"},{"not_picked":["Quick Slash","Dodge and Roll"],"picked":"Caltrops"},{"not_picked":["Doppelganger","Outmaneuver"],"picked":"Terror"},{"not_picked":["Deadly Poison","Flechettes"],"picked":"Bane"},{"not_picked":["Cloak And Dagger","Infinite Blades"],"picked":"Backflip"},{"not_picked":["Skewer","Flying Knee"],"picked":"Backflip"},{"not_picked":["Storm of Steel","Dagger Throw"],"picked":"Sucker Punch"},{"not_picked":["Cloak And Dagger","Tactician"],"picked":"Outmaneuver"}],"player_experience":188228,"potions_floor_usage":[7,7,21,22,24,30,41,46,50,50],"damage_taken":[{"damage":0,"enemies":"2 Louse","floor":1,"turns":3},{"damage":0,"enemies":"Small Slimes","floor":4,"turns":2},{"damage":0,"enemies":"Cultist","floor":5,"turns":3},{"damage":13,"enemies":"3 Sentries","floor":7,"turns":4},{"damage":4,"enemies":"Red Slaver","floor":10,"turns":4},{"damage":25,"enemies":"Gremlin Nob","floor":11,"turns":5},{"damage":4,"enemies":"Lagavulin","floor":14,"turns":7},{"damage":50,"enemies":"Slime Boss","floor":16,"turns":8},{"damage":22,"enemies":"2 Thieves","floor":18,"turns":4},{"damage":20,"enemies":"Chosen","floor":21,"turns":5},{"damage":0,"enemies":"3 Cultists","floor":22,"turns":4},{"damage":6,"enemies":"Book of Stabbing","floor":24,"turns":6},{"damage":12,"enemies":"Gremlin Leader","floor":27,"turns":5},{"damage":1,"enemies":"Book of Stabbing","floor":30,"turns":5},{"damage":19,"enemies":"Automaton","floor":33,"turns":7},{"damage":1,"enemies":"3 Shapes","floor":35,"turns":3},{"damage":0,"enemies":"Orb Walker","floor":38,"turns":2},{"damage":0,"enemies":"Mysterious Sphere","floor":41,"turns":4},{"damage":0,"enemies":"Maw","floor":45,"turns":6},{"damage":1,"enemies":"Nemesis","floor":46,"turns":5},{"damage":0,"enemies":"Giant Head","floor":48,"turns":5},{"damage":4,"enemies":"Donu and Deca","floor":50,"turns":7}],"event_choices":[{"event_name":"Living Wall","player_choice":"Grow","floor":2,"damage_taken":0},{"event_name":"Dead Adventurer","player_choice":"Searched \u00271\u0027 times","floor":11,"damage_taken":0},{"event_name":"Wheel of Change","player_choice":"Full Heal","floor":12,"damage_taken":0},{"event_name":"The Mausoleum","player_choice":"Yes","floor":19,"damage_taken":0},{"event_name":"Addict","player_choice":"Obtained Relic","floor":29,"damage_taken":0},{"event_name":"Accursed Blacksmith","player_choice":"Forge","floor":31,"damage_taken":0},{"event_name":"Winding Halls","player_choice":"Embrace Madness","floor":36,"damage_taken":0},{"event_name":"Mysterious Sphere","player_choice":"Fight","floor":41,"damage_taken":0},{"event_name":"Tomb of Lord Red Mask","player_choice":"Paid","floor":47,"damage_taken":0}],"boss_relics":[{"not_picked":["Calling Bell","Tiny House"],"picked":"The Specimen"},{"not_picked":["Eternal Feather","Runic Dome"],"picked":"Orrery"}],"potions_floor_spawned":[1,5,10,11,18,22,24,27,33,41],"seed_played":"-310901331136543719","ascension_level":6,"is_trial":false}