{"gold_per_floor":[112,112,112,112,112,112,141,141,141,141,172,5,30,50,50,145,145,156,156,156,171,181,181,206,206,284,298,298,213,246,261,261,362,362,382,402,447,447,44,44,64,99,146,146,173,173,191,209,209,209],"floor_reached":51,"playtime":4938,"items_purged":["Strike_G"],"score":941,"play_id":"ee1518e9-cc48-48e8-9a1d-fb26a15b5ebe","local_time":"20190802160846","is_ascension_mode":true,"campfire_choices":[{"floor":6.0,"key":"REST"},{"data":"Burst","floor":8.0,"key":"SMITH"},{"data":"Cloak And Dagger","floor":15.0,"key":"SMITH"},{"data":"Leg Sweep","floor":23.0,"key":"SMITH"},{"data":"Phantasmal Killer","floor":25.0,"key":"SMITH"},{"floor":32.0,"key":"REST"},{"data":"Apotheosis","floor":40,"key":"SMITH"},{"floor":44,"key":"REST"},{"floor":49,"key":"REST"}],"neow_cost":"NONE","seed_source_timestamp":0,"circlet_count":0,"master_deck":["Strike_G","Strike_G+1","Strike_G+1","Defend_G","Defend_G","Defend_G","Defend_G","Survivor","Neutralize","Blade Dance","Phantasmal Killer+1","Burst+1","Leg Sweep+1","Flying Knee","Cloak And Dagger+1","Quick Slash","Dodge and Roll","Glass Knife+1","Accuracy+1","Caltrops","Dagger Spray+1","PiercingWail+1","Footwork+1","Backflip+1","Tools of the Trade","Accuracy+1","Leg Sweep","Cloak And Dagger+1","Metamorphosis+1","Apotheosis+1","Footwork","Infinite Blades"],"special_seed":0,"relics":["Ring of the Snake","NeowsBlessing","Vajra","Kunai","Ornamental Fan","Meat on the Bone","Oddly Smooth Stone","Gremlin Horn","Calling Bell","Blue Candle","Ice Cream","Orichalcum","Unceasing Top","Molten Egg 2","Bag of Marbles","Nunchaku","Philosopher\u0027s Stone","Gambling Chip","Centennial Puzzle","Bronze Scales","Whetstone","War Paint"],"potions_floor_usage":[47],"damage_taken":[{"damage":0.0,"enemies":"Small Slimes","floor":1.0,"turns":1.0},{"damage":0.0,"enemies":"Lagavulin","floor":7.0,"turns":1.0},{"damage":0.0,"enemies":"3 Sentries","floor":11.0,"turns":1.0},{"damage":7.0,"enemies":"Lagavulin","floor":13.0,"turns":7.0},{"damage":0.0,"enemies":"2 Louse","floor":14.0,"turns":2.0},{"damage":17.0,"enemies":"Hexaghost","floor":16.0,"turns":13.0},{"damage":5.0,"enemies":"Shell Parasite","floor":18.0,"turns":5.0},{"damage":13.0,"enemies":"2 Thieves","floor":21.0,"turns":4.0},{"damage":0.0,"enemies":"Cultist and Chosen","floor":22.0,"turns":7.0},{"damage":28.0,"enemies":"Book of Stabbing","floor":24.0,"turns":6.0},{"damage":0.0,"enemies":"Centurion and Healer","floor":27.0,"turns":8.0},{"damage":0.0,"enemies":"Slavers","floor":30.0,"turns":6.0},{"damage":0.0,"enemies":"3 Cultists","floor":31.0,"turns":6.0},{"damage":53.0,"enemies":"Collector","floor":33.0,"turns":11.0},{"damage":9,"enemies":"3 Darklings","floor":35,"turns":5},{"damage":4,"enemies":"3 Shapes","floor":36,"turns":5},{"damage":16,"enemies":"2 Orb Walkers","floor":37,"turns":5},{"damage":0,"enemies":"Jaw Worm Horde","floor":41,"turns":5},{"damage":23,"enemies":"Giant Head","floor":42,"turns":9},{"damage":6,"enemies":"Reptomancer","floor":45,"turns":5},{"damage":17,"enemies":"Maw","floor":47,"turns":6},{"damage":4,"enemies":"4 Shapes","floor":48,"turns":2},{"damage":14,"enemies":"Awakened One","floor":50,"turns":11}],"seed_played":"-2219382913629101335","potions_obtained":[{"floor":7.0,"key":"Explosive Potion"},{"floor":11.0,"key":"SteroidPotion"},{"floor":13.0,"key":"FearPotion"},{"floor":18.0,"key":"Energy Potion"},{"floor":27.0,"key":"PowerPotion"},{"floor":30.0,"key":"SkillPotion"},{"floor":35,"key":"Strength Potion"}],"is_trial":false,"path_per_floor":["M","?","?","$","?","R","E","R","T","?","E","$","E","M","R","B",null,"M","?","?","M","M","R","E","R","T","M","?","?","E","M","R","B",null,"M","M","?","?","$","R","M","E","T","R","E","$","M","M","R","B",null],"character_chosen":"THE_SILENT","items_purchased":["Oddly Smooth Stone","Cloak And Dagger","Apotheosis","Centennial Puzzle"],"campfire_rested":4,"item_purchase_floors":[12,12,39,39],"current_hp_per_floor":[70,52,38,38,38,59,59,59,59,59,59,59,52,52,52,47,70,65,65,65,52,52,52,36,36,36,36,36,36,36,36,56,15,67,58,54,38,38,38,38,38,27,27,47,41,41,36,44,64,50],"gold":209,"neow_bonus":"THREE_ENEMY_KILL","is_prod":false,"is_daily":false,"chose_seed":false,"campfire_upgraded":5,"win_rate":0,"timestamp":1564751326,"path_taken":["M","?","?","$","?","R","E","R","T","?","E","$","E","M","R","BOSS","M","?","?","?","M","R","E","R","T","M","?","?","E","M","R","BOSS","M","M","?","?","?","R","M","E","T","R","E","$","?","M","R","BOSS"],"build_version":"2019-07-17","purchased_purges":1,"victory":true,"max_hp_per_floor":[70,70,70,70,70,70,70,70,70,70,70,70,70,70,70,70,70,70,70,67,67,67,67,67,67,67,67,67,67,67,67,67,67,67,67,67,67,67,67,67,67,67,67,67,67,67,67,67,67,67],"card_choices":[{"not_picked":["Quick Slash","Acrobatics"],"picked":"Blade Dance","floor":1.0},{"not_picked":["Setup","Bouncing Flask"],"picked":"Burst","floor":7.0},{"not_picked":["Eviscerate","Deflect"],"picked":"Flying Knee","floor":11.0},{"not_picked":["Poisoned Stab","Night Terror"],"picked":"Quick Slash","floor":13.0},{"not_picked":["Deadly Poison","Endless Agony"],"picked":"Dodge and Roll","floor":14.0},{"not_picked":["Doppelganger","Unload"],"picked":"Glass Knife","floor":16.0},{"not_picked":["Noxious Fumes+1","Concentrate+1"],"picked":"Accuracy+1","floor":18.0},{"not_picked":["All Out Attack","Acrobatics"],"picked":"Caltrops","floor":21.0},{"not_picked":["Underhanded Strike","A Thousand Cuts"],"picked":"Dagger Spray","floor":22.0},{"not_picked":["Flying Knee","Dagger Throw"],"picked":"PiercingWail","floor":24.0},{"not_picked":["Concentrate","Slice+1"],"picked":"Footwork+1","floor":27.0},{"not_picked":["Dodge and Roll","Deadly Poison","Eviscerate+1"],"picked":"SKIP","floor":30.0},{"not_picked":["Escape Plan","Flying Knee+1"],"picked":"Backflip+1","floor":31.0},{"not_picked":["Corpse Explosion","Bullet Time"],"picked":"Tools of the Trade","floor":33.0},{"not_picked":["Dagger Throw+1","Dagger Spray+1"],"picked":"Accuracy+1","floor":35},{"not_picked":["Deflect+1","Caltrops+1"],"picked":"Leg Sweep","floor":36},{"not_picked":["Sucker Punch+1","Accuracy+1"],"picked":"Cloak And Dagger+1","floor":37},{"not_picked":["Blind","Enlightenment"],"picked":"Metamorphosis","floor":38},{"not_picked":["Deadly Poison","Eviscerate+1","Choke+1"],"picked":"SKIP","floor":41},{"not_picked":["Acrobatics","Choke+1"],"picked":"Footwork","floor":42},{"not_picked":["Underhanded Strike+1","Dagger Spray+1","Flechettes+1"],"picked":"SKIP","floor":45},{"not_picked":["Outmaneuver+1","Underhanded Strike+1"],"picked":"Infinite Blades","floor":47},{"not_picked":["Outmaneuver","Footwork","Deflect"],"picked":"SKIP","floor":48}],"player_experience":154628,"relics_obtained":[{"floor":7.0,"key":"Kunai"},{"floor":9.0,"key":"Ornamental Fan"},{"floor":11.0,"key":"Meat on the Bone"},{"floor":13.0,"key":"Gremlin Horn"},{"floor":17.0,"key":"Blue Candle"},{"floor":17.0,"key":"Ice Cream"},{"floor":17.0,"key":"Orichalcum"},{"floor":24.0,"key":"Unceasing Top"},{"floor":26.0,"key":"Molten Egg 2"},{"floor":30.0,"key":"Nunchaku"},{"floor":37,"key":"Gambling Chip"},{"floor":42,"key":"Bronze Scales"},{"floor":43,"key":"Whetstone"},{"floor":45,"key":"War Paint"}],"event_choices":[{"damage_healed":0.0,"max_hp_gain":0.0,"max_hp_loss":0.0,"gold_gain":0.0,"event_name":"Scrap Ooze","player_choice":"Success","floor":2.0,"gold_loss":0.0,"damage_taken":18.0,"relics_obtained":["Vajra"]},{"damage_healed":0.0,"max_hp_gain":0.0,"max_hp_loss":0.0,"gold_gain":0.0,"event_name":"Shining Light","player_choice":"Entered Light","floor":3.0,"gold_loss":0.0,"damage_taken":14.0,"cards_upgraded":["Strike_G","Strike_G"]},{"damage_healed":0.0,"max_hp_gain":0.0,"max_hp_loss":0.0,"gold_gain":0.0,"cards_transformed":["Strike_G"],"event_name":"Living Wall","player_choice":"Change","floor":5.0,"gold_loss":0.0,"damage_taken":0.0,"cards_obtained":["Phantasmal Killer"]},{"damage_healed":0.0,"max_hp_gain":0.0,"max_hp_loss":0.0,"gold_gain":0.0,"cards_transformed":["Defend_G"],"event_name":"Transmorgrifier","player_choice":"Transformed","floor":10.0,"gold_loss":0.0,"damage_taken":0.0,"cards_obtained":["Leg Sweep"]},{"damage_healed":0.0,"max_hp_gain":0.0,"max_hp_loss":0.0,"gold_gain":0.0,"event_name":"Ghosts","player_choice":"Ignored","floor":19.0,"gold_loss":0.0,"damage_taken":0.0},{"cards_removed":["Writhe","Clumsy","Parasite"],"damage_healed":0.0,"max_hp_gain":0.0,"max_hp_loss":0.0,"gold_gain":0.0,"event_name":"Fountain of Cleansing","player_choice":"Removed Curses","floor":20.0,"gold_loss":0.0,"damage_taken":0.0},{"damage_healed":0.0,"max_hp_gain":0.0,"max_hp_loss":0.0,"gold_gain":0.0,"event_name":"Vampires","player_choice":"Ignored","floor":28.0,"gold_loss":0.0,"damage_taken":0.0},{"damage_healed":0.0,"max_hp_gain":0.0,"max_hp_loss":0.0,"gold_gain":0.0,"event_name":"Addict","player_choice":"Obtained Relic","floor":29.0,"gold_loss":85.0,"damage_taken":0.0,"relics_obtained":["Bag of Marbles"]},{"damage_healed":0,"gold_gain":0,"player_choice":"Fight","damage_taken":0,"max_hp_gain":0,"max_hp_loss":0,"event_name":"Mysterious Sphere","floor":37,"gold_loss":0},{"damage_healed":0,"gold_gain":0,"player_choice":"Memory 1","damage_taken":0,"max_hp_gain":0,"max_hp_loss":0,"event_name":"SensoryStone","floor":38,"gold_loss":0}],"is_beta":false,"boss_relics":[{"not_picked":["HoveringKite","White Beast Statue"],"picked":"Calling Bell"},{"not_picked":["Ring of the Serpent","Astrolabe"],"picked":"Philosopher\u0027s Stone"}],"items_purged_floors":[39],"is_endless":false,"potions_floor_spawned":[7,11,13,18,22,27,30,31,35,42],"ascension_level":4}