{"path_per_floor":["M","M","$","M","M","R","E","R","T","?","?","M","M","?","R","B",null,"M","?","M","$","M","R","E","?","T","M","R","M","M","?","R","B",null,"M","?","M","M","?","R","M","?","T","M","R","E","$","M","R","B"],"character_chosen":"THE_SILENT","items_purchased":["Heel Hook","Flying Knee","Infinite Blades","Strange Spoon","Catalyst","Quick Slash"],"gold_per_floor":[114,129,5,20,35,35,65,65,65,65,65,80,95,95,95,195,195,210,210,225,74,89,89,119,44,44,59,59,74,89,89,89,189,189,204,204,249,264,264,264,279,308,308,323,323,353,24,39,39,39],"floor_reached":51,"campfire_rested":0,"playtime":8312,"item_purchase_floors":[3,3,21,47,47,47],"current_hp_per_floor":[70,64,64,64,66,66,44,44,54,54,80,80,80,64,64,44,80,80,80,77,77,79,79,73,73,73,77,77,80,87,87,87,70,87,87,87,87,87,87,87,87,84,84,87,87,86,86,87,87,87],"items_purged":["Defend_G"],"gold":39,"score":851,"play_id":"a72cb78c-0d40-4c6d-92a1-1fd68654364c","local_time":"20180526180527","daily_mods":["Allstar","Uncertain Future","Vintage"],"is_prod":false,"is_daily":true,"chose_seed":false,"is_ascension_mode":false,"campfire_upgraded":9,"win_rate":0,"timestamp":1527354327,"campfire_choices":[{"data":"Blind","floor":6,"key":"SMITH"},{"data":"Malaise","floor":8,"key":"SMITH"},{"data":"Neutralize","floor":15,"key":"SMITH"},{"data":"Transmutation","floor":23,"key":"SMITH"},{"data":"Survivor","floor":28,"key":"SMITH"},{"data":"Dagger Spray","floor":32,"key":"SMITH"},{"data":"Infinite Blades","floor":40,"key":"SMITH"},{"data":"Flying Knee","floor":45,"key":"SMITH"},{"data":"Catalyst","floor":49,"key":"SMITH"}],"path_taken":["M","M","$","M","M","R","E","R","T","?","?","M","M","?","R","BOSS","M","?","M","$","M","R","E","?","T","M","R","M","M","?","R","BOSS","M","?","M","M","?","R","M","?","T","M","R","E","$","M","R","BOSS"],"build_version":"2018-05-24","seed_source_timestamp":0,"purchased_purges":1,"victory":true,"master_deck":["Defend_G","Defend_G","Defend_G","Defend_G+1","Strike_G+1","Strike_G","Strike_G","Survivor+1","Neutralize+1","Transmutation+1","Panache","Purity","Blind+1","Good Instincts","Heel Hook","Flying Knee+1","Malaise+1","Die Die Die","Infinite Blades+1","Concentrate+1","Dagger Spray+1","Tools of the Trade","Dodge and Roll+1","Pain","Bouncing Flask+1","Catalyst+1","Quick Slash"],"max_hp_per_floor":[70,70,70,70,70,70,70,70,80,80,80,80,80,80,80,80,80,80,80,80,80,80,80,80,80,80,80,80,80,87,87,87,87,87,87,87,87,87,87,87,87,87,87,87,87,87,87,87,87,87],"relics":["Ring of the Snake","Blue Candle","Thread and Needle","Bird Faced Urn","Bag of Preparation","Peace Pipe","Pear","Juzu Bracelet","Tough Bandages","Bottled Flame","Black Star","Gremlin Horn","Oddly Smooth Stone","Boot","Ancient Tea Set","Singing Bowl","Bottled Tornado","Torii","Kunai","Strawberry","Cursed Key","Vajra","Tiny Chest","Ornamental Fan","Bag of Marbles","Tingsha","Anchor","Gambling Chip","Happy Flower","Pen Nib","Strange Spoon","Frozen Egg 2"],"card_choices":[{"not_picked":["Skewer","Accuracy"],"picked":"Malaise","floor":7},{"not_picked":["Phantasmal Killer","After Image"],"picked":"Die Die Die","floor":16},{"not_picked":["Corpse Explosion","Catalyst"],"picked":"Concentrate+1","floor":24},{"not_picked":["Adrenaline","Die Die Die"],"picked":"Tools of the Trade","floor":33},{"not_picked":["Catalyst+1","Prepared"],"picked":"Dodge and Roll+1","floor":42},{"not_picked":["Deadly Poison","Adrenaline"],"picked":"Bouncing Flask+1","floor":46}],"player_experience":251328,"potions_floor_usage":[7,16,22,33,50,50,50],"damage_taken":[{"damage":0,"enemies":"2 Louse","floor":1,"turns":6},{"damage":6,"enemies":"Cultist","floor":2,"turns":4},{"damage":0,"enemies":"Small Slimes","floor":4,"turns":4},{"damage":0,"enemies":"3 Louse","floor":5,"turns":3},{"damage":26,"enemies":"Gremlin Nob","floor":7,"turns":5},{"damage":2,"enemies":"Large Slime","floor":12,"turns":6},{"damage":0,"enemies":"Lots of Slimes","floor":13,"turns":2},{"damage":34,"enemies":"Hexaghost","floor":16,"turns":20},{"damage":0,"enemies":"Shell Parasite","floor":18,"turns":7},{"damage":3,"enemies":"3 Byrds","floor":20,"turns":5},{"damage":1,"enemies":"Centurion and Healer","floor":22,"turns":9},{"damage":7,"enemies":"Book of Stabbing","floor":24,"turns":8},{"damage":0,"enemies":"Snake Plant","floor":27,"turns":6},{"damage":0,"enemies":"Chosen and Byrds","floor":29,"turns":7},{"damage":0,"enemies":"Sentry and Sphere","floor":30,"turns":4},{"damage":17,"enemies":"Automaton","floor":33,"turns":11},{"damage":0,"enemies":"Orb Walker","floor":35,"turns":3},{"damage":0,"enemies":"3 Darklings","floor":37,"turns":3},{"damage":0,"enemies":"4 Shapes","floor":38,"turns":2},{"damage":0,"enemies":"Maw","floor":41,"turns":10},{"damage":3,"enemies":"Mysterious Sphere","floor":42,"turns":4},{"damage":2,"enemies":"3 Darklings","floor":44,"turns":2},{"damage":1,"enemies":"Nemesis","floor":46,"turns":7},{"damage":2,"enemies":"Sphere and 2 Shapes","floor":48,"turns":2},{"damage":14,"enemies":"Time Eater","floor":50,"turns":11}],"relics_obtained":[{"floor":1,"key":"Blue Candle"},{"floor":2,"key":"Thread and Needle"},{"floor":4,"key":"Bird Faced Urn"},{"floor":5,"key":"Bag of Preparation"},{"floor":7,"key":"Peace Pipe"},{"floor":9,"key":"Pear"},{"floor":12,"key":"Juzu Bracelet"},{"floor":13,"key":"Tough Bandages"},{"floor":16,"key":"Bottled Flame"},{"floor":18,"key":"Gremlin Horn"},{"floor":20,"key":"Oddly Smooth Stone"},{"floor":22,"key":"Boot"},{"floor":24,"key":"Ancient Tea Set"},{"floor":24,"key":"Singing Bowl"},{"floor":26,"key":"Bottled Tornado"},{"floor":27,"key":"Torii"},{"floor":29,"key":"Kunai"},{"floor":30,"key":"Strawberry"},{"floor":35,"key":"Vajra"},{"floor":37,"key":"Tiny Chest"},{"floor":38,"key":"Ornamental Fan"},{"floor":41,"key":"Bag of Marbles"},{"floor":42,"key":"Tingsha"},{"floor":43,"key":"Anchor"},{"floor":44,"key":"Gambling Chip"},{"floor":46,"key":"Happy Flower"},{"floor":46,"key":"Pen Nib"},{"floor":48,"key":"Frozen Egg 2"}],"event_choices":[{"event_name":"Bonfire Elementals","player_choice":"BASIC","floor":10,"damage_taken":0},{"event_name":"Big Fish","player_choice":"Banana","floor":11,"damage_taken":0},{"event_name":"Shining Light","player_choice":"Entered Light","floor":14,"damage_taken":0},{"event_name":"Ghosts","player_choice":"Ignored","floor":19,"damage_taken":0},{"event_name":"Beggar","player_choice":"Gave Gold","floor":25,"damage_taken":0},{"event_name":"Match and Keep!","player_choice":"1 cards matched","floor":31,"damage_taken":0},{"event_name":"Match and Keep!","player_choice":"1 cards matched","floor":31,"damage_taken":0},{"event_name":"Tomb of Lord Red Mask","player_choice":"Ignored","floor":36,"damage_taken":0},{"event_name":"SecretPortal","player_choice":"Rejected Portal.","floor":39,"damage_taken":0},{"event_name":"Mysterious Sphere","player_choice":"Fight","floor":42,"damage_taken":0}],"boss_relics":[{"not_picked":["Calling Bell","Ectoplasm"],"picked":"Black Star"},{"not_picked":["Eternal Feather","Runic Dome"],"picked":"Cursed Key"}],"items_purged_floors":[21],"potions_floor_spawned":[4,7,12,13,20,24,29,30,38,42],"seed_played":"-369248960118146204","ascension_level":0,"potions_obtained":[{"floor":4,"key":"PowerPotion"},{"floor":7,"key":"Energy Potion"},{"floor":12,"key":"Regen Potion"},{"floor":13,"key":"Block Potion"},{"floor":20,"key":"SteroidPotion"},{"floor":24,"key":"Ancient Potion"},{"floor":29,"key":"GhostInAJar"},{"floor":30,"key":"EssenceOfSteel"},{"floor":38,"key":"Strength Potion"}],"is_trial":false}