{"gold_per_floor":[116,191,41,41,52,80,80,111,111,127,137,102,102,160,160,262,262,278,289,109,119,135,163,179,207,234,269,184,184,219,233,233,328,328,343,7,20,30,42,73,73,73,73,107,107,137,148,148,148,148],"floor_reached":51,"playtime":13172,"items_purged":[],"score":1294,"play_id":"ec9a5fc7-4acd-4389-914b-72b1d0a2dca8","local_time":"20190310143224","is_ascension_mode":true,"campfire_choices":[{"data":"Streamline","floor":7,"key":"SMITH"},{"data":"Zap","floor":13,"key":"SMITH"},{"data":"Hologram","floor":15,"key":"SMITH"},{"data":"Apotheosis","floor":29,"key":"SMITH"},{"data":"Hologram","floor":32,"key":"SMITH"},{"data":"Biased Cognition","floor":41,"key":"SMITH"},{"data":"Buffer","floor":45,"key":"SMITH"},{"data":"Auto Shields","floor":49,"key":"SMITH"}],"neow_cost":"NONE","seed_source_timestamp":135802127058113,"circlet_count":0,"master_deck":["Defend_B","Defend_B","Defend_B","Zap+1","Dualcast","Leap","Ball Lightning","Flash of Steel","Steam","Streamline+1","Cold Snap","Electrodynamics","Hologram+1","Biased Cognition+1","Reboot+1","Seek+1","Turbo+1","Ball Lightning","Steam+1","Apotheosis+1","Conserve Battery","White Noise","Conserve Battery","Buffer+1","Fusion+1","Hologram+1","Multi-Cast","Leap","Go for the Eyes","Coolheaded+1","Glacier","Stack","Bandage Up","Lockon+1","Auto Shields+1","Steam Power+1"],"relics":["Cracked Core","Cables","Pantograph","Bottled Lightning","Potion Belt","Astrolabe","Meat on the Bone","Kunai","Bag of Preparation","Mercury Hourglass","Matryoshka","PreservedInsect","Nuclear Battery","Sundial","Molten Egg 2","Orichalcum","Incense Burner","Juzu Bracelet","Art of War"],"potions_floor_usage":[8,23,23,30,30,44,50,50,50,50,50,50,50,50,50,50,50,50,50,50,50],"damage_taken":[{"damage":2,"enemies":"Jaw Worm","floor":1,"turns":3},{"damage":0,"enemies":"Cultist","floor":5,"turns":3},{"damage":16,"enemies":"Lagavulin","floor":6,"turns":6},{"damage":9,"enemies":"3 Sentries","floor":8,"turns":4},{"damage":0,"enemies":"2 Louse","floor":10,"turns":2},{"damage":0,"enemies":"Looter","floor":11,"turns":3},{"damage":4,"enemies":"Gremlin Nob","floor":14,"turns":3},{"damage":18,"enemies":"The Guardian","floor":16,"turns":9},{"damage":0,"enemies":"Spheric Guardian","floor":18,"turns":2},{"damage":8,"enemies":"Shell Parasite","floor":19,"turns":2},{"damage":0,"enemies":"Chosen and Byrds","floor":21,"turns":2},{"damage":0,"enemies":"Sentry and Sphere","floor":22,"turns":3},{"damage":15,"enemies":"Gremlin Leader","floor":23,"turns":4},{"damage":0,"enemies":"Snake Plant","floor":24,"turns":2},{"damage":4,"enemies":"Book of Stabbing","floor":25,"turns":4},{"damage":0,"enemies":"Gremlin Leader","floor":27,"turns":4},{"damage":0,"enemies":"Book of Stabbing","floor":30,"turns":4},{"damage":0,"enemies":"Snecko","floor":31,"turns":4},{"damage":35,"enemies":"Automaton","floor":33,"turns":7},{"damage":0,"enemies":"3 Shapes","floor":35,"turns":2},{"damage":4,"enemies":"3 Darklings","floor":37,"turns":2},{"damage":0,"enemies":"Transient","floor":38,"turns":5},{"damage":0,"enemies":"Sphere and 2 Shapes","floor":39,"turns":4},{"damage":0,"enemies":"Nemesis","floor":40,"turns":5},{"damage":16,"enemies":"Reptomancer","floor":44,"turns":5},{"damage":0,"enemies":"Nemesis","floor":46,"turns":5},{"damage":0,"enemies":"3 Darklings","floor":47,"turns":2},{"damage":17,"enemies":"Awakened One","floor":50,"turns":12}],"seed_played":"7562424071240432803","potions_obtained":[{"floor":1,"key":"SteroidPotion"},{"floor":8,"key":"SpeedPotion"},{"floor":10,"key":"LiquidBronze"},{"floor":19,"key":"Weak Potion"},{"floor":21,"key":"LiquidBronze"},{"floor":22,"key":"Fire Potion"},{"floor":23,"key":"EntropicBrew"},{"floor":25,"key":"GamblersBrew"},{"floor":31,"key":"Ancient Potion"},{"floor":37,"key":"Swift Potion"},{"floor":44,"key":"GamblersBrew"}],"is_trial":false,"path_per_floor":["M","?","$","?","M","E","R","E","T","M","M","?","R","?","R","B",null,"M","M","$","M","M","E","M","E","T","E","?","R","E","M","R","B",null,"M","$","M","M","M","E","R","?","T","E","R","E","M","?","R","B",null],"character_chosen":"DEFECT","items_purchased":["Flash of Steel","Steam","Apotheosis","Sundial","Leap","Go for the Eyes"],"campfire_rested":0,"item_purchase_floors":[3,3,20,36,36,36],"current_hp_per_floor":[66,59,59,52,52,36,36,27,27,27,27,45,45,41,41,48,68,68,60,60,60,60,45,45,41,41,41,41,41,41,41,41,43,67,67,67,63,63,63,63,63,63,63,51,51,57,63,63,63,60],"gold":148,"neow_bonus":"TRANSFORM_CARD","is_prod":false,"is_daily":false,"chose_seed":false,"campfire_upgraded":8,"win_rate":0,"timestamp":1552228344,"path_taken":["M","?","?","?","M","E","R","E","T","M","M","?","R","?","R","BOSS","M","M","$","M","M","E","M","E","T","E","?","R","E","M","R","BOSS","M","$","M","M","M","E","R","?","T","E","R","E","M","?","R","BOSS"],"build_version":"2019-01-23","purchased_purges":0,"victory":true,"max_hp_per_floor":[75,75,75,75,75,75,75,75,75,75,75,75,75,75,75,75,75,75,75,75,75,75,75,75,75,75,75,75,75,75,75,75,75,75,75,75,75,75,75,75,75,75,75,75,75,75,75,71,71,71],"card_choices":[{"not_picked":["Static Discharge","Go for the Eyes"],"picked":"Ball Lightning","floor":1},{"not_picked":["Go for the Eyes","Compile Driver"],"picked":"Streamline","floor":5},{"not_picked":["Hello World","Reinforced Body"],"picked":"Cold Snap","floor":6},{"not_picked":["Skim","Compile Driver"],"picked":"Electrodynamics","floor":8},{"not_picked":["Go for the Eyes","Heatsinks","Turbo"],"picked":"SKIP","floor":10},{"not_picked":["Coolheaded","Storm"],"picked":"Hologram","floor":11},{"not_picked":["Rainbow","Amplify"],"picked":"Biased Cognition","floor":16},{"not_picked":["Barrage","Steam+1"],"picked":"Ball Lightning","floor":18},{"not_picked":["Blizzard+1","Hologram"],"picked":"Steam+1","floor":19},{"not_picked":["Aggregate","Heatsinks"],"picked":"Conserve Battery","floor":21},{"not_picked":["Stack","Streamline","Turbo"],"picked":"SKIP","floor":22},{"not_picked":["Gash","Cold Snap","Thunder Strike"],"picked":"SKIP","floor":23},{"not_picked":["Beam Cell","Chill"],"picked":"White Noise","floor":24},{"not_picked":["Sweeping Beam","Scrape"],"picked":"Conserve Battery","floor":25},{"not_picked":["Stack","Cold Snap+1"],"picked":"Buffer","floor":27},{"not_picked":["Redo","Barrage+1"],"picked":"Fusion+1","floor":30},{"not_picked":["Chaos","Darkness"],"picked":"Hologram","floor":31},{"not_picked":["Buffer","Biased Cognition"],"picked":"Multi-Cast","floor":33},{"not_picked":["Blizzard","Ball Lightning","Go for the Eyes"],"picked":"SKIP","floor":35},{"not_picked":["Streamline","Conserve Battery+1"],"picked":"Coolheaded+1","floor":37},{"not_picked":["Go for the Eyes","Sweeping Beam+1"],"picked":"Glacier","floor":38},{"not_picked":["Hologram","Turbo","Rebound"],"picked":"SKIP","floor":39},{"not_picked":["Blizzard+1","Redo"],"picked":"Stack","floor":40},{"not_picked":["Madness","Impatience"],"picked":"Bandage Up","floor":42},{"not_picked":["Rebound+1","Stack"],"picked":"Lockon+1","floor":44},{"not_picked":["Hologram+1","Force Field"],"picked":"Auto Shields","floor":46},{"not_picked":["Beam Cell+1","Conserve Battery+1"],"picked":"Steam Power+1","floor":47}],"player_experience":596591,"relics_obtained":[{"floor":6,"key":"Cables"},{"floor":8,"key":"Pantograph"},{"floor":9,"key":"Bottled Lightning"},{"floor":14,"key":"Potion Belt"},{"floor":23,"key":"Meat on the Bone"},{"floor":25,"key":"Kunai"},{"floor":26,"key":"Bag of Preparation"},{"floor":27,"key":"Mercury Hourglass"},{"floor":30,"key":"PreservedInsect"},{"floor":40,"key":"Molten Egg 2"},{"floor":43,"key":"Orichalcum"},{"floor":43,"key":"Incense Burner"},{"floor":44,"key":"Juzu Bracelet"},{"floor":46,"key":"Art of War"}],"event_choices":[{"damage_healed":0,"gold_gain":75,"player_choice":"Touch","damage_taken":7,"max_hp_gain":0,"max_hp_loss":0,"event_name":"FaceTrader","floor":2,"gold_loss":0},{"cards_removed":["Strike_B"],"damage_healed":0,"gold_gain":0,"player_choice":"Card Removal","damage_taken":7,"max_hp_gain":0,"max_hp_loss":0,"event_name":"Golden Wing","floor":4,"gold_loss":0},{"damage_healed":18,"gold_gain":0,"player_choice":"Healed","damage_taken":0,"max_hp_gain":0,"max_hp_loss":0,"event_name":"The Cleric","floor":12,"gold_loss":35},{"damage_healed":0,"gold_gain":0,"player_choice":"Searched \u00272\u0027 times","damage_taken":0,"max_hp_gain":0,"max_hp_loss":0,"event_name":"Dead Adventurer","floor":14,"gold_loss":0},{"damage_healed":0,"gold_gain":0,"player_choice":"Obtained Relic","damage_taken":0,"relics_obtained":["Matryoshka"],"max_hp_gain":0,"max_hp_loss":0,"event_name":"Addict","floor":28,"gold_loss":85},{"damage_healed":0,"gold_gain":0,"player_choice":"Memory 1","damage_taken":0,"max_hp_gain":0,"max_hp_loss":0,"event_name":"SensoryStone","floor":42,"gold_loss":0},{"damage_healed":0,"gold_gain":0,"player_choice":"Max HP","damage_taken":0,"max_hp_gain":0,"max_hp_loss":4,"event_name":"Winding Halls","floor":48,"gold_loss":0}],"is_beta":false,"boss_relics":[{"not_picked":["Eternal Feather","White Beast Statue"],"picked":"Astrolabe"},{"not_picked":["Orrery","Tiny House"],"picked":"Nuclear Battery"}],"items_purged_floors":[],"is_endless":false,"potions_floor_spawned":[1,8,10,19,21,22,23,25,31,37,44,46],"ascension_level":9}