{"gold_per_floor":[115,7,7,7,7,22,22,33,33,33,50,69,69,80,80,184,184,198,198,215,215,233,233,249,249,249,249,249,266,284,296,296,296],"floor_reached":33,"playtime":1783,"items_purged":[],"score":241,"play_id":"7b1f32a0-d9c5-48ae-a8ab-69992a9b0dc3","local_time":"20190225235841","is_ascension_mode":false,"campfire_choices":[{"data":"Body Slam","floor":7.0,"key":"SMITH"},{"data":"Carnage","floor":10.0,"key":"SMITH"},{"data":"Double Tap","floor":15.0,"key":"SMITH"},{"data":"Havoc","floor":23.0,"key":"SMITH"},{"data":"Armaments","floor":25.0,"key":"SMITH"},{"data":"Blind","floor":27.0,"key":"SMITH"},{"floor":32,"key":"REST"}],"neow_cost":"NONE","seed_source_timestamp":338935280729527,"circlet_count":0,"master_deck":["Strike_R","Strike_R","Strike_R","Strike_R","Defend_R","Defend_R","Defend_R","Defend_R","Bash","Clothesline","Shrug It Off","Blind+1","Body Slam+1","Carnage+1","Double Tap+1","Armaments+1","Headbutt","Limit Break","Havoc+1","Carnage","True Grit+1","Shrug It Off+1","J.A.X.","Whirlwind","Searing Blow+1","Berserk"],"special_seed":0,"relics":["Burning Blood"],"potions_floor_usage":[29,30,31,31,33],"damage_taken":[{"damage":0.0,"enemies":"2 Louse","floor":1.0,"turns":2.0},{"damage":0.0,"enemies":"Small Slimes","floor":6.0,"turns":3.0},{"damage":4.0,"enemies":"Cultist","floor":8.0,"turns":4.0},{"damage":7.0,"enemies":"3 Louse","floor":11.0,"turns":4.0},{"damage":4.0,"enemies":"Looter","floor":12.0,"turns":3.0},{"damage":12.0,"enemies":"Exordium Thugs","floor":14.0,"turns":3.0},{"damage":69.0,"enemies":"Hexaghost","floor":16.0,"turns":9.0},{"damage":30.0,"enemies":"Spheric Guardian","floor":18.0,"turns":4.0},{"damage":36.0,"enemies":"3 Byrds","floor":20.0,"turns":9.0},{"damage":0.0,"enemies":"Centurion and Healer","floor":22.0,"turns":5.0},{"damage":21.0,"enemies":"Snake Plant","floor":24.0,"turns":4.0},{"damage":22,"enemies":"3 Cultists","floor":29,"turns":6},{"damage":0,"enemies":"Centurion and Healer","floor":30,"turns":4},{"damage":24,"enemies":"Sentry and Sphere","floor":31,"turns":6},{"damage":56,"enemies":"Champ","floor":33,"turns":10}],"seed_played":"1324383233428957931","potions_obtained":[{"floor":6.0,"key":"Weak Potion"},{"floor":8.0,"key":"Weak Potion"},{"floor":11.0,"key":"BloodPotion"},{"floor":16.0,"key":"EssenceOfSteel"},{"floor":20.0,"key":"SpeedPotion"},{"floor":24.0,"key":"AttackPotion"},{"floor":29,"key":"BloodPotion"},{"floor":30,"key":"Swift Potion"}],"is_trial":false,"path_per_floor":["M","$","?","?","?","M","R","M","T","R","M","M","T","M","R","B",null,"M","?","M","?","M","R","M","R","T","R","?","M","M","M","R","B"],"character_chosen":"IRONCLAD","items_purchased":["Shrug It Off","Blind"],"campfire_rested":1,"item_purchase_floors":[2,2],"current_hp_per_floor":[88,88,93,93,93,93,93,93,93,93,92,93,93,87,87,24,93,69,69,39,39,45,45,39,39,39,39,39,23,29,11,38,0],"gold":296,"neow_bonus":"TEN_PERCENT_HP_BONUS","is_prod":false,"is_daily":false,"chose_seed":false,"campfire_upgraded":6,"win_rate":0,"timestamp":1551139121,"path_taken":["M","$","?","?","?","M","R","M","T","R","M","M","?","M","R","BOSS","M","?","?","?","M","R","M","R","T","R","?","M","M","M","R","BOSS"],"build_version":"2019-01-23","purchased_purges":0,"victory":false,"max_hp_per_floor":[88,88,93,93,93,93,93,93,93,93,93,93,93,93,93,93,93,93,93,93,93,93,93,93,93,93,93,93,93,93,93,93,93],"card_choices":[{"not_picked":["True Grit","Headbutt"],"picked":"Clothesline","floor":1.0},{"not_picked":["Shrug It Off","Sentinel"],"picked":"Body Slam","floor":6.0},{"not_picked":["Iron Wave","Clothesline"],"picked":"Carnage","floor":8.0},{"not_picked":["Pommel Strike","Feel No Pain"],"picked":"Double Tap","floor":11.0},{"not_picked":["Perfected Strike","Wild Strike"],"picked":"Armaments","floor":12.0},{"not_picked":["Intimidate","True Grit"],"picked":"Headbutt","floor":14.0},{"not_picked":["Fiend Fire","Bludgeon"],"picked":"Limit Break","floor":16.0},{"not_picked":["Thunderclap","Whirlwind"],"picked":"Havoc","floor":18.0},{"not_picked":["Disarm","Sword Boomerang","Havoc"],"picked":"SKIP","floor":20.0},{"not_picked":["Wild Strike","Twin Strike"],"picked":"True Grit+1","floor":22.0},{"not_picked":["Anger+1","Havoc"],"picked":"Shrug It Off+1","floor":24.0},{"not_picked":["Perfected Strike+1","Clothesline+1"],"picked":"Whirlwind","floor":29},{"not_picked":["Twin Strike","Body Slam+1"],"picked":"Searing Blow+1","floor":30},{"not_picked":["Heavy Blade","Anger+1"],"picked":"Berserk","floor":31}],"player_experience":501000,"relics_obtained":[],"event_choices":[{"damage_healed":0.0,"max_hp_gain":5.0,"max_hp_loss":0.0,"gold_gain":0.0,"event_name":"Big Fish","player_choice":"Donut","floor":3.0,"gold_loss":0.0,"damage_taken":0.0},{"damage_healed":0.0,"max_hp_gain":0.0,"max_hp_loss":0.0,"gold_gain":0.0,"event_name":"The Cleric","player_choice":"Leave","floor":4.0,"gold_loss":0.0,"damage_taken":0.0},{"damage_healed":0.0,"max_hp_gain":0.0,"max_hp_loss":0.0,"gold_gain":0.0,"event_name":"Golden Idol","player_choice":"Ignored","floor":5.0,"gold_loss":0.0,"damage_taken":0.0},{"damage_healed":0.0,"max_hp_gain":0.0,"max_hp_loss":0.0,"gold_gain":0.0,"cards_transformed":["Strike_R"],"event_name":"Transmorgrifier","player_choice":"Transformed","floor":19.0,"gold_loss":0.0,"damage_taken":0.0,"cards_obtained":["Carnage"]},{"damage_healed":0.0,"max_hp_gain":0.0,"max_hp_loss":0.0,"gold_gain":0.0,"event_name":"The Mausoleum","player_choice":"Ignored","floor":21.0,"gold_loss":0.0,"damage_taken":0.0},{"damage_healed":0.0,"max_hp_gain":0.0,"max_hp_loss":0.0,"gold_gain":0.0,"event_name":"Drug Dealer","player_choice":"Obtain J.A.X.","floor":28.0,"gold_loss":0.0,"damage_taken":0.0,"cards_obtained":["J.A.X."]}],"is_beta":false,"boss_relics":[{"not_picked":["Tiny House","Velvet Choker","Cursed Key"]}],"items_purged_floors":[],"is_endless":false,"potions_floor_spawned":[6,8,11,16,20,24,29,30],"killed_by":"Champ","ascension_level":0}