{"path_per_floor":["M","?","?","?","M","R","?","M","T","$","E","M","?","E","R","B",null,"M","?","?","M","M","R","M","?","T","E","M","$","M","E","R","B",null,"M","?","$","M","?","R","M","$","T","E","M","M","R","?","R","B"],"character_chosen":"IRONCLAD","items_purchased":["Flex","Master of Strategy"],"gold_per_floor":[114,64,64,64,79,79,104,124,124,49,74,89,89,123,123,218,218,235,235,235,248,261,261,275,275,275,309,321,194,209,234,234,329,329,340,340,21,39,39,39,57,57,57,82,98,111,111,111,111,111],"floor_reached":51,"campfire_rested":0,"playtime":2933,"current_hp_per_floor":[80,80,85,85,85,85,75,81,81,81,66,59,59,45,45,51,85,82,82,82,84,85,85,72,72,72,71,73,73,72,69,69,56,85,85,85,85,82,82,82,73,73,73,89,91,93,93,81,81,31],"items_purged":["Strike_R","Pommel Strike","Sever Soul"],"gold":111,"score":675,"play_id":"87e5af12-7f25-44d8-8d4e-2ad9c98c2a49","is_prod":false,"is_daily":false,"is_ascension_mode":false,"campfire_upgraded":7,"path_taken":["M","?","?","?","?","R","?","M","T","$","E","M","?","E","R","BOSS","M","?","?","?","M","R","M","?","T","E","M","$","?","E","R","BOSS","M","?","$","M","?","R","M","$","T","E","?","M","R","?","R","BOSS"],"build_version":"2018-02-15-PROD1","purchased_purges":4,"victory":true,"master_deck":["Strike_R","Strike_R","Bash+1","Clash","Clash","Ghostly Armor","Dropkick","Seeing Red+1","Dropkick","Offering+1","Limit Break+1","Seeing Red+1","Feel No Pain","Shockwave","Flex+1","Demon Form","Clash+1","Master of Strategy+1","Pummel+1","Seeing Red+1","Flex","Madness+1","Madness"],"max_hp_per_floor":[80,80,85,85,85,85,85,85,85,85,85,85,85,85,85,85,85,85,85,85,85,85,85,85,85,85,85,85,85,85,85,85,85,85,85,85,85,85,85,85,85,85,85,99,99,99,99,99,99,99],"relics":["Burning Blood","Odd Mushroom","Unceasing Top","Paper Frog","Gremlin Horn","Astrolabe","Anchor","Shovel","Matryoshka","Sozu","Regal Pillow","Dream Catcher","Mango"],"card_choices":[{"not_picked":["Carnage","Intimidate"],"picked":"Clash"},{"not_picked":["Evolve","Flame Barrier"],"picked":"Clash"},{"not_picked":["Anger","Wild Strike"],"picked":"Ghostly Armor"},{"not_picked":["Battle Trance","Clash"],"picked":"Dropkick"},{"not_picked":["Rupture","Rage"],"picked":"Seeing Red"},{"not_picked":["Shockwave","Cleave"],"picked":"Dropkick"},{"not_picked":["Berserk","Demon Form"],"picked":"Offering"},{"not_picked":["Armaments","Body Slam"],"picked":"Seeing Red"},{"not_picked":["Sword Boomerang","Hemokinesis"],"picked":"Feel No Pain"},{"not_picked":["Anger","Body Slam"],"picked":"Shockwave"},{"not_picked":["Reaper","Immolate"],"picked":"Demon Form"},{"not_picked":["Shockwave","Ghostly Armor"],"picked":"Clash"},{"not_picked":["True Grit","Carnage"],"picked":"Pummel"},{"not_picked":["Headbutt","Warcry"],"picked":"Flex"}],"player_experience":211120,"potions_floor_usage":[16,22,30],"damage_taken":[{"damage":3,"enemies":"Jaw Worm","floor":1,"turns":3},{"damage":0,"enemies":"Cultist","floor":5,"turns":3},{"damage":16,"enemies":"The Mushroom Lair","floor":7,"turns":4},{"damage":0,"enemies":"2 Louse","floor":8,"turns":3},{"damage":21,"enemies":"Lagavulin","floor":11,"turns":6},{"damage":13,"enemies":"Exordium Thugs","floor":12,"turns":5},{"damage":20,"enemies":"Gremlin Nob","floor":14,"turns":4},{"damage":0,"enemies":"Slime Boss","floor":16,"turns":4},{"damage":9,"enemies":"3 Byrds","floor":18,"turns":4},{"damage":4,"enemies":"Spheric Guardian","floor":21,"turns":1},{"damage":4,"enemies":"Cultist and Chosen","floor":22,"turns":3},{"damage":19,"enemies":"Snecko","floor":24,"turns":3},{"damage":7,"enemies":"Slavers","floor":27,"turns":4},{"damage":4,"enemies":"3 Cultists","floor":28,"turns":3},{"damage":7,"enemies":"Cultist and Chosen","floor":30,"turns":4},{"damage":9,"enemies":"Book of Stabbing","floor":31,"turns":3},{"damage":19,"enemies":"Automaton","floor":33,"turns":6},{"damage":4,"enemies":"3 Darklings","floor":35,"turns":2},{"damage":9,"enemies":"3 Shapes","floor":38,"turns":2},{"damage":15,"enemies":"Maw","floor":41,"turns":3},{"damage":4,"enemies":"Nemesis","floor":44,"turns":1},{"damage":4,"enemies":"Sphere and 2 Shapes","floor":45,"turns":1},{"damage":4,"enemies":"3 Darklings","floor":46,"turns":2},{"damage":56,"enemies":"Awakened One","floor":50,"turns":5}],"event_choices":[{"event_name":"The Cleric","player_choice":"Card Removal","floor":2,"damage_taken":0},{"event_name":"Big Fish","player_choice":"Donut","floor":3,"damage_taken":0},{"event_name":"The Woman in Blue","player_choice":"Bought 0 Potions","floor":4,"damage_taken":0},{"event_name":"Mushrooms","player_choice":"Fought Mushrooms","floor":7,"damage_taken":0},{"event_name":"Liars Game","player_choice":"disagreed","floor":13,"damage_taken":0},{"event_name":"Back to Basics","player_choice":"Elegance","floor":19,"damage_taken":0},{"event_name":"The Mausoleum","player_choice":"No","floor":20,"damage_taken":0},{"event_name":"Vampires","player_choice":"Ignored","floor":25,"damage_taken":0},{"event_name":"Purifier","player_choice":"One Purge","floor":36,"damage_taken":0},{"event_name":"Duplicator","player_choice":"One dupe","floor":39,"damage_taken":0},{"event_name":"Winding Halls","player_choice":"Embrace Madness","floor":48,"damage_taken":0}],"boss_relics":[{"not_picked":["Tiny House","Runic Cube"],"picked":"Astrolabe"},{"not_picked":["Calling Bell","Pandora\u0027s Box"],"picked":"Sozu"}],"potions_floor_spawned":[1,5,7,12,14,18,28,30,31,35,41,45],"seed_played":"6038171951577034800","ascension_level":0,"is_trial":false}