{"path_per_floor":["M","M","?","M","M","R","?","M","T","E","M","E","R","$","R","B",null,"M","?","?","M","$","R","E","R","T","M","M","R","?","M","R","B",null,"M","M","?","T","M","M","R","M","T","R","E","M","R","M","R","B"],"character_chosen":"IRONCLAD","items_purchased":["Whetstone","Offering"],"gold_per_floor":[114,129,129,143,153,153,153,172,172,207,226,251,251,22,22,121,121,132,132,162,173,36,36,67,67,67,82,98,98,98,111,111,216,216,227,240,295,321,333,350,350,367,421,421,452,472,472,485,485,485],"floor_reached":51,"campfire_rested":0,"playtime":3233,"current_hp_per_floor":[80,80,64,70,75,75,75,77,77,77,62,62,62,62,62,56,80,80,80,80,80,80,80,56,56,56,67,72,72,72,74,74,79,80,71,66,78,78,80,15,15,27,27,27,40,80,80,80,80,80],"items_purged":["Strike_R"],"gold":485,"score":561,"play_id":"706fd3d5-0777-495d-9351-4b63ecfa1b74","is_prod":false,"is_daily":false,"is_ascension_mode":false,"campfire_upgraded":8,"path_taken":["M","M","?","?","M","R","?","M","T","E","M","E","R","$","R","BOSS","M","?","?","M","$","R","E","R","T","M","M","R","?","?","R","BOSS","M","?","?","?","M","M","R","M","T","R","E","?","R","M","R","BOSS"],"build_version":"2018-02-15-PROD1","purchased_purges":2,"victory":true,"master_deck":["Strike_R+1","Strike_R+1","Strike_R+1","Defend_R+1","Defend_R+1","Defend_R+1","Bash+1","Ghostly Armor+1","Flex+1","Heavy Blade+1","Clash+1","Barricade+1","Reaper","Ghostly Armor+1","Offering+1","Limit Break+1","Body Slam+1","Flex+1","Flex+1","Demon Form+1","Seeing Red+1","Shrug It Off+1","Body Slam+1"],"max_hp_per_floor":[80,80,80,80,80,80,80,80,80,80,80,80,80,80,80,80,80,80,80,80,80,80,80,80,80,80,80,80,80,80,80,80,80,80,80,80,80,80,80,80,80,80,80,80,80,80,80,80,80,80],"relics":["Burning Blood","Dead Branch","Omamori","Shuriken","Whetstone","Sozu","Tiny Chest","Bottled Lightning","Kunai","Girya","Blood Vial","War Paint","Bag of Preparation"],"card_choices":[{"not_picked":["Wild Strike","Corruption"],"picked":"Flex"},{"not_picked":["Uppercut","Rupture"],"picked":"Heavy Blade"},{"not_picked":["Wild Strike","Sentinel"],"picked":"Clash"},{"not_picked":["Second Wind","Heavy Blade"],"picked":"Barricade"},{"not_picked":["Brutality","Offering"],"picked":"Reaper"},{"not_picked":["Reckless Charge","Headbutt"],"picked":"Ghostly Armor"},{"not_picked":["Cleave","Blood for Blood"],"picked":"Limit Break"},{"not_picked":["Power Through","Flame Barrier"],"picked":"Body Slam"},{"not_picked":["Sentinel","Iron Wave"],"picked":"Flex"},{"not_picked":["Carnage","Clash"],"picked":"Flex"},{"not_picked":["Reaper","Double Tap"],"picked":"Demon Form"},{"not_picked":["Havoc","Clash"],"picked":"Seeing Red"},{"not_picked":["Clash","Rage"],"picked":"Shrug It Off"},{"not_picked":["Iron Wave","Bludgeon"],"picked":"Body Slam"}],"player_experience":214053,"potions_floor_usage":[],"damage_taken":[{"damage":5.0,"enemies":"Jaw Worm","floor":1.0,"turns":4.0},{"damage":5.0,"enemies":"Small Slimes","floor":2.0,"turns":4.0},{"damage":0.0,"enemies":"Cultist","floor":4.0,"turns":2.0},{"damage":1.0,"enemies":"Exordium Wildlife","floor":5.0,"turns":4.0},{"damage":4.0,"enemies":"Blue Slaver","floor":8.0,"turns":2.0},{"damage":6.0,"enemies":"Gremlin Nob","floor":10.0,"turns":3.0},{"damage":21.0,"enemies":"Lots of Slimes","floor":11.0,"turns":4.0},{"damage":6.0,"enemies":"3 Sentries","floor":12.0,"turns":6.0},{"damage":12.0,"enemies":"The Guardian","floor":16.0,"turns":8.0},{"damage":6.0,"enemies":"Spheric Guardian","floor":18.0,"turns":6.0},{"damage":12.0,"enemies":"2 Thieves","floor":21.0,"turns":4.0},{"damage":58.0,"enemies":"Slavers","floor":24.0,"turns":5.0},{"damage":4.0,"enemies":"Snake Plant","floor":27.0,"turns":3.0},{"damage":5.0,"enemies":"Centurion and Healer","floor":28.0,"turns":5.0},{"damage":4.0,"enemies":"Snecko","floor":31.0,"turns":1.0},{"damage":25.0,"enemies":"Collector","floor":33.0,"turns":5.0},{"damage":19.0,"enemies":"3 Darklings","floor":35.0,"turns":5.0},{"damage":11.0,"enemies":"Orb Walker","floor":36.0,"turns":5.0},{"damage":12.0,"enemies":"Mysterious Sphere","floor":37.0,"turns":2.0},{"damage":4.0,"enemies":"3 Darklings","floor":39.0,"turns":1.0},{"damage":86.0,"enemies":"4 Shapes","floor":40.0,"turns":61.0},{"damage":6,"enemies":"Maw","floor":42,"turns":6},{"damage":22,"enemies":"Nemesis","floor":45,"turns":3},{"damage":4,"enemies":"3 Darklings","floor":46,"turns":7},{"damage":4,"enemies":"Sphere and 2 Shapes","floor":48,"turns":3},{"damage":45,"enemies":"Donu and Deca","floor":50,"turns":6}],"event_choices":[{"event_name":"Shining Light","player_choice":"Entered Light","floor":3.0,"damage_taken":0.0},{"event_name":"Living Wall","player_choice":"Forget","floor":7.0,"damage_taken":0.0},{"event_name":"Accursed Blacksmith","player_choice":"Forge","floor":19.0,"damage_taken":0.0},{"event_name":"The Mausoleum","player_choice":"Yes","floor":20.0,"damage_taken":0.0},{"event_name":"Back to Basics","player_choice":"Simplicity","floor":30.0,"damage_taken":0.0},{"event_name":"Mysterious Sphere","player_choice":"Fight","floor":37.0,"damage_taken":0.0}],"boss_relics":[],"potions_floor_spawned":[4,5,10,11,12,18,21,24,27,35,36,42,45,48],"seed_played":"4848453574432566992","ascension_level":0,"is_trial":false}