{"gold_per_floor":[118,137,137,137,148,180,196,196,196,196,219,237,412,430,430,555,555,576,60,80,80,118,118,118,43,43,43,62,85,100,113,113,234,234,259,384,167,181,181,217,217,217],"floor_reached":42,"playtime":4508,"items_purged":["Injury"],"score":477,"play_id":"fa98cb37-0535-4cec-924f-cb6319539cda","local_time":"20190414224040","is_ascension_mode":true,"campfire_choices":[{"data":"Defragment","floor":8,"key":"SMITH"},{"floor":15,"key":"REST"},{"data":"Apotheosis","floor":23,"key":"SMITH"},{"floor":27,"key":"REST"},{"floor":32,"key":"REST"},{"floor":41,"key":"RECALL"}],"neow_cost":"CURSE","seed_source_timestamp":167615951065,"circlet_count":0,"master_deck":["Defend_B","Defend_B","Defend_B","Zap","Dualcast","Thunder Strike","Fission","Coolheaded","Sweeping Beam","Go for the Eyes","Defragment+1","Cold Snap","Coolheaded","Creative AI","Leap","Apotheosis+1","Beam Cell","Bite","Bite","Bite","Bite","Bite","Conserve Battery+1","Go for the Eyes","Reboot","Storm+1","Capacitor","Madness","Madness"],"relics":["Cracked Core","Question Card","Golden Idol","Runic Pyramid","Mummified Hand","Red Mask","Nilry\u0027s Codex","Matryoshka","Fusion Hammer","Calipers","Anchor","Sundial"],"potions_floor_usage":[6,12,16,28,42],"damage_taken":[{"damage":12,"enemies":"Small Slimes","floor":1,"turns":3},{"damage":6,"enemies":"Jaw Worm","floor":2,"turns":3},{"damage":0,"enemies":"2 Louse","floor":5,"turns":2},{"damage":19,"enemies":"Lagavulin","floor":6,"turns":7},{"damage":6,"enemies":"2 Fungi Beasts","floor":7,"turns":3},{"damage":10,"enemies":"Looter","floor":11,"turns":3},{"damage":10,"enemies":"Blue Slaver","floor":12,"turns":4},{"damage":9,"enemies":"2 Fungi Beasts","floor":14,"turns":4},{"damage":36,"enemies":"The Guardian","floor":16,"turns":20},{"damage":7,"enemies":"Shell Parasite","floor":18,"turns":15},{"damage":8,"enemies":"3 Byrds","floor":20,"turns":5},{"damage":43,"enemies":"Masked Bandits","floor":22,"turns":5},{"damage":21,"enemies":"3 Cultists","floor":28,"turns":6},{"damage":0,"enemies":"Centurion and Healer","floor":29,"turns":4},{"damage":23,"enemies":"Snake Plant","floor":30,"turns":4},{"damage":10,"enemies":"Shelled Parasite and Fungi","floor":31,"turns":7},{"damage":18,"enemies":"Automaton","floor":33,"turns":8},{"damage":7,"enemies":"Orb Walker","floor":35,"turns":4},{"damage":0,"enemies":"Mind Bloom Boss Battle","floor":36,"turns":5},{"damage":14,"enemies":"3 Darklings","floor":38,"turns":4},{"damage":23,"enemies":"Nemesis","floor":40,"turns":9},{"damage":62,"enemies":"Reptomancer","floor":42,"turns":2}],"seed_played":"-2529470919795955115","potions_obtained":[{"floor":2,"key":"SteroidPotion"},{"floor":5,"key":"EssenceOfSteel"},{"floor":7,"key":"SneckoOil"},{"floor":11,"key":"Regen Potion"},{"floor":16,"key":"LiquidBronze"},{"floor":20,"key":"Energy Potion"},{"floor":22,"key":"Swift Potion"},{"floor":36,"key":"Energy Potion"}],"is_trial":false,"path_per_floor":["M","M","?","?","M","E","M","R","T","?","M","M","?","M","R","B",null,"M","$","M","?","?","R","?","?","T","R","M","M","M","M","R","B",null,"M","?","$","M","?","E","R","E"],"character_chosen":"DEFECT","items_purchased":["Mummified Hand","Apotheosis","Capacitor","Anchor"],"campfire_rested":3,"item_purchase_floors":[19,19,37,37],"current_hp_per_floor":[63,57,50,55,55,36,30,30,30,30,20,22,22,13,37,1,80,73,73,65,56,19,19,3,3,3,19,17,23,12,21,37,34,56,56,56,56,44,37,44,44,0],"gold":217,"neow_bonus":"TRANSFORM_TWO_CARDS","is_prod":false,"is_daily":false,"chose_seed":false,"campfire_upgraded":2,"win_rate":0,"timestamp":1555270840,"path_taken":["M","M","?","?","M","E","M","R","T","?","M","M","?","M","R","BOSS","M","$","M","?","?","R","?","?","T","R","M","M","?","M","R","BOSS","M","?","$","M","?","E","R","E"],"build_version":"2019-01-23","purchased_purges":1,"victory":false,"max_hp_per_floor":[75,75,75,80,80,80,80,80,80,80,80,80,80,80,80,80,80,80,80,80,56,56,56,56,56,56,56,56,56,56,56,56,56,56,56,56,56,56,56,56,56,56],"card_choices":[{"not_picked":["Recycle","Sweeping Beam"],"picked":"Coolheaded","floor":1},{"not_picked":["Reprogram","Redo"],"picked":"Sweeping Beam","floor":2},{"not_picked":["Beam Cell","Skim"],"picked":"Go for the Eyes","floor":5},{"not_picked":["Tempest","Turbo","Compile Driver"],"picked":"SKIP","floor":6},{"not_picked":["Heatsinks","Lockon","Sweeping Beam"],"picked":"Defragment","floor":7},{"not_picked":["Static Discharge","Steam","Compile Driver"],"picked":"Cold Snap","floor":11},{"not_picked":["Barrage","Streamline","Steam","Gash"],"picked":"SKIP","floor":12},{"not_picked":["Hologram","Sweeping Beam","Barrage"],"picked":"Coolheaded","floor":14},{"not_picked":["Rainbow","Amplify","Seek"],"picked":"Creative AI","floor":16},{"not_picked":["Steam","Rebound","Thunder Strike"],"picked":"Leap","floor":18},{"not_picked":["Cold Snap+1","Turbo","Hello World"],"picked":"Beam Cell","floor":20},{"not_picked":["Biased Cognition","Streamline","Barrage"],"picked":"Conserve Battery+1","floor":28},{"not_picked":["Chaos","Coolheaded","Auto Shields"],"picked":"Go for the Eyes","floor":29},{"not_picked":["Streamline+1","Sweeping Beam","Cold Snap","Hologram"],"picked":"SKIP","floor":30},{"not_picked":["Creative AI","Go for the Eyes","Cold Snap","Heatsinks+1"],"picked":"SKIP","floor":31},{"not_picked":["Thunder Strike","Rainbow","Electrodynamics"],"picked":"Reboot","floor":33},{"not_picked":["Stack+1","Blizzard","Aggregate"],"picked":"Storm+1","floor":35},{"not_picked":["Undo","Streamline","Blizzard","Consume"],"picked":"SKIP","floor":38},{"not_picked":["Coolheaded","Barrage","Rainbow","Compile Driver+1"],"picked":"SKIP","floor":40}],"player_experience":101217,"relics_obtained":[{"floor":6,"key":"Question Card"},{"floor":22,"key":"Red Mask"},{"floor":24,"key":"Nilry\u0027s Codex"},{"floor":26,"key":"Matryoshka"},{"floor":36,"key":"Calipers"},{"floor":40,"key":"Sundial"}],"event_choices":[{"cards_removed":["Normality"],"damage_healed":0,"gold_gain":0,"player_choice":"Card Removal","damage_taken":7,"max_hp_gain":0,"max_hp_loss":0,"event_name":"Golden Wing","floor":3,"gold_loss":0},{"damage_healed":0,"gold_gain":0,"player_choice":"Donut","damage_taken":0,"max_hp_gain":5,"max_hp_loss":0,"event_name":"Big Fish","floor":4,"gold_loss":0},{"damage_healed":0,"gold_gain":0,"player_choice":"Take Wound","damage_taken":0,"relics_obtained":["Golden Idol"],"max_hp_gain":0,"max_hp_loss":0,"event_name":"Golden Idol","floor":10,"gold_loss":0,"cards_obtained":["Injury"]},{"damage_healed":0,"gold_gain":175,"player_choice":"AGREE","damage_taken":0,"max_hp_gain":0,"max_hp_loss":0,"event_name":"Liars Game","floor":13,"gold_loss":0,"cards_obtained":["Doubt"]},{"damage_healed":0,"gold_gain":0,"player_choice":"Became a vampire","damage_taken":0,"max_hp_gain":0,"max_hp_loss":24,"event_name":"Vampires","floor":21,"gold_loss":0,"cards_obtained":["Bite","Bite","Bite","Bite","Bite"]},{"damage_healed":0,"gold_gain":0,"player_choice":"Fought Bandits","damage_taken":0,"max_hp_gain":0,"max_hp_loss":0,"event_name":"Masked Bandits","floor":22,"gold_loss":0},{"damage_healed":0,"gold_gain":0,"player_choice":"Obtained Book","damage_taken":16,"max_hp_gain":0,"max_hp_loss":0,"event_name":"Cursed Tome","floor":24,"gold_loss":0},{"cards_removed":["Doubt"],"damage_healed":0,"gold_gain":0,"player_choice":"Gave Gold","damage_taken":0,"max_hp_gain":0,"max_hp_loss":0,"event_name":"Beggar","floor":25,"gold_loss":75},{"damage_healed":0,"gold_gain":0,"player_choice":"Fight","damage_taken":0,"max_hp_gain":0,"max_hp_loss":0,"event_name":"MindBloom","floor":36,"gold_loss":0},{"damage_healed":0,"gold_gain":0,"player_choice":"Embrace Madness","damage_taken":7,"max_hp_gain":0,"max_hp_loss":0,"event_name":"Winding Halls","floor":39,"gold_loss":0,"cards_obtained":["Madness","Madness"]}],"is_beta":false,"boss_relics":[{"not_picked":["Calling Bell","Cursed Key"],"picked":"Runic Pyramid"},{"not_picked":["Runic Dome","Snecko Eye"],"picked":"Fusion Hammer"}],"items_purged_floors":[19],"is_endless":false,"potions_floor_spawned":[2,5,7,11,16,20,22,36,38],"killed_by":"Reptomancer","ascension_level":1}