{"gold_per_floor":[114,134,134,134,149,149,17,17,17,17,17,31,46,121,121,216,216,231,231,82,97,117,117,131,141,141,155,155,155,175,187,187,187],"floor_reached":33,"playtime":1646,"items_purged":["Strike_G"],"score":241,"play_id":"a3374de1-4356-420f-baba-d7fca3faa783","local_time":"20190226220621","is_ascension_mode":false,"campfire_choices":[{"data":"Skewer","floor":6,"key":"SMITH"},{"data":"Dagger Spray","floor":8,"key":"SMITH"},{"data":"Neutralize","floor":11,"key":"SMITH"},{"data":"Backflip","floor":15,"key":"SMITH"},{"data":"Footwork","floor":23,"key":"SMITH"},{"data":"Survivor","floor":28,"key":"SMITH"},{"floor":32,"key":"REST"}],"neow_cost":"NONE","seed_source_timestamp":418756202199650,"circlet_count":0,"master_deck":["Defend_G+1","Defend_G","Defend_G","Defend_G","Defend_G","Strike_G","Strike_G","Strike_G","Survivor+1","Neutralize+1","Skewer+1","Dagger Spray+1","Flying Knee","Backflip+1","Cloak And Dagger","Phantasmal Killer+1","Footwork+1","Flying Knee+1","Backstab"],"relics":["Busted Crown"],"potions_floor_usage":[16,18,18,27,33,33],"damage_taken":[{"damage":6,"enemies":"2 Louse","floor":1,"turns":4},{"damage":2,"enemies":"Small Slimes","floor":2,"turns":5},{"damage":0,"enemies":"Jaw Worm","floor":5,"turns":5},{"damage":8,"enemies":"Lots of Slimes","floor":12,"turns":4},{"damage":4,"enemies":"Exordium Wildlife","floor":13,"turns":3},{"damage":10,"enemies":"The Guardian","floor":16,"turns":10},{"damage":5,"enemies":"Spheric Guardian","floor":18,"turns":4},{"damage":0,"enemies":"3 Byrds","floor":21,"turns":5},{"damage":2,"enemies":"3 Cultists","floor":22,"turns":4},{"damage":14,"enemies":"Centurion and Healer","floor":24,"turns":5},{"damage":12,"enemies":"Chosen and Byrds","floor":25,"turns":5},{"damage":0,"enemies":"Snecko","floor":27,"turns":3},{"damage":4,"enemies":"3 Cultists","floor":30,"turns":5},{"damage":4,"enemies":"Sentry and Sphere","floor":31,"turns":6},{"damage":76,"enemies":"Champ","floor":33,"turns":15}],"seed_played":"3192050768182149758","potions_obtained":[{"floor":5,"key":"SkillPotion"},{"floor":12,"key":"Dexterity Potion"},{"floor":13,"key":"SteroidPotion"},{"floor":16,"key":"Block Potion"},{"floor":18,"key":"Fruit Juice"},{"floor":25,"key":"Energy Potion"}],"is_trial":false,"path_per_floor":["M","M","?","?","M","R","$","R","T","?","R","M","M","?","R","B",null,"M","?","$","M","M","R","M","M","T","M","R","?","M","M","R","B"],"character_chosen":"THE_SILENT","items_purchased":["Dagger Spray","Flying Knee","Backflip","Footwork"],"campfire_rested":1,"item_purchase_floors":[7,7,7,20],"current_hp_per_floor":[64,62,55,55,55,55,55,55,55,55,55,47,43,32,32,22,70,65,65,65,65,63,63,49,37,37,37,37,37,33,29,50,0],"gold":187,"neow_bonus":"BOSS_RELIC","is_prod":false,"is_daily":false,"chose_seed":false,"campfire_upgraded":6,"win_rate":0,"timestamp":1551218781,"path_taken":["M","M","?","?","M","R","$","R","T","?","R","M","M","?","R","BOSS","M","?","$","?","?","R","M","M","T","M","R","?","M","M","R","BOSS"],"build_version":"2019-01-23","purchased_purges":1,"victory":false,"max_hp_per_floor":[70,70,70,70,70,70,70,70,70,70,70,70,70,70,70,70,70,70,70,70,70,70,70,70,70,70,70,70,70,70,70,70,75],"card_choices":[{"not_picked":["Quick Slash"],"picked":"SKIP","floor":1},{"not_picked":[],"picked":"Skewer","floor":2},{"not_picked":["Acrobatics"],"picked":"SKIP","floor":5},{"not_picked":["Setup"],"picked":"SKIP","floor":12},{"not_picked":[],"picked":"Cloak And Dagger","floor":13},{"not_picked":[],"picked":"Phantasmal Killer","floor":16},{"not_picked":["Flechettes"],"picked":"SKIP","floor":18},{"not_picked":["Prepared"],"picked":"SKIP","floor":21},{"not_picked":["All Out Attack"],"picked":"SKIP","floor":22},{"not_picked":["Tactician"],"picked":"SKIP","floor":24},{"not_picked":["Backflip"],"picked":"SKIP","floor":25},{"not_picked":[],"picked":"Flying Knee+1","floor":27},{"not_picked":["Catalyst"],"picked":"SKIP","floor":30},{"not_picked":[],"picked":"Backstab","floor":31}],"player_experience":508870,"relics_obtained":[],"event_choices":[{"cards_removed":["Strike_G"],"damage_healed":0,"gold_gain":0,"player_choice":"Card Removal","damage_taken":7,"max_hp_gain":0,"max_hp_loss":0,"event_name":"Golden Wing","floor":3,"gold_loss":0},{"damage_healed":0,"gold_gain":0,"player_choice":"Fled","damage_taken":0,"max_hp_gain":0,"max_hp_loss":0,"event_name":"Scrap Ooze","floor":4,"gold_loss":0},{"damage_healed":0,"gold_gain":0,"player_choice":"Searched \u00270\u0027 times","damage_taken":0,"max_hp_gain":0,"max_hp_loss":0,"event_name":"Dead Adventurer","floor":10,"gold_loss":0},{"damage_healed":0,"gold_gain":75,"player_choice":"Gather Gold","damage_taken":11,"max_hp_gain":0,"max_hp_loss":0,"event_name":"World of Goop","floor":14,"gold_loss":0},{"damage_healed":0,"gold_gain":0,"player_choice":"Upgraded","damage_taken":0,"max_hp_gain":0,"max_hp_loss":0,"event_name":"Upgrade Shrine","floor":19,"gold_loss":0,"cards_upgraded":["Phantasmal Killer"]},{"damage_healed":0,"gold_gain":0,"player_choice":"Forge","damage_taken":0,"max_hp_gain":0,"max_hp_loss":0,"event_name":"Accursed Blacksmith","floor":29,"gold_loss":0,"cards_upgraded":["Defend_G"]}],"is_beta":false,"boss_relics":[{"not_picked":[]}],"items_purged_floors":[20],"is_endless":false,"potions_floor_spawned":[5,12,13,16,18,25],"killed_by":"Champ","ascension_level":0}