{"gold_per_floor":[115,129,146,162,162,193,21,55,78,78],"floor_reached":10,"playtime":699,"items_purged":[],"score":156,"play_id":"0719d4d6-3256-4da7-8f63-d049b1aae52b","local_time":"20190810164716","is_ascension_mode":true,"campfire_choices":[],"neow_cost":"NONE","seed_source_timestamp":19215987865601,"circlet_count":0,"master_deck":["AscendersBane","Strike_R","Strike_R","Strike_R","Strike_R","Strike_R","Defend_R","Defend_R","Defend_R","Defend_R","Bash+1","Pommel Strike","Clothesline","Pommel Strike","Thunderclap","Feel No Pain","Demon Form","Armaments"],"relics":["Burning Blood","Bronze Scales","Dream Catcher","Ancient Tea Set"],"potions_floor_usage":[6,8,8,8],"damage_taken":[{"damage":4,"enemies":"Jaw Worm","floor":1,"turns":5},{"damage":5,"enemies":"Small Slimes","floor":2,"turns":3},{"damage":2,"enemies":"2 Louse","floor":3,"turns":4},{"damage":15,"enemies":"Large Slime","floor":4,"turns":6},{"damage":30,"enemies":"Lagavulin","floor":6,"turns":7},{"damage":29,"enemies":"Gremlin Nob","floor":8,"turns":4},{"damage":35,"enemies":"Lagavulin","floor":10,"turns":5}],"seed_played":"-8902515671653222313","potions_obtained":[{"floor":2,"key":"EntropicBrew"},{"floor":3,"key":"AttackPotion"}],"is_trial":false,"path_per_floor":["M","M","M","M","?","E","$","E","T","E"],"character_chosen":"IRONCLAD","items_purchased":["Demon Form"],"campfire_rested":0,"item_purchase_floors":[7],"current_hp_per_floor":[77,78,82,73,73,49,49,26,26,0],"gold":78,"neow_bonus":"TEN_PERCENT_HP_BONUS","is_prod":false,"is_daily":false,"chose_seed":false,"campfire_upgraded":0,"win_rate":0,"timestamp":1565452036,"path_taken":["M","M","M","M","?","E","$","E","T","E"],"build_version":"2019-07-17","purchased_purges":0,"victory":false,"max_hp_per_floor":[82,82,82,82,82,82,82,82,82,82],"card_choices":[{"not_picked":["Shrug It Off","Havoc"],"picked":"Pommel Strike","floor":1},{"not_picked":["Thunderclap","True Grit"],"picked":"Clothesline","floor":2},{"not_picked":["Searing Blow","Havoc"],"picked":"Pommel Strike","floor":3},{"not_picked":["Havoc","Wild Strike"],"picked":"Thunderclap","floor":4},{"not_picked":["Battle Trance","Fiend Fire"],"picked":"Feel No Pain","floor":6},{"not_picked":["Cleave","Clothesline"],"picked":"Armaments","floor":8}],"player_experience":1072432,"relics_obtained":[{"floor":6,"key":"Bronze Scales"},{"floor":8,"key":"Dream Catcher"},{"floor":9,"key":"Ancient Tea Set"}],"event_choices":[{"damage_healed":0,"gold_gain":0,"player_choice":"Grow","damage_taken":0,"max_hp_gain":0,"max_hp_loss":0,"event_name":"Living Wall","floor":5,"gold_loss":0,"cards_upgraded":["Bash"]}],"is_beta":false,"boss_relics":[],"items_purged_floors":[],"is_endless":false,"potions_floor_spawned":[2,3],"killed_by":"Lagavulin","ascension_level":20}