{"gold_per_floor":[116,116,136,150,150,150,41,41,41,41,41,41,68,79,79,178,178,162,162,162,182,14,14],"floor_reached":23,"playtime":1859,"items_purged":["Strike_B","Strike_B"],"score":215,"play_id":"383550e6-2bff-4371-8745-9ad7f597fa14","local_time":"20180623113202","is_ascension_mode":true,"campfire_choices":[{"data":"Blizzard","floor":6,"key":"SMITH"},{"data":"Recycle","floor":8,"key":"SMITH"},{"data":"Defend_B","floor":12,"key":"SMITH"},{"data":"Blizzard","floor":15,"key":"SMITH"}],"neow_cost":"NONE","seed_source_timestamp":3413306543838489,"circlet_count":0,"master_deck":["Defend_B+1","Defend_B","Defend_B","Self Repair","Coolheaded","Glacier","Blizzard+1","Lockon","Recycle+1","Glacier","Blizzard+1","Buffer","Chill","Beam Cell+1","Steam Power+1"],"relics":["Philosopher\u0027s Stone","Potion Belt","Omamori","Empty Cage","Toxic Egg 2","Nilry\u0027s Codex"],"potions_floor_usage":[13,21,23,23],"damage_taken":[{"damage":2,"enemies":"Jaw Worm","floor":1,"turns":4},{"damage":13,"enemies":"2 Louse","floor":3,"turns":3},{"damage":3,"enemies":"Cultist","floor":4,"turns":5},{"damage":4,"enemies":"3 Sentries","floor":13,"turns":6},{"damage":12,"enemies":"Gremlin Gang","floor":14,"turns":3},{"damage":4,"enemies":"Hexaghost","floor":16,"turns":9},{"damage":13,"enemies":"2 Thieves","floor":18,"turns":5},{"damage":19,"enemies":"Chosen","floor":21,"turns":8},{"damage":47,"enemies":"Slavers","floor":23,"turns":4}],"seed_played":"4149595977065653146","potions_obtained":[{"floor":1,"key":"Poison Potion"},{"floor":4,"key":"SteroidPotion"},{"floor":16,"key":"SpeedPotion"},{"floor":21,"key":"AttackPotion"}],"is_trial":false,"path_per_floor":["M","?","M","M","?","R","$","R","T","$","?","R","E","M","R","B",null,"M","T","?","M","$"],"character_chosen":"DEFECT","items_purchased":["Recycle","Steam Power+1"],"campfire_rested":0,"item_purchase_floors":[7,22],"current_hp_per_floor":[73,73,67,71,71,71,71,71,71,71,64,64,67,55,55,58,75,69,69,53,41,41,0],"gold":14,"neow_bonus":"BOSS_RELIC","is_prod":false,"is_daily":false,"chose_seed":false,"campfire_upgraded":4,"win_rate":0,"timestamp":1529749922,"path_taken":["M","?","M","?","?","R","$","R","T","?","?","R","E","M","R","BOSS","M","?","?","M","$","E"],"build_version":"2018-06-21v2","purchased_purges":2,"victory":false,"max_hp_per_floor":[75,75,75,75,75,75,75,75,75,75,75,75,75,75,75,75,75,75,75,75,75,75,75],"card_choices":[{"not_picked":["Auto Shields","Leap"],"picked":"Self Repair","floor":1},{"not_picked":["Conserve Battery","Barrage"],"picked":"Glacier","floor":3},{"not_picked":["Storm","Barrage"],"picked":"Blizzard","floor":4},{"not_picked":["Sweeping Beam","Genetic Algorithm"],"picked":"Glacier","floor":13},{"not_picked":["Turbo","Coolheaded"],"picked":"Blizzard","floor":14},{"not_picked":["Thunder Strike","Rainbow"],"picked":"Buffer","floor":16},{"not_picked":["Conserve Battery+1","Gash"],"picked":"Chill","floor":18},{"not_picked":["Aggregate+1","Force Field+1"],"picked":"Beam Cell+1","floor":21}],"player_experience":300805,"relics_obtained":[{"floor":9,"key":"Potion Belt"},{"floor":13,"key":"Omamori"},{"floor":19,"key":"Toxic Egg 2"},{"floor":20,"key":"Nilry\u0027s Codex"}],"event_choices":[{"event_name":"Living Wall","player_choice":"Change","floor":2,"damage_taken":0},{"event_name":"Transmorgrifier","player_choice":"Transform","floor":5,"damage_taken":0},{"event_name":"Golden Wing","player_choice":"Card Removal","floor":11,"damage_taken":0},{"event_name":"Cursed Tome","player_choice":"Obtained Book","floor":20,"damage_taken":0}],"boss_relics":[{"not_picked":["Black Star","Runic Dome"],"picked":"Empty Cage"}],"items_purged_floors":[7,22],"is_endless":false,"potions_floor_spawned":[1,4,16,21],"killed_by":"Slavers","ascension_level":3}