{"path_per_floor":["M","?","M","?","?","R","$","E","T","$","R","E","M","M","R","B",null,"M","$","?","M","?","E","R","E","T","E","R","M","M","E","R","B",null,"M","$","M","M","M","E","R","?","T","M","M","M","$","$","R","B"],"character_chosen":"DEFECT","items_purchased":["Capacitor","Bag of Preparation","Capacitor","Streamline","Defragment","Consume","Medical Kit","Ancient Potion","SpeedPotion","Energy Potion","PowerPotion","Cold Snap","Orichalcum"],"gold_per_floor":[116,216,229,229,229,229,6,49,49,9,9,49,69,83,83,211,211,224,173,173,189,189,219,219,249,249,280,280,295,307,339,339,439,439,458,31,50,65,80,114,114,414,414,425,439,456,283,54,54,54],"floor_reached":51,"campfire_rested":0,"playtime":9548,"item_purchase_floors":[],"current_hp_per_floor":[75,75,75,57,42,42,42,42,42,42,42,17,24,30,30,22,75,58,58,37,37,37,36,36,31,31,21,21,26,37,27,27,37,37,36,36,37,37,37,19,19,37,37,37,37,21,21,21,21,18],"items_purged":["Dualcast"],"gold":54,"score":1217,"play_id":"b7ae9ef7-dab1-412e-baab-72d69f90a3f9","local_time":"20180622220649","is_prod":false,"is_daily":false,"chose_seed":false,"is_ascension_mode":true,"campfire_upgraded":8,"win_rate":0,"timestamp":1529701609,"campfire_choices":[{"data":"Zap","floor":6.0,"key":"SMITH"},{"data":"Genetic Algorithm","floor":11.0,"key":"SMITH"},{"data":"Defend_B","floor":15.0,"key":"SMITH"},{"data":"Ghostly","floor":24.0,"key":"SMITH"},{"data":"Fusion","floor":28.0,"key":"SMITH"},{"data":"Echo Form","floor":32.0,"key":"SMITH"},{"data":"Defragment","floor":41,"key":"SMITH"},{"data":"Consume","floor":49,"key":"SMITH"}],"path_taken":["M","?","?","?","?","R","$","E","T","$","R","E","M","M","R","BOSS","M","$","?","M","?","E","R","E","T","E","R","?","M","E","R","BOSS","M","$","M","M","M","E","R","?","T","M","M","M","?","$","R","BOSS"],"build_version":"2018-06-21","seed_source_timestamp":0,"purchased_purges":1,"circlet_count":0,"victory":true,"master_deck":["Strike_B","Strike_B","Defend_B+1","Defend_B+1","Defend_B+1","Zap+1","Self Repair","Capacitor","Genetic Algorithm+1","Capacitor","Cold Snap","Gash","Glacier+1","Sunder+1","Hello World+1","Coolheaded+1","Hologram+1","Streamline","Ghostly+1","Ghostly","Ghostly","Ghostly+1","Ghostly","Rebound+1","BootSequence+1","Gash+1","Fusion+1","Echo Form+1","Gash","Creative AI","BootSequence","Defragment+1","Consume+1","Capacitor","Gash","Stack+1","Defragment+1","Cold Snap"],"max_hp_per_floor":[75,75,75,75,75,75,75,75,75,75,75,75,75,75,75,75,75,75,75,37,37,37,37,37,37,37,37,37,37,37,37,37,37,37,37,37,37,37,37,37,37,37,37,37,37,37,37,37,37,37],"special_seed":0,"relics":["Cracked Core","NeowsBlessing","Bloody Idol","Bag of Preparation","Shuriken","Regal Pillow","Happy Flower","Astrolabe","Dead Branch","Cables","Question Card","Ancient Tea Set","War Paint","Lizard Tail","Medical Kit","Bag of Marbles","Old Coin","Toolbox","Orichalcum"],"card_choices":[{"not_picked":["Steam","Consume","Leap"],"picked":"SKIP","floor":1.0},{"not_picked":["Reprogram","Stack"],"picked":"Self Repair","floor":3.0},{"not_picked":["Compile Driver","Streamline"],"picked":"Genetic Algorithm","floor":8.0},{"not_picked":["Conserve Battery","Streamline"],"picked":"Cold Snap","floor":12.0},{"not_picked":["Reprogram","Steam Power"],"picked":"Gash","floor":13.0},{"not_picked":["Steam","Blizzard"],"picked":"Glacier","floor":14.0},{"not_picked":["Rip and Tear","Coolheaded"],"picked":"Hologram+1","floor":18.0},{"not_picked":["Cold Snap","Barrage"],"picked":"Rebound+1","floor":21.0},{"not_picked":["Capacitor","Beam Cell"],"picked":"BootSequence+1","floor":23.0},{"not_picked":["Conserve Battery","Go for the Eyes+1"],"picked":"Gash+1","floor":25.0},{"not_picked":["Heatsinks","Leap+1","Rebound"],"picked":"Fusion","floor":27.0},{"not_picked":["Coolheaded+1","Genetic Algorithm","Beam Cell"],"picked":"Echo Form","floor":29.0},{"not_picked":["Coolheaded+1","Reprogram","Turbo"],"picked":"Gash","floor":30.0},{"not_picked":["Doom and Gloom","Capacitor","Genetic Algorithm+1","Steam"],"picked":"SKIP","floor":31.0},{"not_picked":["Reboot","Amplify","Biased Cognition"],"picked":"Creative AI","floor":33.0},{"not_picked":["Redo+1","Leap+1","Genetic Algorithm+1"],"picked":"BootSequence","floor":35},{"not_picked":["Storm","Sweeping Beam","Go for the Eyes","Doom and Gloom+1"],"picked":"SKIP","floor":37},{"not_picked":["Auto Shields+1","Turbo+1","Redo+1"],"picked":"Capacitor","floor":38},{"not_picked":["Sunder","Tempest","Turbo","Barrage"],"picked":"SKIP","floor":39},{"not_picked":["Turbo+1","Leap","Cold Snap"],"picked":"Gash","floor":40},{"not_picked":["Hologram+1","Tempest","Coolheaded+1"],"picked":"Stack+1","floor":44},{"not_picked":["Electrodynamics","Stack+1","Cold Snap+1","Redo"],"picked":"SKIP","floor":45},{"not_picked":["Stack","Ball Lightning+1","Redo"],"picked":"Defragment+1","floor":46}],"player_experience":290820,"potions_floor_usage":[46,46,46,50,50],"damage_taken":[{"damage":0.0,"enemies":"Cultist","floor":1.0,"turns":1.0},{"damage":0.0,"enemies":"Small Slimes","floor":3.0,"turns":1.0},{"damage":0.0,"enemies":"Gremlin Nob","floor":8.0,"turns":1.0},{"damage":32.0,"enemies":"3 Sentries","floor":12.0,"turns":9.0},{"damage":0.0,"enemies":"2 Louse","floor":13.0,"turns":2.0},{"damage":1.0,"enemies":"Blue Slaver","floor":14.0,"turns":4.0},{"damage":15.0,"enemies":"The Guardian","floor":16.0,"turns":12.0},{"damage":24.0,"enemies":"3 Byrds","floor":18.0,"turns":5.0},{"damage":0.0,"enemies":"Spheric Guardian","floor":21.0,"turns":5.0},{"damage":13.0,"enemies":"Book of Stabbing","floor":23.0,"turns":7.0},{"damage":10.0,"enemies":"Slavers","floor":25.0,"turns":4.0},{"damage":15.0,"enemies":"Book of Stabbing","floor":27.0,"turns":6.0},{"damage":0.0,"enemies":"3 Cultists","floor":29.0,"turns":5.0},{"damage":1.0,"enemies":"Snake Plant","floor":30.0,"turns":5.0},{"damage":22.0,"enemies":"Slavers","floor":31.0,"turns":9.0},{"damage":2.0,"enemies":"Collector","floor":33.0,"turns":10.0},{"damage":13,"enemies":"3 Darklings","floor":35,"turns":9},{"damage":0,"enemies":"3 Shapes","floor":37,"turns":4},{"damage":10,"enemies":"Maw","floor":38,"turns":9},{"damage":6,"enemies":"Sphere and 2 Shapes","floor":39,"turns":9},{"damage":30,"enemies":"Giant Head","floor":40,"turns":9},{"damage":0,"floor":42,"turns":10},{"damage":1,"enemies":"4 Shapes","floor":44,"turns":4},{"damage":12,"enemies":"3 Darklings","floor":45,"turns":6},{"damage":28,"enemies":"Sphere and 2 Shapes","floor":46,"turns":8},{"damage":3,"enemies":"Awakened One","floor":50,"turns":8}],"relics_obtained":[{"floor":8.0,"key":"Shuriken"},{"floor":9.0,"key":"Regal Pillow"},{"floor":12.0,"key":"Happy Flower"},{"floor":23.0,"key":"Dead Branch"},{"floor":25.0,"key":"Cables"},{"floor":26.0,"key":"Question Card"},{"floor":27.0,"key":"Ancient Tea Set"},{"floor":31.0,"key":"War Paint"},{"floor":40,"key":"Bag of Marbles"},{"floor":42,"key":"Old Coin"},{"floor":43,"key":"Toolbox"}],"event_choices":[{"event_name":"Golden Shrine","player_choice":"Pray","floor":2.0,"damage_taken":0.0},{"event_name":"Golden Idol","player_choice":"Take Damage","floor":4.0,"damage_taken":0.0},{"event_name":"Shining Light","player_choice":"Entered Light","floor":5.0,"damage_taken":0.0},{"event_name":"Ghosts","player_choice":"Became a Ghost","floor":20.0,"damage_taken":0.0},{"event_name":"Forgotten Altar","player_choice":"Gave Idol","floor":22.0,"damage_taken":0.0},{"event_name":"MindBloom","player_choice":"Fight","floor":42,"damage_taken":0}],"boss_relics":[{"not_picked":["Eternal Feather","Runic Pyramid"],"picked":"Astrolabe"},{"not_picked":["Pandora\u0027s Box","Inserter"],"picked":"Lizard Tail"}],"items_purged_floors":[36],"is_endless":false,"potions_floor_spawned":[8,12,13,23,25,30,33,38,40,42,46],"seed_played":"-4117446888830941392","ascension_level":2,"potions_obtained":[{"floor":8.0,"key":"Strength Potion"},{"floor":12.0,"key":"EssenceOfSteel"},{"floor":13.0,"key":"Fire Potion"},{"floor":23.0,"key":"Ancient Potion"},{"floor":25.0,"key":"PowerPotion"},{"floor":30.0,"key":"LiquidBronze"},{"floor":33.0,"key":"AttackPotion"},{"floor":38,"key":"FearPotion"},{"floor":40,"key":"SteroidPotion"},{"floor":42,"key":"Block Potion"},{"floor":46,"key":"SteroidPotion"}],"is_trial":false}