{"gold_per_floor":[115,46,146,159,42,68,68,101,125,125,125,125,141,53,53,149,149,163,163,195,9,19,19],"floor_reached":23,"playtime":1686,"items_purged":[],"score":224,"play_id":"6b46967e-2df1-429a-a8d0-e152bd8ca70c","local_time":"20190816224035","is_ascension_mode":true,"campfire_choices":[{"floor":7,"key":"REST"},{"floor":10,"key":"REST"},{"floor":12,"key":"REST"},{"floor":15,"key":"REST"}],"neow_cost":"NONE","seed_source_timestamp":671751464182993,"circlet_count":0,"master_deck":["Strike_G","Strike_G","Strike_G","Strike_G","Defend_G","Defend_G","Defend_G","Defend_G","Defend_G","Survivor","Neutralize","Backstab","Crippling Poison","Crippling Poison","Dash","Calculated Gamble","Dodge and Roll","Predator","Acrobatics","PiercingWail","Poisoned Stab","Finesse","Night Terror","Dodge and Roll","Infinite Blades","Dash","Calculated Gamble","Prepared","All Out Attack","Bouncing Flask","Terror"],"relics":["Ring of the Snake","Dream Catcher","Peace Pipe","Bag of Preparation","Torii","Orrery","Red Mask","Orichalcum"],"potions_floor_usage":[16,20,22,23],"damage_taken":[{"damage":19,"enemies":"Jaw Worm","floor":1,"turns":9},{"damage":0,"enemies":"Cultist","floor":4,"turns":4},{"damage":24,"enemies":"Gremlin Nob","floor":6,"turns":5},{"damage":44,"enemies":"Lagavulin","floor":8,"turns":10},{"damage":0,"enemies":"2 Louse","floor":13,"turns":2},{"damage":16,"enemies":"Hexaghost","floor":16,"turns":12},{"damage":11,"enemies":"Shell Parasite","floor":18,"turns":11},{"damage":39,"enemies":"Masked Bandits","floor":20,"turns":7},{"damage":0,"enemies":"3 Byrds","floor":22,"turns":5},{"damage":7,"enemies":"Gremlin Leader","floor":23,"turns":4}],"seed_played":"-7345147526438263470","potions_obtained":[{"floor":4,"key":"SpeedPotion"},{"floor":6,"key":"Swift Potion"},{"floor":8,"key":"Poison Potion"},{"floor":16,"key":"Poison Potion"},{"floor":22,"key":"SpeedPotion"}],"is_trial":false,"path_per_floor":["M","$","?","M","$","E","R","E","T","R","?","R","M","$","R","B",null,"M","?","?","$","M","E"],"character_chosen":"THE_SILENT","items_purchased":["Crippling Poison","Dash","Calculated Gamble","Finesse","Bouncing Flask","Orichalcum"],"campfire_rested":4,"item_purchase_floors":[2,5,5,14,21,21],"current_hp_per_floor":[51,51,51,51,51,27,48,4,4,25,13,34,34,34,55,39,70,59,46,7,7,7,0],"gold":19,"neow_bonus":"REMOVE_CARD","is_prod":false,"is_daily":false,"chose_seed":false,"campfire_upgraded":0,"win_rate":0,"timestamp":1565988035,"path_taken":["M","$","?","?","?","E","R","E","T","R","?","R","M","$","R","BOSS","M","?","?","$","?","E"],"build_version":"2019-07-17","purchased_purges":0,"victory":false,"max_hp_per_floor":[70,70,70,70,70,70,70,70,70,70,70,70,70,70,70,70,70,70,75,75,75,75,75],"card_choices":[{"not_picked":["Slice","Deflect"],"picked":"Backstab","floor":1},{"not_picked":["Bane","Reflex"],"picked":"Crippling Poison","floor":4},{"not_picked":["Blade Dance","PiercingWail"],"picked":"Dodge and Roll","floor":6},{"not_picked":["Sucker Punch","Outmaneuver"],"picked":"Predator","floor":7},{"not_picked":["Sucker Punch","Blur"],"picked":"Acrobatics","floor":8},{"not_picked":["Prepared","Slice"],"picked":"PiercingWail","floor":12},{"not_picked":["Prepared","Expertise"],"picked":"Poisoned Stab","floor":13},{"not_picked":["A Thousand Cuts","Corpse Explosion"],"picked":"Night Terror","floor":16},{"not_picked":["Deadly Poison","Outmaneuver"],"picked":"Dodge and Roll","floor":17},{"not_picked":["PiercingWail","Underhanded Strike"],"picked":"Infinite Blades","floor":17},{"not_picked":["Prepared","Cloak And Dagger"],"picked":"Dash","floor":17},{"not_picked":["Outmaneuver","Eviscerate"],"picked":"Calculated Gamble","floor":17},{"not_picked":["Masterful Stab+1","Infinite Blades+1"],"picked":"Prepared","floor":18},{"not_picked":["Prepared+1","Dagger Throw"],"picked":"All Out Attack","floor":20},{"not_picked":["Prepared","Caltrops"],"picked":"Terror","floor":22}],"player_experience":118607,"relics_obtained":[{"floor":6,"key":"Dream Catcher"},{"floor":8,"key":"Peace Pipe"},{"floor":9,"key":"Bag of Preparation"},{"floor":20,"key":"Red Mask"}],"event_choices":[{"damage_healed":0,"gold_gain":100,"player_choice":"Pray","damage_taken":0,"max_hp_gain":0,"max_hp_loss":0,"event_name":"Golden Shrine","floor":3,"gold_loss":0},{"damage_healed":0,"gold_gain":0,"player_choice":"Success","damage_taken":12,"relics_obtained":["Torii"],"max_hp_gain":0,"max_hp_loss":0,"event_name":"Scrap Ooze","floor":11,"gold_loss":0},{"damage_healed":0,"gold_gain":0,"player_choice":"Shed Blood","damage_taken":18,"max_hp_gain":5,"max_hp_loss":0,"event_name":"Forgotten Altar","floor":19,"gold_loss":0},{"damage_healed":0,"gold_gain":0,"player_choice":"Fought Bandits","damage_taken":0,"max_hp_gain":0,"max_hp_loss":0,"event_name":"Masked Bandits","floor":20,"gold_loss":0}],"is_beta":false,"boss_relics":[{"not_picked":["Ectoplasm","Empty Cage"],"picked":"Orrery"}],"items_purged_floors":[],"is_endless":false,"potions_floor_spawned":[4,6,8,16,22],"killed_by":"Gremlin Leader","ascension_level":3}