{"gold_per_floor":[118,118,135,152,169,198,198,227,278,278,278,278,1,1,1,124,124,138,156,170,170,70,70,111,111,111,150,23,48,48,67,67,198,198,219,94,427,427,427,427,453,453,453,471,136,146,146,166,166,166],"floor_reached":51,"playtime":4804,"items_purged":["Defend_B","Bite","Bite"],"score":696,"play_id":"b9d430eb-b564-459d-82bd-470e2f7134df","local_time":"20190301211852","is_ascension_mode":false,"campfire_choices":[{"data":"Go for the Eyes","floor":10,"key":"SMITH"},{"data":"Zap","floor":12,"key":"SMITH"},{"data":"Hologram","floor":15,"key":"SMITH"},{"data":"Fission","floor":23,"key":"SMITH"},{"data":"Blizzard","floor":25,"key":"SMITH"},{"data":"Defragment","floor":32,"key":"SMITH"},{"data":"Hologram","floor":40,"key":"SMITH"},{"data":"Coolheaded","floor":42,"key":"SMITH"},{"data":"Glacier","floor":47,"key":"SMITH"},{"data":"Loop","floor":49,"key":"SMITH"}],"neow_cost":"PERCENT_DAMAGE","seed_source_timestamp":0,"circlet_count":0,"master_deck":["Defend_B","Defend_B","Zap+1","Dualcast+1","Conserve Battery","Hologram+1","Go for the Eyes+1","Darkness","Conserve Battery","Blizzard+1","Glacier+1","Melter","Flash of Steel","Fission+1","Hologram+1","Bite","Bite","Bite","Defragment+1","Coolheaded+1","Creative AI","Madness","Madness","Cold Snap+1","Barrage+1","Core Surge","Loop+1","Secret Technique+1","Leap+1"],"special_seed":0,"relics":["Cracked Core","Calipers","Centennial Puzzle","Cables","Anchor","Busted Crown","Vajra","Bronze Scales","Singing Bowl","Inserter","Unceasing Top","Toxic Egg 2"],"potions_floor_usage":[41,48,50,50,50,50,50,50],"damage_taken":[{"damage":1.0,"enemies":"Jaw Worm","floor":1.0,"turns":3.0},{"damage":0.0,"enemies":"Cultist","floor":3.0,"turns":3.0},{"damage":2.0,"enemies":"2 Louse","floor":4.0,"turns":2.0},{"damage":0.0,"enemies":"Looter","floor":5.0,"turns":3.0},{"damage":5.0,"enemies":"3 Sentries","floor":6.0,"turns":6.0},{"damage":9,"enemies":"Lagavulin","floor":8,"turns":6},{"damage":13,"enemies":"The Guardian","floor":16,"turns":11},{"damage":0,"enemies":"Spheric Guardian","floor":18,"turns":4},{"damage":7,"enemies":"2 Thieves","floor":19,"turns":3},{"damage":9,"enemies":"Snake Plant","floor":20,"turns":5},{"damage":4,"enemies":"Slavers","floor":24,"turns":5},{"damage":20,"enemies":"Gremlin Leader","floor":27,"turns":6},{"damage":0,"enemies":"Shelled Parasite and Fungi","floor":29,"turns":5},{"damage":0,"enemies":"3 Cultists","floor":31,"turns":5},{"damage":15,"enemies":"Collector","floor":33,"turns":12},{"damage":0,"enemies":"3 Darklings","floor":35,"turns":8},{"damage":54,"enemies":"Reptomancer","floor":41,"turns":10},{"damage":0,"enemies":"3 Shapes","floor":44,"turns":8},{"damage":5,"enemies":"3 Darklings","floor":46,"turns":18},{"damage":0,"enemies":"Transient","floor":48,"turns":5},{"damage":41,"enemies":"Awakened One","floor":50,"turns":11}],"seed_played":"-6937123891063919852","potions_obtained":[{"floor":4.0,"key":"SkillPotion"},{"floor":5.0,"key":"EssenceOfSteel"},{"floor":24,"key":"Dexterity Potion"},{"floor":29,"key":"SmokeBomb"},{"floor":31,"key":"Block Potion"},{"floor":33,"key":"Regen Potion"},{"floor":35,"key":"Dexterity Potion"},{"floor":41,"key":"EntropicBrew"},{"floor":48,"key":"Fire Potion"}],"is_trial":false,"path_per_floor":["M","?","M","M","M","E","?","E","T","R","?","R","$","T","R","B",null,"M","M","M","?","$","R","E","R","T","E","$","M","?","M","R","B",null,"M","$","?","?","?","R","E","R","T","M","$","M","R","M","R","B",null],"character_chosen":"DEFECT","items_purchased":["Glacier","Melter","Flash of Steel","Defragment","Coolheaded","Core Surge","Loop","Secret Technique+1"],"campfire_rested":0,"item_purchase_floors":[13,13,13,28,28,45,45,45],"current_hp_per_floor":[53,53,53,51,51,46,39,30,30,30,30,30,30,30,30,17,69,69,62,53,48,48,48,48,48,48,31,31,45,36,44,44,53,54,56,56,56,56,49,49,13,13,13,23,23,38,38,48,48,15],"gold":166,"neow_bonus":"ONE_RARE_RELIC","is_prod":false,"is_daily":false,"chose_seed":false,"campfire_upgraded":10,"win_rate":0,"timestamp":1551475132,"path_taken":["M","?","M","?","M","E","?","E","T","R","?","R","$","?","R","BOSS","M","M","M","?","$","R","E","R","T","E","$","M","?","M","R","BOSS","M","$","?","?","?","R","E","R","T","M","$","M","R","M","R","BOSS"],"build_version":"2019-01-23","purchased_purges":3,"victory":true,"max_hp_per_floor":[75,75,75,75,75,75,75,75,75,75,69,69,69,69,69,69,69,69,69,69,48,48,48,48,48,48,50,50,52,52,54,54,54,54,56,56,56,56,56,56,56,56,56,56,56,56,56,58,58,58],"card_choices":[{"not_picked":["Beam Cell","Sweeping Beam"],"picked":"Conserve Battery","floor":1.0},{"not_picked":["Turbo","Steam"],"picked":"Hologram","floor":3.0},{"not_picked":["Turbo","Rebound"],"picked":"Go for the Eyes","floor":4.0},{"not_picked":["Steam","Hello World"],"picked":"Darkness","floor":5.0},{"not_picked":["Sweeping Beam","Meteor Strike"],"picked":"Conserve Battery","floor":6.0},{"not_picked":["Conserve Battery","Beam Cell"],"picked":"Blizzard","floor":8},{"not_picked":["Meteor Strike","Amplify"],"picked":"Fission","floor":16},{"not_picked":["Tempest+1"],"picked":"SKIP","floor":18},{"not_picked":["Barrage"],"picked":"SKIP","floor":19},{"not_picked":[],"picked":"Hologram","floor":20},{"not_picked":["Sweeping Beam"],"picked":"SKIP","floor":24},{"not_picked":["Hello World"],"picked":"Singing Bowl","floor":27},{"not_picked":["Storm"],"picked":"Singing Bowl","floor":29},{"not_picked":["Coolheaded"],"picked":"Singing Bowl","floor":31},{"not_picked":[],"picked":"Creative AI","floor":33},{"not_picked":["Stack"],"picked":"Singing Bowl","floor":35},{"not_picked":[],"picked":"Cold Snap+1","floor":41},{"not_picked":[],"picked":"Barrage+1","floor":44},{"not_picked":[],"picked":"Leap+1","floor":46},{"not_picked":["Sunder+1"],"picked":"Singing Bowl","floor":48}],"player_experience":527132,"relics_obtained":[{"floor":6.0,"key":"Centennial Puzzle"},{"floor":8,"key":"Cables"},{"floor":9,"key":"Anchor"},{"floor":24,"key":"Vajra"},{"floor":26,"key":"Bronze Scales"},{"floor":27,"key":"Singing Bowl"},{"floor":41,"key":"Unceasing Top"},{"floor":43,"key":"Toxic Egg 2"}],"event_choices":[{"damage_healed":0.0,"max_hp_gain":0.0,"max_hp_loss":0.0,"gold_gain":0.0,"event_name":"Accursed Blacksmith","player_choice":"Forge","floor":2.0,"gold_loss":0.0,"damage_taken":0.0,"cards_upgraded":["Dualcast"]},{"cards_removed":["Defend_B"],"damage_healed":0.0,"max_hp_gain":0.0,"max_hp_loss":0.0,"gold_gain":0.0,"event_name":"Golden Wing","player_choice":"Card Removal","floor":7.0,"gold_loss":0.0,"damage_taken":7.0},{"damage_healed":0,"gold_gain":0,"player_choice":"Lose Max HP","damage_taken":0,"relics_obtained":["Golden Idol"],"max_hp_gain":0,"max_hp_loss":6,"event_name":"Golden Idol","floor":11,"gold_loss":0},{"damage_healed":0,"gold_gain":0,"player_choice":"Became a vampire","damage_taken":0,"max_hp_gain":0,"max_hp_loss":21,"event_name":"Vampires","floor":21,"gold_loss":0,"cards_obtained":["Bite","Bite","Bite","Bite","Bite"]},{"damage_healed":0,"gold_gain":0,"player_choice":"Stopped","damage_taken":9,"max_hp_gain":0,"max_hp_loss":0,"event_name":"Cursed Tome","floor":30,"gold_loss":0},{"damage_healed":0,"gold_gain":333,"player_choice":"Gave Idol","damage_taken":0,"max_hp_gain":0,"max_hp_loss":0,"event_name":"The Moai Head","floor":37,"relics_lost":["Golden Idol"],"gold_loss":0},{"damage_healed":0,"gold_gain":0,"player_choice":"Ignored","damage_taken":0,"max_hp_gain":0,"max_hp_loss":0,"event_name":"Tomb of Lord Red Mask","floor":38,"gold_loss":0},{"damage_healed":0,"gold_gain":0,"player_choice":"Embrace Madness","damage_taken":7,"max_hp_gain":0,"max_hp_loss":0,"event_name":"Winding Halls","floor":39,"gold_loss":0,"cards_obtained":["Madness","Madness"]}],"is_beta":false,"boss_relics":[{"not_picked":["Snecko Eye","Orrery"],"picked":"Busted Crown"},{"not_picked":["Tiny House","Sozu"],"picked":"Inserter"}],"items_purged_floors":[13,22,36],"is_endless":false,"potions_floor_spawned":[4,5,24,29,31,33,35,41,46,48],"ascension_level":0}