{"gold_per_floor":[112,112,127,127,138,138,165,185,231,248,248,268,288,313,313,414,414,431,447,470,470,485,485,270,283,337,337,347,347,363,363,363,461,461,471,485,131,131,131,165,165,184,184,212,223,223,223,223,223,223],"floor_reached":51,"playtime":4963,"items_purged":["Writhe"],"score":893,"play_id":"1f399f49-0730-4924-8fcb-8fc02cb2fdeb","local_time":"20180629233149","is_ascension_mode":true,"campfire_choices":[{"data":"Dualcast","floor":6.0,"key":"SMITH"},{"data":"Zap","floor":11.0,"key":"SMITH"},{"floor":15.0,"key":"REST"},{"floor":23.0,"key":"REST"},{"floor":27.0,"key":"REST"},{"floor":29.0,"key":"REST"},{"data":"Defragment","floor":32.0,"key":"SMITH"},{"floor":41,"key":"REST"},{"floor":49,"key":"REST"}],"neow_cost":"","seed_source_timestamp":0,"circlet_count":0,"master_deck":["Strike_B","Strike_B","Strike_B","Defend_B+1","Defend_B","Defend_B+1","Defend_B","Zap+1","Dualcast+1","Coolheaded","Steam+1","Zap","Capacitor","Sweeping Beam","Conserve Battery","FTL","Defragment+1","Barrage","Leap","Multi-Cast+1","Cold Snap+1","Compile Driver","Compile Driver+1","Steam","Dramatic Entrance","Conserve Battery","Self Repair","Glacier+1","Coolheaded+1","Chill","Bandage Up","Electrodynamics","Consume+1","Hologram","Madness","Madness","Creative AI","Defragment+1","Secret Technique"],"special_seed":17709,"relics":["Cracked Core","Toolbox","Bag of Marbles","Dream Catcher","Inserter","War Paint","Dodecahedron","Anchor","Fusion Hammer","Bag of Preparation","Regal Pillow","DataDisk","Kunai","Darkstone Periapt","Blood Vial"],"potions_floor_usage":[50,50],"damage_taken":[{"damage":0.0,"enemies":"Small Slimes","floor":1.0,"turns":3.0},{"damage":0.0,"enemies":"Cultist","floor":3.0,"turns":3.0},{"damage":0.0,"enemies":"Jaw Worm","floor":5.0,"turns":4.0},{"damage":25.0,"enemies":"Lagavulin","floor":7.0,"turns":8.0},{"damage":0.0,"enemies":"3 Louse","floor":8.0,"turns":4.0},{"damage":5.0,"enemies":"Exordium Wildlife","floor":10.0,"turns":5.0},{"damage":0.0,"enemies":"Gremlin Gang","floor":12.0,"turns":1.0},{"damage":3.0,"enemies":"Exordium Thugs","floor":13.0,"turns":3.0},{"damage":9.0,"enemies":"3 Sentries","floor":14.0,"turns":3.0},{"damage":32.0,"enemies":"Slime Boss","floor":16.0,"turns":8.0},{"damage":26.0,"enemies":"Chosen","floor":18.0,"turns":6.0},{"damage":7.0,"enemies":"Spheric Guardian","floor":19.0,"turns":5.0},{"damage":17.0,"enemies":"Snake Plant","floor":22.0,"turns":5.0},{"damage":23.0,"enemies":"Centurion and Healer","floor":25.0,"turns":5.0},{"damage":33.0,"enemies":"Snecko","floor":28.0,"turns":6.0},{"damage":11.0,"enemies":"3 Cultists","floor":30.0,"turns":6.0},{"damage":24.0,"enemies":"Collector","floor":33.0,"turns":12.0},{"damage":20,"enemies":"3 Darklings","floor":35,"turns":8},{"damage":19,"enemies":"3 Shapes","floor":36,"turns":4},{"damage":7,"enemies":"Nemesis","floor":40,"turns":7},{"damage":0,"enemies":"Maw","floor":42,"turns":8},{"damage":0,"enemies":"Giant Head","floor":44,"turns":11},{"damage":26,"enemies":"3 Darklings","floor":45,"turns":7},{"damage":48,"enemies":"Time Eater","floor":50,"turns":13}],"seed_played":"695293360348774250","potions_obtained":[{"floor":7.0,"key":"AttackPotion"},{"floor":8.0,"key":"Weak Potion"},{"floor":12.0,"key":"AttackPotion"},{"floor":13.0,"key":"SpeedPotion"},{"floor":18.0,"key":"FearPotion"},{"floor":19.0,"key":"PowerPotion"},{"floor":28.0,"key":"PowerPotion"},{"floor":40,"key":"Dexterity Potion"},{"floor":42,"key":"EssenceOfSteel"}],"is_trial":false,"path_per_floor":["M","?","M","?","M","R","E","M","T","M","R","M","M","E","R","B",null,"M","M","T","?","M","R","$","M","T","R","M","R","M","?","R","B",null,"M","M","$","?","?","E","R","M","T","E","M","T","?","?","R","B"],"character_chosen":"DEFECT","items_purchased":["Dramatic Entrance","Conserve Battery","Hologram","Bag of Preparation","Regal Pillow"],"campfire_rested":6,"item_purchase_floors":[],"current_hp_per_floor":[75,75,75,60,60,60,35,39,39,34,34,34,31,22,44,12,59,37,30,30,30,13,35,35,12,12,34,8,30,26,26,26,13,60,51,40,40,31,66,66,66,66,66,66,58,58,58,58,66,25],"gold":223,"neow_bonus":"","is_prod":false,"is_daily":false,"chose_seed":false,"campfire_upgraded":3,"win_rate":0,"timestamp":1530311509,"path_taken":["M","?","M","?","?","R","E","M","T","M","R","M","M","E","R","BOSS","M","?","?","?","M","R","$","M","T","R","M","R","M","?","R","BOSS","M","M","$","?","?","E","R","?","T","E","M","?","?","?","R","BOSS"],"build_version":"2018-06-28","purchased_purges":1,"victory":true,"max_hp_per_floor":[75,75,75,75,75,75,75,75,75,75,75,75,75,75,75,75,75,75,75,75,75,75,75,75,75,75,75,75,75,75,75,75,75,75,75,75,75,75,66,66,66,66,66,66,66,66,66,66,66,66],"card_choices":[{"not_picked":["Turbo","Auto Shields"],"picked":"Steam","floor":1.0},{"not_picked":["Static Discharge","Undo","Stack"],"picked":"SKIP","floor":3.0},{"not_picked":["Streamline","Compile Driver"],"picked":"Capacitor","floor":5.0},{"not_picked":["Lockon","Amplify"],"picked":"Sweeping Beam","floor":7.0},{"not_picked":["Hello World","Go for the Eyes"],"picked":"Conserve Battery","floor":8.0},{"not_picked":["Static Discharge","Leap"],"picked":"FTL","floor":10.0},{"not_picked":["Heatsinks","Sweeping Beam","Beam Cell"],"picked":"SKIP","floor":12.0},{"not_picked":["Go for the Eyes","Cold Snap"],"picked":"Defragment","floor":13.0},{"not_picked":["Turbo","Go for the Eyes"],"picked":"Barrage","floor":14.0},{"not_picked":["Skim","FTL"],"picked":"Leap","floor":15.0},{"not_picked":["All For One","Electrodynamics"],"picked":"Multi-Cast","floor":16.0},{"not_picked":["Sweeping Beam","Capacitor"],"picked":"Cold Snap+1","floor":18.0},{"not_picked":["Beam Cell","Hologram"],"picked":"Compile Driver","floor":19.0},{"not_picked":["Gash","Rip and Tear"],"picked":"Compile Driver+1","floor":22.0},{"not_picked":["Rebound","Chaos"],"picked":"Steam","floor":23.0},{"not_picked":["Tempest","Ball Lightning","Redo"],"picked":"SKIP","floor":25.0},{"not_picked":["Stack","Tempest"],"picked":"Self Repair","floor":27.0},{"not_picked":["Gash","Leap"],"picked":"Glacier+1","floor":28.0},{"not_picked":["Hologram","Go for the Eyes"],"picked":"Coolheaded+1","floor":29.0},{"not_picked":["Redo+1","Compile Driver"],"picked":"Chill","floor":30.0},{"not_picked":["Biased Cognition","Buffer"],"picked":"Electrodynamics","floor":33.0},{"not_picked":["Sweeping Beam+1","Doom and Gloom+1"],"picked":"Consume+1","floor":35},{"not_picked":["Redo","Sunder+1","Cold Snap"],"picked":"SKIP","floor":36},{"not_picked":["Self Repair+1","Tempest","Barrage+1"],"picked":"SKIP","floor":40},{"not_picked":["Undo","Hologram"],"picked":"Creative AI","floor":42},{"not_picked":["Undo","Ball Lightning+1","Barrage"],"picked":"SKIP","floor":44},{"not_picked":["Compile Driver+1","Gash","Glacier"],"picked":"SKIP","floor":45},{"not_picked":["Blind","Finesse"],"picked":"Secret Technique","floor":48}],"player_experience":329198,"relics_obtained":[{"floor":7.0,"key":"Toolbox"},{"floor":9.0,"key":"Bag of Marbles"},{"floor":14.0,"key":"Dream Catcher"},{"floor":20.0,"key":"War Paint"},{"floor":26.0,"key":"Anchor"},{"floor":40,"key":"DataDisk"},{"floor":43,"key":"Kunai"},{"floor":44,"key":"Darkstone Periapt"},{"floor":46,"key":"Blood Vial"}],"event_choices":[{"event_name":"Match and Keep!","player_choice":"1 cards matched","floor":2.0,"damage_taken":0.0},{"event_name":"Shining Light","player_choice":"Entered Light","floor":4.0,"damage_taken":0.0},{"event_name":"The Mausoleum","player_choice":"Yes","floor":21.0,"damage_taken":0.0},{"event_name":"Match and Keep!","player_choice":"1 cards matched","floor":31.0,"damage_taken":0.0},{"event_name":"Winding Halls","player_choice":"Embrace Madness","floor":38,"damage_taken":0},{"event_name":"The Moai Head","player_choice":"Heal","floor":39,"damage_taken":0},{"event_name":"Duplicator","player_choice":"One dupe","floor":47,"damage_taken":0},{"event_name":"SensoryStone","player_choice":"Memory 1","floor":48,"damage_taken":0}],"boss_relics":[{"not_picked":["Black Star","White Beast Statue"],"picked":"Inserter"},{"not_picked":["Tiny House","Coffee Dripper"],"picked":"Fusion Hammer"}],"items_purged_floors":[],"is_endless":false,"potions_floor_spawned":[7,8,12,13,18,19,28,40,42],"ascension_level":5}