{"gold_per_floor":[117,117,117,192,206,206,242,242,295,295,375,388,16,16,16,146,146,161,176,39,54,4,4,40,40,40,53,73,104,122,155,155,278,278,301,177,190,109,134,134,168,168,247,247,247,278,278,322,322,322],"floor_reached":51,"playtime":5185,"items_purged":["Strike_R","Strike_R"],"score":1375,"play_id":"ec8965c8-89bc-47ab-b27e-8a46f0188d39","local_time":"20190309105507","is_ascension_mode":true,"campfire_choices":[{"data":"Bash","floor":6,"key":"SMITH"},{"data":"Shrug It Off","floor":8,"key":"SMITH"},{"floor":10,"key":"REST"},{"data":"Body Slam","floor":15,"key":"SMITH"},{"data":"Body Slam","floor":23,"key":"SMITH"},{"data":"Battle Trance","floor":25,"key":"SMITH"},{"data":"Combust","floor":32,"key":"SMITH"},{"data":"Juggernaut","floor":40,"key":"SMITH"},{"data":"Barricade","floor":42,"key":"SMITH"},{"data":"Metallicize","floor":44,"key":"SMITH"},{"data":"Metallicize","floor":47,"key":"SMITH"},{"data":"Shrug It Off","floor":49,"key":"SMITH"}],"neow_cost":"NONE","seed_source_timestamp":44344873768886,"circlet_count":0,"master_deck":["Strike_R","Defend_R","Defend_R","Defend_R","Defend_R","Bash+1","Shrug It Off+1","Flame Barrier+1","Shrug It Off+1","Body Slam+1","Body Slam+1","PanicButton","Feed","Pommel Strike+1","Warcry+1","Pummel+1","Battle Trance+1","Whirlwind","Metallicize+1","Shrug It Off+1","Disarm+1","Combust+1","Warcry+1","Shrug It Off+1","Rampage+1","Juggernaut+1","Havoc+1","Metallicize+1","True Grit+1","Evolve","True Grit+1","Barricade+1","Metallicize+1","Body Slam+1"],"relics":["Burning Blood","Golden Idol","Bronze Scales","Bag of Preparation","Mummified Hand","Happy Flower","Incense Burner","Astrolabe","Orichalcum","Toxic Egg 2","Nunchaku","Anchor","Sozu","PreservedInsect","Pen Nib","Ice Cream"],"potions_floor_usage":[7,29,50,50,50],"damage_taken":[{"damage":7,"enemies":"Jaw Worm","floor":1,"turns":5},{"damage":0,"enemies":"2 Louse","floor":5,"turns":3},{"damage":37,"enemies":"Lagavulin","floor":7,"turns":8},{"damage":0,"enemies":"Small Slimes","floor":12,"turns":3},{"damage":0,"enemies":"Hexaghost","floor":16,"turns":6},{"damage":0,"enemies":"Shell Parasite","floor":18,"turns":4},{"damage":0,"enemies":"Spheric Guardian","floor":19,"turns":2},{"damage":0,"enemies":"Centurion and Healer","floor":21,"turns":8},{"damage":5,"enemies":"Book of Stabbing","floor":24,"turns":6},{"damage":0,"enemies":"Snake Plant","floor":27,"turns":4},{"damage":9,"enemies":"Shelled Parasite and Fungi","floor":28,"turns":6},{"damage":10,"enemies":"Slavers","floor":29,"turns":5},{"damage":0,"enemies":"3 Cultists","floor":30,"turns":5},{"damage":0,"enemies":"Book of Stabbing","floor":31,"turns":6},{"damage":71,"enemies":"Collector","floor":33,"turns":12},{"damage":0,"enemies":"3 Shapes","floor":35,"turns":4},{"damage":0,"enemies":"3 Darklings","floor":37,"turns":5},{"damage":5,"enemies":"Writhing Mass","floor":39,"turns":7},{"damage":22,"enemies":"Giant Head","floor":41,"turns":8},{"damage":5,"enemies":"Nemesis","floor":46,"turns":7},{"damage":2,"enemies":"Reptomancer","floor":48,"turns":3},{"damage":0,"enemies":"Awakened One","floor":50,"turns":9}],"seed_played":"1677988232219000558","potions_obtained":[{"floor":1,"key":"EssenceOfSteel"},{"floor":7,"key":"EntropicBrew"},{"floor":16,"key":"SpeedPotion"},{"floor":18,"key":"Fire Potion"},{"floor":27,"key":"Explosive Potion"},{"floor":29,"key":"Dexterity Potion"},{"floor":33,"key":"Ancient Potion"}],"is_trial":false,"path_per_floor":["M","?","?","?","M","R","E","R","T","R","T","M","$","?","R","B",null,"M","M","$","M","?","R","E","R","T","M","M","E","M","E","R","B",null,"M","$","M","$","M","R","E","R","T","R","?","E","R","E","R","B",null],"character_chosen":"IRONCLAD","items_purchased":["Happy Flower","Body Slam","PanicButton","Metallicize","Havoc+1","Metallicize","Evolve"],"campfire_rested":1,"item_purchase_floors":[13,13,13,20,36,36,38],"current_hp_per_floor":[71,55,55,44,50,50,19,19,19,41,41,47,47,40,40,46,67,76,77,77,80,80,80,80,80,80,83,83,82,91,95,95,30,79,88,88,94,94,98,98,82,82,82,82,82,83,83,87,87,93],"gold":322,"neow_bonus":"THREE_CARDS","is_prod":false,"is_daily":false,"chose_seed":false,"campfire_upgraded":11,"win_rate":0,"timestamp":1552128907,"path_taken":["M","?","?","?","M","R","E","R","T","R","?","M","$","?","R","BOSS","M","M","$","M","?","R","E","R","T","M","M","E","?","E","R","BOSS","M","$","M","$","M","R","E","R","T","R","?","E","R","E","R","BOSS"],"build_version":"2019-01-23","purchased_purges":2,"victory":true,"max_hp_per_floor":[80,80,74,74,74,74,74,74,74,74,74,74,74,74,74,74,74,77,77,77,80,80,80,80,80,80,83,86,89,92,95,95,95,95,98,98,98,98,101,101,101,101,101,101,101,101,101,101,101,101],"card_choices":[{"not_picked":["Heavy Blade","Clothesline"],"picked":"Shrug It Off","floor":0},{"not_picked":["Pummel","Fire Breathing"],"picked":"Flame Barrier","floor":1},{"not_picked":["Fire Breathing","Sever Soul"],"picked":"Reckless Charge","floor":5},{"not_picked":["Twin Strike","Flex"],"picked":"Shrug It Off","floor":7},{"not_picked":["Burning Pact","Heavy Blade"],"picked":"Body Slam","floor":12},{"not_picked":["Bludgeon","Exhume"],"picked":"Feed","floor":16},{"not_picked":["Spot Weakness","Sword Boomerang+1"],"picked":"Battle Trance","floor":18},{"not_picked":["Twin Strike","Clothesline"],"picked":"Whirlwind","floor":19},{"not_picked":["Carnage","Wild Strike"],"picked":"Shrug It Off","floor":21},{"not_picked":["Dual Wield","Limit Break"],"picked":"Disarm+1","floor":24},{"not_picked":["Sword Boomerang+1","Havoc+1"],"picked":"Combust","floor":27},{"not_picked":["Cleave+1","Twin Strike","Sword Boomerang"],"picked":"SKIP","floor":28},{"not_picked":["Sword Boomerang","Flex+1"],"picked":"Warcry+1","floor":29},{"not_picked":["Feel No Pain","Wild Strike"],"picked":"Shrug It Off+1","floor":30},{"not_picked":["Pommel Strike+1","Blood for Blood"],"picked":"Rampage+1","floor":31},{"not_picked":["Berserk","Double Tap+1"],"picked":"Juggernaut","floor":33},{"not_picked":["Twin Strike+1","Thunderclap","Wild Strike+1"],"picked":"SKIP","floor":35},{"not_picked":["Flame Barrier+1","Inflame"],"picked":"True Grit+1","floor":37},{"not_picked":["Cleave","Whirlwind"],"picked":"True Grit+1","floor":39},{"not_picked":["Sever Soul+1","Cleave+1"],"picked":"Barricade","floor":41},{"not_picked":["Perfected Strike+1","Limit Break+1"],"picked":"Metallicize+1","floor":46},{"not_picked":["Bloodletting+1","Flex+1"],"picked":"Body Slam+1","floor":48}],"player_experience":585089,"relics_obtained":[{"floor":7,"key":"Bronze Scales"},{"floor":9,"key":"Bag of Preparation"},{"floor":11,"key":"Mummified Hand"},{"floor":24,"key":"Orichalcum"},{"floor":26,"key":"Toxic Egg 2"},{"floor":29,"key":"Nunchaku"},{"floor":31,"key":"Anchor"},{"floor":41,"key":"PreservedInsect"},{"floor":46,"key":"Pen Nib"},{"floor":48,"key":"Ice Cream"}],"event_choices":[{"damage_healed":0,"gold_gain":0,"player_choice":"Entered Light","damage_taken":16,"max_hp_gain":0,"max_hp_loss":0,"event_name":"Shining Light","floor":2,"gold_loss":0,"cards_upgraded":["Flame Barrier","Shrug It Off"]},{"damage_healed":0,"gold_gain":0,"player_choice":"Lose Max HP","damage_taken":0,"relics_obtained":["Golden Idol"],"max_hp_gain":0,"max_hp_loss":6,"event_name":"Golden Idol","floor":3,"gold_loss":0},{"damage_healed":0,"gold_gain":75,"player_choice":"Gather Gold","damage_taken":11,"max_hp_gain":0,"max_hp_loss":0,"event_name":"World of Goop","floor":4,"gold_loss":0},{"damage_healed":0,"gold_gain":0,"player_choice":"Success","damage_taken":7,"relics_obtained":["Incense Burner"],"max_hp_gain":0,"max_hp_loss":0,"event_name":"Scrap Ooze","floor":14,"gold_loss":0},{"damage_healed":0,"gold_gain":0,"player_choice":"Bet on Murderer","damage_taken":0,"max_hp_gain":0,"max_hp_loss":0,"event_name":"The Joust","floor":22,"gold_loss":50},{"damage_healed":0,"gold_gain":0,"player_choice":"Ignored","damage_taken":0,"max_hp_gain":0,"max_hp_loss":0,"event_name":"Tomb of Lord Red Mask","floor":45,"gold_loss":0}],"is_beta":false,"boss_relics":[{"not_picked":["Calling Bell","Philosopher\u0027s Stone"],"picked":"Astrolabe"},{"not_picked":["Velvet Choker","Busted Crown"],"picked":"Sozu"}],"items_purged_floors":[13,20],"is_endless":false,"potions_floor_spawned":[1,7,16,18,21,27,29,33,39,41,46,48],"ascension_level":9}