{"gold_per_floor":[118,118,135,152,169,198,198,227,278,278,278,278,28,28,28,151,151,165,153,167,167,167,167,208,208,208,247,76,101,26,45,45,176,176,197,43,376,387,104,130,230,230,230,240,95,115,129,129,129,129],"floor_reached":51,"playtime":5106,"items_purged":["Strike_B","Strike_B"],"score":773,"play_id":"ad306e71-df3e-431a-a9a2-6032780daf6b","local_time":"20190301224649","is_ascension_mode":false,"campfire_choices":[{"data":"Hologram","floor":10,"key":"SMITH"},{"data":"Conserve Battery","floor":12,"key":"SMITH"},{"data":"Hologram","floor":15,"key":"SMITH"},{"data":"Fission","floor":23,"key":"SMITH"},{"data":"Hologram","floor":25,"key":"SMITH"},{"data":"Blizzard","floor":32,"key":"SMITH"},{"data":"Defragment","floor":42,"key":"SMITH"},{"data":"Loop","floor":49,"key":"SMITH"}],"neow_cost":"PERCENT_DAMAGE","seed_source_timestamp":0,"circlet_count":0,"master_deck":["Strike_B","Strike_B","Defend_B","Defend_B","Zap+1","Dualcast","Conserve Battery+1","Go for the Eyes","Darkness","Conserve Battery","Blizzard+1","Glacier","Hologram+1","Melter","Flash of Steel","Fission+1","Hologram+1","Necronomicurse","Defragment+1","Coolheaded","All For One","Cold Snap+1","Loop+1","Master of Strategy","Coolheaded","Leap+1","Sunder+1","Hologram+1","Conserve Battery+1"],"relics":["Cracked Core","Calipers","Centennial Puzzle","Cables","Anchor","Busted Crown","Necronomicon","Vajra","Bronze Scales","Singing Bowl","Inserter","Orichalcum","Unceasing Top","Thread and Needle","Toxic Egg 2"],"potions_floor_usage":[6,24,27,33,33,40,50,50],"damage_taken":[{"damage":1,"enemies":"Jaw Worm","floor":1,"turns":4},{"damage":0,"enemies":"Cultist","floor":3,"turns":3},{"damage":0,"enemies":"2 Louse","floor":4,"turns":3},{"damage":0,"enemies":"Looter","floor":5,"turns":3},{"damage":6,"enemies":"3 Sentries","floor":6,"turns":6},{"damage":8,"enemies":"Lagavulin","floor":8,"turns":6},{"damage":2,"enemies":"The Guardian","floor":16,"turns":11},{"damage":0,"enemies":"Spheric Guardian","floor":18,"turns":2},{"damage":0,"enemies":"2 Thieves","floor":19,"turns":4},{"damage":9,"enemies":"Snake Plant","floor":20,"turns":5},{"damage":39,"enemies":"Slavers","floor":24,"turns":8},{"damage":0,"enemies":"Gremlin Leader","floor":27,"turns":8},{"damage":0,"enemies":"Shelled Parasite and Fungi","floor":29,"turns":4},{"damage":0,"enemies":"3 Cultists","floor":31,"turns":6},{"damage":3,"enemies":"Collector","floor":33,"turns":12},{"damage":8,"enemies":"3 Darklings","floor":35,"turns":9},{"damage":0,"enemies":"3 Shapes","floor":38,"turns":6},{"damage":32,"enemies":"Reptomancer","floor":40,"turns":7},{"damage":5,"enemies":"Mind Bloom Boss Battle","floor":41,"turns":4},{"damage":0,"enemies":"3 Darklings","floor":44,"turns":6},{"damage":0,"enemies":"Transient","floor":46,"turns":5},{"damage":0,"enemies":"Writhing Mass","floor":47,"turns":5},{"damage":0,"enemies":"Awakened One","floor":50,"turns":14}],"seed_played":"-6937123891063919852","potions_obtained":[{"floor":4,"key":"SkillPotion"},{"floor":5,"key":"EssenceOfSteel"},{"floor":24,"key":"SkillPotion"},{"floor":27,"key":"Fire Potion"},{"floor":29,"key":"Weak Potion"},{"floor":35,"key":"SmokeBomb"},{"floor":41,"key":"Dexterity Potion"},{"floor":44,"key":"Weak Potion"},{"floor":46,"key":"Ancient Potion"}],"is_trial":false,"path_per_floor":["M","?","M","M","M","E","?","E","T","R","?","R","$","T","R","B",null,"M","M","M","?","?","R","E","R","T","E","$","M","?","M","R","B",null,"M","$","?","M","$","E","?","R","T","M","$","M","M","?","R","B",null],"character_chosen":"DEFECT","items_purchased":["Glacier","Hologram","Melter","Flash of Steel","Coolheaded","Dexterity Potion","Orichalcum","Loop","Master of Strategy","Coolheaded","Hologram+1"],"campfire_rested":0,"item_purchase_floors":[13,13,13,13,28,28,36,39,39,39,45],"current_hp_per_floor":[53,53,53,53,53,47,40,32,32,32,14,14,14,14,14,12,75,75,75,66,66,50,50,11,11,11,11,11,13,13,15,15,12,79,73,73,73,73,73,41,38,38,38,38,38,40,40,40,40,40],"gold":129,"neow_bonus":"ONE_RARE_RELIC","is_prod":false,"is_daily":false,"chose_seed":true,"campfire_upgraded":8,"win_rate":0,"timestamp":1551480409,"path_taken":["M","?","M","?","M","E","?","E","T","R","?","R","$","?","R","BOSS","M","M","M","?","?","R","E","R","T","E","$","M","?","M","R","BOSS","M","$","?","M","$","E","?","R","T","M","$","M","M","?","R","BOSS"],"build_version":"2019-01-23","purchased_purges":2,"victory":true,"max_hp_per_floor":[75,75,75,75,75,75,75,75,75,75,75,75,75,75,75,75,75,75,75,75,75,75,75,75,75,75,75,75,77,77,79,79,79,79,81,81,81,81,81,81,83,83,83,83,83,85,85,85,85,85],"card_choices":[{"not_picked":["Beam Cell","Sweeping Beam"],"picked":"Conserve Battery","floor":1},{"not_picked":["Turbo","Steam"],"picked":"Hologram","floor":3},{"not_picked":["Turbo","Rebound"],"picked":"Go for the Eyes","floor":4},{"not_picked":["Steam","Hello World"],"picked":"Darkness","floor":5},{"not_picked":["Sweeping Beam","Meteor Strike"],"picked":"Conserve Battery","floor":6},{"not_picked":["Conserve Battery","Beam Cell"],"picked":"Blizzard","floor":8},{"not_picked":["Meteor Strike","Amplify"],"picked":"Fission","floor":16},{"not_picked":["Tempest+1"],"picked":"SKIP","floor":18},{"not_picked":["Barrage"],"picked":"SKIP","floor":19},{"not_picked":[],"picked":"Hologram","floor":20},{"not_picked":["Sweeping Beam"],"picked":"SKIP","floor":24},{"not_picked":[],"picked":"Defragment","floor":27},{"not_picked":["Beam Cell"],"picked":"Singing Bowl","floor":29},{"not_picked":["Doom and Gloom"],"picked":"Singing Bowl","floor":31},{"not_picked":[],"picked":"All For One","floor":33},{"not_picked":["Stack"],"picked":"Singing Bowl","floor":35},{"not_picked":[],"picked":"Cold Snap+1","floor":38},{"not_picked":[],"picked":"Leap+1","floor":40},{"not_picked":["Leap"],"picked":"Singing Bowl","floor":41},{"not_picked":[],"picked":"Sunder+1","floor":44},{"not_picked":["Darkness+1"],"picked":"Singing Bowl","floor":46},{"not_picked":[],"picked":"Conserve Battery+1","floor":47}],"player_experience":531936,"relics_obtained":[{"floor":6,"key":"Centennial Puzzle"},{"floor":8,"key":"Cables"},{"floor":9,"key":"Anchor"},{"floor":22,"key":"Necronomicon"},{"floor":24,"key":"Vajra"},{"floor":26,"key":"Bronze Scales"},{"floor":27,"key":"Singing Bowl"},{"floor":40,"key":"Unceasing Top"},{"floor":41,"key":"Thread and Needle"},{"floor":43,"key":"Toxic Egg 2"}],"event_choices":[{"damage_healed":0,"gold_gain":0,"player_choice":"Forge","damage_taken":0,"max_hp_gain":0,"max_hp_loss":0,"event_name":"Accursed Blacksmith","floor":2,"gold_loss":0,"cards_upgraded":["Zap"]},{"cards_removed":["Defend_B"],"damage_healed":0,"gold_gain":0,"player_choice":"Card Removal","damage_taken":7,"max_hp_gain":0,"max_hp_loss":0,"event_name":"Golden Wing","floor":7,"gold_loss":0},{"damage_healed":0,"gold_gain":0,"player_choice":"Take Damage","damage_taken":18,"relics_obtained":["Golden Idol"],"max_hp_gain":0,"max_hp_loss":0,"event_name":"Golden Idol","floor":11,"gold_loss":0},{"damage_healed":0,"gold_gain":0,"player_choice":"Ignored","damage_taken":0,"max_hp_gain":0,"max_hp_loss":0,"event_name":"Vampires","floor":21,"gold_loss":0},{"damage_healed":0,"gold_gain":0,"player_choice":"Obtained Book","damage_taken":16,"max_hp_gain":0,"max_hp_loss":0,"event_name":"Cursed Tome","floor":22,"gold_loss":0},{"cards_removed":["Defend_B"],"damage_healed":0,"gold_gain":0,"player_choice":"Gave Gold","damage_taken":0,"max_hp_gain":0,"max_hp_loss":0,"event_name":"Beggar","floor":30,"gold_loss":75},{"damage_healed":0,"gold_gain":333,"player_choice":"Gave Idol","damage_taken":0,"max_hp_gain":0,"max_hp_loss":0,"event_name":"The Moai Head","floor":37,"relics_lost":["Golden Idol"],"gold_loss":0},{"damage_healed":0,"gold_gain":0,"player_choice":"Fight","damage_taken":0,"max_hp_gain":0,"max_hp_loss":0,"event_name":"MindBloom","floor":41,"gold_loss":0},{"cards_removed":["Hologram"],"damage_healed":0,"gold_gain":0,"player_choice":"Removed Skill","damage_taken":0,"max_hp_gain":0,"max_hp_loss":0,"event_name":"Falling","floor":48,"gold_loss":0}],"is_beta":false,"boss_relics":[{"not_picked":["Snecko Eye","Orrery"],"picked":"Busted Crown"},{"not_picked":["Tiny House","Sozu"],"picked":"Inserter"}],"items_purged_floors":[28,45],"is_endless":false,"potions_floor_spawned":[4,5,24,27,29,35,41,44,46,47],"ascension_level":0}