{"gold_per_floor":[110,35,35,53,53,53,73,73,73,73,106,126,126,26,26,131,131,150,25,45,144,144,144,157,174,174,174,187,201,201,0,0,98,98,108,123,137,137,137,137,151,161,185,205,137,149,149,162,162,162],"floor_reached":51,"playtime":2154,"items_purged":["Strike_R","Strike_R","Defend_R","Strike_R"],"score":776,"play_id":"00df826d-6720-422f-a590-daf78de3fef2","local_time":"20190304235937","is_ascension_mode":false,"campfire_choices":[{"data":"Bash","floor":6,"key":"SMITH"},{"floor":15,"key":"REST"},{"data":"Bludgeon","floor":23,"key":"SMITH"},{"data":"Clash","floor":27,"key":"SMITH"},{"floor":32,"key":"REST"},{"floor":40,"key":"REST"},{"floor":49,"key":"REST"}],"neow_cost":"NONE","seed_source_timestamp":943443506576278,"circlet_count":0,"master_deck":["Strike_R+1","Defend_R+1","Bash+1","Clash+1","Bludgeon+1"],"relics":["Burning Blood","Sundial","Red Skull","Philosopher\u0027s Stone","Frozen Egg 2","Lizard Tail","Bronze Scales","FossilizedHelix"],"potions_floor_usage":[16,16,33,33,50,50,50],"damage_taken":[{"damage":6,"enemies":"Cultist","floor":1,"turns":3},{"damage":3,"enemies":"Small Slimes","floor":4,"turns":3},{"damage":2,"enemies":"2 Louse","floor":7,"turns":3},{"damage":28,"enemies":"Gremlin Nob","floor":11,"turns":4},{"damage":9,"enemies":"2 Fungi Beasts","floor":12,"turns":2},{"damage":55,"enemies":"Hexaghost","floor":16,"turns":9},{"damage":4,"enemies":"Shell Parasite","floor":18,"turns":3},{"damage":12,"enemies":"3 Byrds","floor":20,"turns":5},{"damage":3,"enemies":"Sentry and Sphere","floor":24,"turns":3},{"damage":12,"enemies":"Cultist and Chosen","floor":25,"turns":2},{"damage":8,"enemies":"3 Cultists","floor":28,"turns":4},{"damage":1,"enemies":"Snecko","floor":29,"turns":3},{"damage":39,"enemies":"Automaton","floor":33,"turns":6},{"damage":22,"enemies":"3 Darklings","floor":35,"turns":4},{"damage":8,"enemies":"Orb Walker","floor":36,"turns":2},{"damage":32,"enemies":"Writhing Mass","floor":37,"turns":3},{"damage":6,"enemies":"Sphere and 2 Shapes","floor":41,"turns":5},{"damage":12,"enemies":"4 Shapes","floor":42,"turns":4},{"damage":9,"enemies":"Spire Growth","floor":44,"turns":3},{"damage":8,"enemies":"Writhing Mass","floor":46,"turns":3},{"damage":0,"enemies":"Jaw Worm Horde","floor":48,"turns":3},{"damage":124,"enemies":"Awakened One","floor":50,"turns":10}],"seed_played":"8728106464428814457","potions_obtained":[{"floor":4,"key":"SpeedPotion"},{"floor":11,"key":"Fruit Juice"},{"floor":24,"key":"Energy Potion"},{"floor":29,"key":"Strength Potion"},{"floor":33,"key":"Block Potion"},{"floor":37,"key":"Ancient Potion"},{"floor":44,"key":"SkillPotion"}],"is_trial":false,"path_per_floor":["M","$","?","M","?","R","M","?","T","$","E","M","?","$","R","B",null,"M","$","M","?","?","R","M","M","T","R","M","M","?","$","R","B",null,"M","M","M","?","?","R","M","M","T","M","?","M","?","M","R","B",null],"character_chosen":"IRONCLAD","items_purchased":["PowerPotion"],"campfire_rested":4,"item_purchase_floors":[31],"current_hp_per_floor":[80,80,85,85,85,85,85,68,68,68,46,43,43,43,68,24,90,90,90,84,84,90,90,90,84,84,84,82,87,87,87,90,57,90,74,72,46,46,46,73,73,67,67,64,64,62,62,68,90,27],"gold":162,"neow_bonus":"REMOVE_CARD","is_prod":false,"is_daily":false,"chose_seed":false,"campfire_upgraded":3,"win_rate":0,"timestamp":1551743977,"path_taken":["M","$","?","M","?","R","?","?","T","$","E","M","?","?","R","BOSS","M","$","M","?","?","R","M","?","T","R","M","M","?","$","R","BOSS","M","M","M","?","?","R","M","?","T","M","?","?","?","M","R","BOSS"],"build_version":"2019-01-23","purchased_purges":4,"victory":true,"max_hp_per_floor":[80,80,85,85,85,85,85,85,85,85,85,85,85,85,85,90,90,90,90,90,90,90,90,90,90,90,90,90,90,90,90,90,90,90,90,90,90,90,90,90,90,90,90,90,90,90,90,90,90,90],"card_choices":[{"not_picked":["Clothesline","Cleave","Thunderclap"],"picked":"SKIP","floor":1},{"not_picked":["Twin Strike","Spot Weakness","Seeing Red"],"picked":"SKIP","floor":4},{"not_picked":["Warcry","Clothesline","Fire Breathing"],"picked":"SKIP","floor":7},{"not_picked":["Inflame","Brutality","Flex"],"picked":"SKIP","floor":11},{"not_picked":["Power Through","Wild Strike"],"picked":"Clash","floor":12},{"not_picked":["Feed","Reaper"],"picked":"Bludgeon","floor":16},{"not_picked":["Anger","Flex+1","Perfected Strike"],"picked":"SKIP","floor":18},{"not_picked":["Flex","Ghostly Armor","Heavy Blade"],"picked":"SKIP","floor":20},{"not_picked":["Cleave","Clash","Perfected Strike"],"picked":"SKIP","floor":24},{"not_picked":["Armaments","Shrug It Off+1","Perfected Strike"],"picked":"SKIP","floor":25},{"not_picked":["Sword Boomerang","Clothesline","Havoc"],"picked":"SKIP","floor":28},{"not_picked":["Wild Strike+1","Seeing Red+1","Dual Wield"],"picked":"SKIP","floor":29},{"not_picked":["Pommel Strike","Whirlwind+1","Clothesline+1"],"picked":"SKIP","floor":35},{"not_picked":["Sword Boomerang","Armaments+1","Clash"],"picked":"SKIP","floor":36},{"not_picked":["Uppercut","Power Through+1","Fire Breathing+1"],"picked":"SKIP","floor":37},{"not_picked":["Anger","Pommel Strike","Burning Pact+1"],"picked":"SKIP","floor":41},{"not_picked":["True Grit","Flex","Body Slam+1"],"picked":"SKIP","floor":42},{"not_picked":["Hemokinesis","Cleave","Rampage"],"picked":"SKIP","floor":44},{"not_picked":["Feel No Pain+1","Pommel Strike+1","Rage+1"],"picked":"SKIP","floor":46},{"not_picked":["Flex","Limit Break","Armaments"],"picked":"SKIP","floor":48}],"player_experience":554517,"relics_obtained":[{"floor":9,"key":"Sundial"},{"floor":11,"key":"Red Skull"},{"floor":26,"key":"Frozen Egg 2"},{"floor":43,"key":"Bronze Scales"}],"event_choices":[{"damage_healed":0,"gold_gain":0,"player_choice":"Donut","damage_taken":0,"max_hp_gain":5,"max_hp_loss":0,"event_name":"Big Fish","floor":3,"gold_loss":0},{"cards_removed":["Defend_R"],"damage_healed":0,"gold_gain":0,"player_choice":"Offered Basic","damage_taken":0,"max_hp_gain":0,"max_hp_loss":0,"event_name":"Bonfire Elementals","floor":5,"gold_loss":0},{"damage_healed":0,"gold_gain":0,"player_choice":"Entered Light","damage_taken":17,"max_hp_gain":0,"max_hp_loss":0,"event_name":"Shining Light","floor":8,"gold_loss":0,"cards_upgraded":["Defend_R","Strike_R"]},{"damage_healed":0,"gold_gain":0,"player_choice":"Ignored","damage_taken":0,"max_hp_gain":0,"max_hp_loss":0,"event_name":"Liars Game","floor":13,"gold_loss":0},{"damage_healed":0,"gold_gain":99,"player_choice":"Stole From Cult","damage_taken":0,"max_hp_gain":0,"max_hp_loss":0,"event_name":"Nest","floor":21,"gold_loss":0},{"damage_healed":6,"gold_gain":0,"player_choice":"Full Heal","damage_taken":0,"max_hp_gain":0,"max_hp_loss":0,"event_name":"Wheel of Change","floor":22,"gold_loss":0},{"cards_removed":["Strike_R"],"damage_healed":0,"gold_gain":0,"player_choice":"Elegance","damage_taken":0,"max_hp_gain":0,"max_hp_loss":0,"event_name":"Back to Basics","floor":30,"gold_loss":0},{"damage_healed":0,"gold_gain":0,"player_choice":"Memory 1","damage_taken":0,"max_hp_gain":0,"max_hp_loss":0,"event_name":"SensoryStone","floor":38,"gold_loss":0},{"damage_healed":0,"gold_gain":0,"player_choice":"Bought 0 Potions","damage_taken":0,"max_hp_gain":0,"max_hp_loss":0,"event_name":"The Woman in Blue","floor":39,"gold_loss":0},{"damage_healed":0,"gold_gain":0,"player_choice":"Paid Gold","damage_taken":0,"relics_obtained":["FossilizedHelix"],"max_hp_gain":0,"max_hp_loss":0,"event_name":"WeMeetAgain","floor":45,"gold_loss":68},{"damage_healed":0,"gold_gain":0,"player_choice":"Ignored","damage_taken":0,"max_hp_gain":0,"max_hp_loss":0,"event_name":"Mysterious Sphere","floor":47,"gold_loss":0}],"is_beta":false,"boss_relics":[{"not_picked":["White Beast Statue","Eternal Feather"],"picked":"Philosopher\u0027s Stone"},{"not_picked":["Black Star","Black Blood"],"picked":"Lizard Tail"}],"items_purged_floors":[2,14,19,31],"is_endless":false,"potions_floor_spawned":[4,11,24,29,33,37,44],"ascension_level":0}