{"path_per_floor":["M","?","$","?","$","R","E","M","T","R","M","E","R","M","R","B",null,"M","?","?","?","M","R","E","R","T","R","M","?","M","$","R"],"character_chosen":"IRONCLAD","items_purchased":["Searing Blow","Evolve"],"gold_per_floor":[112,112,72,72,32,32,58,77,77,77,95,128,128,147,147,243,243,254,169,169,94,106,106,141,141,198,198,208,208,227,152,152],"floor_reached":33,"campfire_rested":3,"playtime":1877,"current_hp_per_floor":[77,59,59,52,52,52,30,29,29,53,56,36,36,39,63,22,66,72,72,72,72,78,78,35,35,35,35,30,30,36,36,60],"items_purged":["Defend_R"],"gold":152,"score":339,"play_id":"165618fc-b7ba-4210-8ad9-a57224a760be","is_prod":false,"is_daily":false,"is_ascension_mode":true,"campfire_upgraded":5,"path_taken":["M","?","$","?","?","R","E","?","T","R","M","E","R","M","R","BOSS","M","?","?","?","?","R","E","R","T","R","M","?","M","$","R","BOSS"],"build_version":"2018-02-15-PROD1","purchased_purges":1,"victory":false,"master_deck":["Strike_R","Strike_R","Defend_R+1","Defend_R","Defend_R","Bash","Armaments+1","Flex","Searing Blow+2","Evolve+1","Shrug It Off+1","Metallicize","Dropkick","Double Tap+1","Whirlwind+1","Offering","Armaments+1"],"max_hp_per_floor":[80,80,80,80,80,80,80,80,80,80,80,80,80,80,80,80,80,80,80,80,80,80,80,80,80,80,80,80,80,80,80,80],"relics":["Burning Blood","Darkstone Periapt","Pen Nib","Prayer Wheel","Ornamental Fan","Velvet Choker","Torii","War Paint","Tiny Chest"],"card_choices":[{"not_picked":["Wild Strike","Body Slam"],"picked":"Armaments"},{"not_picked":["Berserk","True Grit"],"picked":"Flex"},{"not_picked":["Sentinel","Pommel Strike"],"picked":"Shrug It Off"},{"not_picked":["Flame Barrier","Hemokinesis"],"picked":"Metallicize"},{"not_picked":["Inflame","Hemokinesis"],"picked":"Dropkick"},{"not_picked":["Demon Form","Juggernaut"],"picked":"Double Tap"},{"not_picked":["Shrug It Off","Carnage"],"picked":"Whirlwind"},{"not_picked":["Hemokinesis","Thunderclap"],"picked":"Offering"},{"not_picked":["Havoc","Shockwave"],"picked":"Armaments"}],"player_experience":206654,"potions_floor_usage":[7,16,16,22,24,33],"damage_taken":[{"damage":9,"enemies":"Jaw Worm","floor":1,"turns":3},{"damage":40,"enemies":"Gremlin Nob","floor":7,"turns":5},{"damage":7,"enemies":"Small Slimes","floor":8,"turns":6},{"damage":3,"enemies":"2 Louse","floor":11,"turns":2},{"damage":26,"enemies":"3 Sentries","floor":12,"turns":9},{"damage":3,"enemies":"2 Fungi Beasts","floor":14,"turns":4},{"damage":47,"enemies":"Hexaghost","floor":16,"turns":9},{"damage":0,"enemies":"Chosen","floor":18,"turns":5},{"damage":0,"enemies":"3 Byrds","floor":22,"turns":5},{"damage":49,"enemies":"Slavers","floor":24,"turns":5},{"damage":11,"enemies":"3 Cultists","floor":28,"turns":4},{"damage":0,"enemies":"Centurion and Healer","floor":30,"turns":5},{"damage":69,"enemies":"Collector","floor":33,"turns":6}],"event_choices":[{"event_name":"Scrap Ooze","player_choice":"success","floor":2,"damage_taken":18},{"event_name":"Golden Wing","player_choice":"Card Removal","floor":4,"damage_taken":0},{"event_name":"Addict","player_choice":"Obtained Relic","floor":19,"damage_taken":0},{"event_name":"Purifier","player_choice":"One Purge","floor":20,"damage_taken":0},{"event_name":"Beggar","player_choice":"Gave Gold","floor":21,"damage_taken":0},{"event_name":"Upgrade Shrine","player_choice":"Upgraded","floor":29,"damage_taken":0}],"boss_relics":[{"not_picked":["Tiny House","Runic Dome"],"picked":"Velvet Choker"}],"potions_floor_spawned":[1,8,12,16,18,30],"seed_played":"-2416614138807872884","killed_by":"Collector","ascension_level":5,"is_trial":false}