{"gold_per_floor":[113,130,130,305,315,315,340,357,357,357,373,373,373,91,91,188,188,207,224,149,166,166,166,495,510,510,510,522,532,95,113,113,208,258,277,193,48,64,113,113,148,148,148,148,162,197,216,234,234,234],"floor_reached":50,"playtime":3248,"items_purged":["Doubt"],"score":729,"play_id":"f00f32ed-8e88-40d1-9b94-cc54b5985de4","local_time":"20190816215236","is_ascension_mode":true,"campfire_choices":[{"data":"Glacier","floor":6.0,"key":"SMITH"},{"floor":10.0,"key":"REST"},{"floor":13.0,"key":"REST"},{"data":"Go for the Eyes","floor":15.0,"key":"SMITH"},{"floor":23.0,"key":"REST"},{"floor":27.0,"key":"REST"},{"floor":32.0,"key":"REST"},{"floor":40,"key":"REST"},{"floor":44,"key":"REST"},{"floor":49,"key":"REST"}],"neow_cost":"NONE","seed_source_timestamp":0,"circlet_count":0,"master_deck":["Strike_B","Defend_B","Defend_B","Defend_B","Defend_B","Zap+1","Dualcast","Glacier+1","Barrage","Cold Snap+1","Go for the Eyes+1","Coolheaded","Glacier","Blizzard","Gash","All For One","Conserve Battery+1","Barrage","Gash","White Noise","Panache","Double Energy+1","Coolheaded+1","Biased Cognition+1","Gash+1","Gash","Discovery","Steam+1","Core Surge","Parasite"],"special_seed":0,"relics":["Cracked Core","Lantern","Singing Bowl","Happy Flower","Inserter","Old Coin","Prayer Wheel","Letter Opener","Tiny House","Bronze Scales","Unceasing Top","Symbiotic Virus","Mummified Hand","Molten Egg 2"],"potions_floor_usage":[39,47,50,50,50],"damage_taken":[{"damage":1.0,"enemies":"Jaw Worm","floor":1.0,"turns":3.0},{"damage":4.0,"enemies":"Small Slimes","floor":2.0,"turns":4.0},{"damage":0.0,"enemies":"Cultist","floor":5.0,"turns":3.0},{"damage":13.0,"enemies":"Lagavulin","floor":7.0,"turns":9.0},{"damage":14.0,"enemies":"Lots of Slimes","floor":8.0,"turns":5.0},{"damage":0.0,"enemies":"2 Fungi Beasts","floor":11.0,"turns":3.0},{"damage":27.0,"enemies":"The Guardian","floor":16.0,"turns":13.0},{"damage":6.0,"enemies":"2 Thieves","floor":18.0,"turns":4.0},{"damage":17.0,"enemies":"3 Byrds","floor":19.0,"turns":5.0},{"damage":13.0,"enemies":"Snake Plant","floor":21.0,"turns":6.0},{"damage":17.0,"enemies":"Slavers","floor":24.0,"turns":7.0},{"damage":9.0,"enemies":"Cultist and Chosen","floor":25.0,"turns":6.0},{"damage":2.0,"enemies":"Snecko","floor":28.0,"turns":4.0},{"damage":16.0,"enemies":"Snake Plant","floor":29.0,"turns":6.0},{"damage":4.0,"enemies":"Chosen and Byrds","floor":31.0,"turns":7.0},{"damage":26.0,"enemies":"Collector","floor":33.0,"turns":11.0},{"damage":24,"enemies":"3 Shapes","floor":35,"turns":7},{"damage":0,"enemies":"Orb Walker","floor":38,"turns":3},{"damage":11,"enemies":"2 Orb Walkers","floor":39,"turns":5},{"damage":26,"enemies":"Reptomancer","floor":41,"turns":8},{"damage":0,"enemies":"Writhing Mass","floor":45,"turns":6},{"damage":58,"enemies":"Giant Head","floor":46,"turns":10},{"damage":36,"enemies":"Jaw Worm Horde","floor":47,"turns":4},{"damage":0,"enemies":"Maw","floor":48,"turns":7},{"damage":52,"enemies":"Time Eater","floor":50,"turns":6}],"seed_played":"6105245580933805682","potions_obtained":[{"floor":2.0,"key":"Poison Potion"},{"floor":11.0,"key":"SpeedPotion"},{"floor":16.0,"key":"FocusPotion"},{"floor":21.0,"key":"LiquidBronze"},{"floor":24.0,"key":"PowerPotion"},{"floor":33.0,"key":"PowerPotion"},{"floor":38,"key":"Dexterity Potion"},{"floor":39,"key":"Explosive Potion"},{"floor":46,"key":"FocusPotion"},{"floor":48,"key":"FearPotion"}],"is_trial":false,"path_per_floor":["M","M","?","?","M","R","E","M","T","R","M","?","R","$","R","B",null,"M","M","?","M","?","R","E","M","T","R","M","M","$","M","R","B",null,"M","$","$","M","?","R","E","?","T","R","M","E","M","M","R","B"],"character_chosen":"DEFECT","items_purchased":["Gash","Happy Flower","Panache","Letter Opener","Discovery","Bronze Scales"],"campfire_rested":8,"item_purchase_floors":[14,14,30,30,36,37],"current_hp_per_floor":[74,70,63,63,63,63,50,36,36,58,58,43,65,65,65,38,75,69,52,52,41,41,64,49,42,42,66,66,52,52,48,73,47,92,68,68,68,70,61,89,63,63,63,91,95,39,7,11,44,0],"gold":234,"neow_bonus":"THREE_CARDS","is_prod":false,"is_daily":false,"chose_seed":false,"campfire_upgraded":2,"win_rate":0,"timestamp":1565985156,"path_taken":["M","M","?","?","M","R","E","M","T","R","M","?","R","$","R","BOSS","M","M","?","M","?","R","E","?","T","R","?","M","$","M","R","BOSS","M","?","$","M","?","R","E","?","T","R","M","E","M","?","R","BOSS"],"build_version":"2019-07-17","purchased_purges":1,"victory":false,"max_hp_per_floor":[75,75,75,75,75,75,75,75,75,75,75,75,75,75,75,75,75,75,75,75,77,77,77,79,81,81,81,83,85,85,85,85,85,92,92,92,92,94,96,96,96,96,96,96,100,102,106,110,110,110],"card_choices":[{"not_picked":["White Noise","Streamline"],"picked":"Glacier","floor":0.0},{"not_picked":["Stack","Beam Cell"],"picked":"Barrage","floor":1.0},{"not_picked":["Streamline","Doom and Gloom"],"picked":"Cold Snap","floor":2.0},{"not_picked":["Streamline","Beam Cell"],"picked":"Go for the Eyes","floor":5.0},{"not_picked":["Genetic Algorithm","Turbo"],"picked":"Coolheaded","floor":7.0},{"not_picked":["Leap","Self Repair"],"picked":"Glacier","floor":8.0},{"not_picked":["Beam Cell","Recycle"],"picked":"Blizzard","floor":11.0},{"not_picked":["Core Surge","Thunder Strike"],"picked":"All For One","floor":16.0},{"not_picked":["Leap","Skim"],"picked":"Conserve Battery+1","floor":18.0},{"not_picked":["Go for the Eyes+1","Reinforced Body"],"picked":"Barrage","floor":19.0},{"not_picked":["Sweeping Beam","Stack","Redo"],"picked":"Singing Bowl","floor":21.0},{"not_picked":["Heatsinks","Reinforced Body+1","Barrage+1"],"picked":"Singing Bowl","floor":24.0},{"not_picked":["Ball Lightning+1","Barrage+1","Auto Shields"],"picked":"Singing Bowl","floor":25.0},{"not_picked":["Doom and Gloom+1","Capacitor+1"],"picked":"Gash","floor":28.0},{"not_picked":["Ball Lightning","Storm","Stack"],"picked":"Singing Bowl","floor":28.0},{"not_picked":["Stack","Capacitor","Redo"],"picked":"Singing Bowl","floor":29.0},{"not_picked":["Chill+1","All For One"],"picked":"White Noise","floor":29.0},{"not_picked":["Force Field","Steam"],"picked":"Double Energy","floor":31.0},{"not_picked":["Cold Snap+1","Double Energy"],"picked":"Coolheaded+1","floor":31.0},{"not_picked":["Rainbow","Meteor Strike"],"picked":"Biased Cognition","floor":33.0},{"not_picked":["Compile Driver+1","Scrape+1","Rip and Tear"],"picked":"Singing Bowl","floor":34},{"not_picked":["FTL","Hologram+1"],"picked":"Gash+1","floor":35},{"not_picked":["Rebound+1","Cold Snap+1"],"picked":"Gash","floor":35},{"not_picked":["Capacitor+1","Recycle","Compile Driver+1"],"picked":"Singing Bowl","floor":38},{"not_picked":["Streamline+1","Turbo"],"picked":"Steam+1","floor":38},{"not_picked":["Glacier","Turbo","Redo"],"picked":"Singing Bowl","floor":39},{"not_picked":["Rip and Tear","Capacitor+1"],"picked":"Core Surge","floor":41},{"not_picked":["Beam Cell","Force Field+1","Sweeping Beam"],"picked":"Singing Bowl","floor":45},{"not_picked":["Streamline","Blizzard","Redo+1"],"picked":"Singing Bowl","floor":45},{"not_picked":["Leap","Blizzard+1","Hello World+1"],"picked":"Singing Bowl","floor":46},{"not_picked":["Reinforced Body+1","Streamline+1","Leap"],"picked":"Singing Bowl","floor":47},{"not_picked":["Beam Cell+1","Loop+1","Rebound+1"],"picked":"Singing Bowl","floor":47},{"not_picked":["Streamline+1","Conserve Battery","Cold Snap+1"],"picked":"Singing Bowl","floor":48},{"not_picked":["Auto Shields","Streamline+1","Coolheaded+1"],"picked":"Singing Bowl","floor":48}],"player_experience":114193,"relics_obtained":[{"floor":7.0,"key":"Lantern"},{"floor":9.0,"key":"Singing Bowl"},{"floor":24.0,"key":"Old Coin"},{"floor":26.0,"key":"Prayer Wheel"},{"floor":39,"key":"Unceasing Top"},{"floor":41,"key":"Symbiotic Virus"},{"floor":43,"key":"Mummified Hand"},{"floor":46,"key":"Molten Egg 2"}],"event_choices":[{"cards_removed":["Strike_B"],"damage_healed":0.0,"max_hp_gain":0.0,"max_hp_loss":0.0,"gold_gain":0.0,"event_name":"Golden Wing","player_choice":"Card Removal","floor":3.0,"gold_loss":0.0,"damage_taken":7.0},{"damage_healed":0.0,"max_hp_gain":0.0,"max_hp_loss":0.0,"gold_gain":175.0,"event_name":"Liars Game","player_choice":"AGREE","floor":4.0,"gold_loss":0.0,"damage_taken":0.0,"cards_obtained":["Doubt"]},{"damage_healed":0.0,"max_hp_gain":0.0,"max_hp_loss":0.0,"gold_gain":0.0,"event_name":"Shining Light","player_choice":"Entered Light","floor":12.0,"gold_loss":0.0,"damage_taken":15.0,"cards_upgraded":["Zap","Cold Snap"]},{"cards_removed":["Strike_B"],"damage_healed":0.0,"max_hp_gain":0.0,"max_hp_loss":0.0,"gold_gain":0.0,"event_name":"Beggar","player_choice":"Gave Gold","floor":20.0,"gold_loss":75.0,"damage_taken":0.0},{"cards_removed":["Strike_B"],"damage_healed":0.0,"max_hp_gain":0.0,"max_hp_loss":0.0,"gold_gain":0.0,"event_name":"Bonfire Elementals","player_choice":"Offered Basic","floor":22.0,"gold_loss":0.0,"damage_taken":0.0},{"damage_healed":0,"gold_gain":0,"player_choice":"Fight","damage_taken":0,"max_hp_gain":0,"max_hp_loss":0,"event_name":"Mysterious Sphere","floor":39,"gold_loss":0},{"damage_healed":0,"gold_gain":0,"player_choice":"Upgraded","damage_taken":0,"max_hp_gain":0,"max_hp_loss":0,"event_name":"Upgrade Shrine","floor":42,"gold_loss":0,"cards_upgraded":["Biased Cognition"]}],"is_beta":false,"boss_relics":[{"not_picked":["Snecko Eye","Ectoplasm"],"picked":"Inserter"},{"not_picked":["Eternal Feather","Runic Dome"],"picked":"Tiny House"}],"items_purged_floors":[14],"is_endless":false,"potions_floor_spawned":[2,11,16,21,24,29,33,38,39,46,48],"killed_by":"Time Eater","ascension_level":4}