{"gold_per_floor":[116,266,279,27,27,52,52,71,97,62,62,82,107,121,121,199,199,214,57,71,71,21,21,47,47],"floor_reached":25,"playtime":1161,"items_purged":["Doubt","Strike_B"],"score":508,"play_id":"6f8ad719-c637-4d33-b0d9-8f3662dee561","local_time":"20190426202712","is_ascension_mode":true,"campfire_choices":[{"data":"Zap","floor":7,"key":"SMITH"},{"data":"Go for the Eyes","floor":15,"key":"SMITH"},{"floor":23,"key":"REST"}],"neow_cost":"NONE","seed_source_timestamp":345565518726885,"circlet_count":0,"master_deck":["AscendersBane","Strike_B","Strike_B","Strike_B","Defend_B+1","Defend_B","Defend_B","Defend_B","Zap+1","Dualcast+1","Compile Driver","Rip and Tear","Rainbow+1","Genetic Algorithm","Self Repair","Ball Lightning","Electrodynamics","Go for the Eyes+1","Steam","Ball Lightning","Ball Lightning+1","Necronomicurse"],"relics":["Cracked Core","NeowsBlessing","Vajra","Happy Flower","Bronze Scales","Runic Pyramid","Necronomicon","Oddly Smooth Stone","Juzu Bracelet"],"potions_floor_usage":[12,13,18,25],"damage_taken":[{"damage":0,"enemies":"Cultist","floor":1,"turns":1},{"damage":0,"enemies":"Small Slimes","floor":3,"turns":1},{"damage":0,"enemies":"Lagavulin","floor":6,"turns":1},{"damage":9,"enemies":"2 Louse","floor":8,"turns":2},{"damage":17,"enemies":"Exordium Thugs","floor":12,"turns":3},{"damage":9,"enemies":"Gremlin Nob","floor":13,"turns":3},{"damage":0,"enemies":"3 Louse","floor":14,"turns":1},{"damage":17,"enemies":"Hexaghost","floor":16,"turns":8},{"damage":14,"enemies":"2 Thieves","floor":18,"turns":2},{"damage":7,"enemies":"3 Byrds","floor":20,"turns":2},{"damage":34,"enemies":"Book of Stabbing","floor":24,"turns":5},{"damage":18,"enemies":"Shelled Parasite and Fungi","floor":25,"turns":1}],"seed_played":"-4176423603854877311","potions_obtained":[{"floor":3,"key":"AttackPotion"},{"floor":8,"key":"Energy Potion"},{"floor":14,"key":"Block Potion"},{"floor":16,"key":"Swift Potion"},{"floor":24,"key":"LiquidBronze"}],"is_trial":false,"path_per_floor":["M","?","M","$","?","E","R","M","T","?","?","M","E","M","R","B",null,"M","$","M","?","?","R","E","M"],"character_chosen":"DEFECT","items_purchased":["Rainbow","Ball Lightning"],"campfire_rested":1,"item_purchase_floors":[4,19],"current_hp_per_floor":[64,64,64,64,43,43,43,34,34,51,51,41,32,32,32,22,59,45,45,38,17,17,38,11,0],"gold":47,"neow_bonus":"THREE_ENEMY_KILL","is_prod":false,"is_daily":false,"chose_seed":false,"campfire_upgraded":2,"win_rate":0,"timestamp":1556306832,"path_taken":["M","?","M","$","?","E","R","M","T","?","?","M","E","M","R","BOSS","M","?","M","?","?","R","E","M"],"build_version":"2019-01-23","purchased_purges":2,"victory":false,"max_hp_per_floor":[71,71,71,71,71,71,71,71,71,71,71,71,71,71,71,71,71,71,71,71,71,71,71,71,71],"card_choices":[{"not_picked":["Hologram","Redo"],"picked":"Compile Driver","floor":1},{"not_picked":["Stack","Gash"],"picked":"Rip and Tear","floor":3},{"not_picked":["Steam","Loop"],"picked":"Genetic Algorithm","floor":6},{"not_picked":["Cold Snap","Hologram"],"picked":"Self Repair","floor":8},{"not_picked":["Cold Snap","Coolheaded"],"picked":"Ball Lightning","floor":12},{"not_picked":["Rebound","Go for the Eyes"],"picked":"Electrodynamics","floor":13},{"not_picked":["Lockon","Stack"],"picked":"Go for the Eyes","floor":14},{"not_picked":["Beam Cell","FTL"],"picked":"Steam","floor":18},{"not_picked":["Sunder","Beam Cell"],"picked":"Ball Lightning+1","floor":20},{"not_picked":["Gash","Heatsinks","Aggregate"],"picked":"SKIP","floor":24}],"player_experience":875643,"relics_obtained":[{"floor":6,"key":"Vajra"},{"floor":9,"key":"Happy Flower"},{"floor":13,"key":"Bronze Scales"},{"floor":21,"key":"Necronomicon"},{"floor":24,"key":"Juzu Bracelet"}],"event_choices":[{"damage_healed":0,"gold_gain":150,"player_choice":"AGREE","damage_taken":0,"max_hp_gain":0,"max_hp_loss":0,"event_name":"Liars Game","floor":2,"gold_loss":0,"cards_obtained":["Doubt"]},{"damage_healed":0,"gold_gain":0,"player_choice":"Entered Light","damage_taken":21,"max_hp_gain":0,"max_hp_loss":0,"event_name":"Shining Light","floor":5,"gold_loss":0,"cards_upgraded":["Rainbow","Defend_B"]},{"damage_healed":17,"gold_gain":0,"player_choice":"Healed","damage_taken":0,"max_hp_gain":0,"max_hp_loss":0,"event_name":"The Cleric","floor":10,"gold_loss":35},{"damage_healed":0,"gold_gain":0,"player_choice":"Upgraded","damage_taken":0,"max_hp_gain":0,"max_hp_loss":0,"event_name":"Upgrade Shrine","floor":11,"gold_loss":0,"cards_upgraded":["Dualcast"]},{"damage_healed":0,"gold_gain":0,"player_choice":"Obtained Book","damage_taken":21,"max_hp_gain":0,"max_hp_loss":0,"event_name":"Cursed Tome","floor":21,"gold_loss":0},{"damage_healed":0,"gold_gain":0,"player_choice":"Paid Gold","damage_taken":0,"relics_obtained":["Oddly Smooth Stone"],"max_hp_gain":0,"max_hp_loss":0,"event_name":"WeMeetAgain","floor":22,"gold_loss":50}],"is_beta":false,"boss_relics":[{"not_picked":["Empty Cage","Lizard Tail"],"picked":"Runic Pyramid"}],"items_purged_floors":[4,19],"is_endless":false,"potions_floor_spawned":[3,8,14,16,24],"killed_by":"Shelled Parasite and Fungi","ascension_level":20}