{"gold_per_floor":[118,30,30,55,55,85,85,116,116,116,131,159,173,184,184,259,259,275,275,294,306,306,333,333,333],"floor_reached":25,"playtime":1638,"items_purged":[],"score":578,"play_id":"4e0b3275-9749-4848-bca1-f34f2cedf9fe","local_time":"20190726233941","is_ascension_mode":true,"campfire_choices":[{"data":"Zap","floor":7,"key":"SMITH"},{"data":"Glacier","floor":15,"key":"SMITH"},{"data":"Consume","floor":24,"key":"SMITH"}],"neow_cost":"NONE","seed_source_timestamp":180214689737807,"circlet_count":0,"master_deck":["AscendersBane","Strike_B","Strike_B","Defend_B+1","Defend_B","Defend_B","Defend_B+1","Zap+1","Dualcast","Coolheaded","Sunder+1","Barrage","Auto Shields","Capacitor","Cold Snap","Glacier+1","Fission","Hologram","Streamline","Compile Driver","Fusion","Compile Driver","Self Repair","Consume+1"],"relics":["Cracked Core","NeowsBlessing","Boot","The Courier","War Paint","Oddly Smooth Stone","Pear","Snecko Eye","Molten Egg 2"],"potions_floor_usage":[12,12,23,23],"damage_taken":[{"damage":0,"enemies":"Small Slimes","floor":1,"turns":1},{"damage":0,"enemies":"Gremlin Nob","floor":6,"turns":1},{"damage":0,"enemies":"3 Sentries","floor":8,"turns":1},{"damage":0,"enemies":"Jaw Worm","floor":11,"turns":3},{"damage":36,"enemies":"Lagavulin","floor":12,"turns":6},{"damage":0,"enemies":"2 Louse","floor":13,"turns":2},{"damage":7,"enemies":"Exordium Wildlife","floor":14,"turns":4},{"damage":22,"enemies":"Slime Boss","floor":16,"turns":10},{"damage":8,"enemies":"3 Byrds","floor":18,"turns":7},{"damage":8,"enemies":"Chosen","floor":20,"turns":5},{"damage":0,"enemies":"Centurion and Healer","floor":21,"turns":7},{"damage":26,"enemies":"Slavers","floor":23,"turns":6},{"damage":50,"enemies":"Gremlin Leader","floor":25,"turns":8}],"seed_played":"8770455523033743308","potions_obtained":[{"floor":6,"key":"Strength Potion"},{"floor":8,"key":"Regen Potion"},{"floor":14,"key":"SteroidPotion"},{"floor":20,"key":"FairyPotion"},{"floor":21,"key":"SkillPotion"}],"is_trial":false,"path_per_floor":["M","$","?","T","?","E","R","E","T","?","M","E","M","M","R","B",null,"M","?","M","M","?","E","R","E"],"character_chosen":"DEFECT","items_purchased":["Sunder"],"campfire_rested":0,"item_purchase_floors":[2],"current_hp_per_floor":[64,64,64,64,64,64,64,64,64,69,69,53,53,46,46,24,71,63,63,55,55,55,36,36,0],"gold":333,"neow_bonus":"THREE_ENEMY_KILL","is_prod":false,"is_daily":false,"chose_seed":false,"campfire_upgraded":3,"win_rate":0,"timestamp":1564180781,"path_taken":["M","$","?","?","?","E","R","E","T","?","M","E","M","M","R","BOSS","M","?","M","M","?","E","R","E"],"build_version":"2019-07-17","purchased_purges":0,"victory":false,"max_hp_per_floor":[71,71,71,71,71,71,71,71,71,76,76,86,86,86,86,86,86,86,86,86,86,86,86,86,86],"card_choices":[{"not_picked":["Conserve Battery","Redo"],"picked":"Coolheaded","floor":1},{"not_picked":["Hologram","Creative AI"],"picked":"Barrage","floor":6},{"not_picked":["Stack","Beam Cell","Reprogram"],"picked":"SKIP","floor":8},{"not_picked":["Stack","Beam Cell","Reprogram"],"picked":"SKIP","floor":8},{"not_picked":["Turbo","Double Energy"],"picked":"Auto Shields","floor":11},{"not_picked":["Redo","Chaos"],"picked":"Capacitor","floor":12},{"not_picked":["Coolheaded","Rebound"],"picked":"Cold Snap","floor":13},{"not_picked":["Conserve Battery","Coolheaded"],"picked":"Glacier","floor":14},{"not_picked":["Reboot","Thunder Strike"],"picked":"Fission","floor":16},{"not_picked":["Beam Cell","Heatsinks"],"picked":"Hologram","floor":18},{"not_picked":["Tempest","Barrage"],"picked":"Fusion","floor":20},{"not_picked":["Ball Lightning","Coolheaded+1"],"picked":"Compile Driver","floor":21},{"not_picked":["Rebound","Compile Driver"],"picked":"Consume","floor":23}],"player_experience":1043319,"relics_obtained":[{"floor":4,"key":"Boot"},{"floor":6,"key":"The Courier"},{"floor":8,"key":"War Paint"},{"floor":9,"key":"Oddly Smooth Stone"},{"floor":12,"key":"Pear"},{"floor":23,"key":"Molten Egg 2"}],"event_choices":[{"damage_healed":0,"gold_gain":0,"player_choice":"Grow","damage_taken":0,"max_hp_gain":0,"max_hp_loss":0,"event_name":"Living Wall","floor":3,"gold_loss":0,"cards_upgraded":["Sunder"]},{"damage_healed":0,"gold_gain":0,"player_choice":"Ignored","damage_taken":0,"max_hp_gain":0,"max_hp_loss":0,"event_name":"Liars Game","floor":5,"gold_loss":0},{"damage_healed":0,"gold_gain":0,"player_choice":"Donut","damage_taken":0,"max_hp_gain":5,"max_hp_loss":0,"event_name":"Big Fish","floor":10,"gold_loss":0},{"damage_healed":0,"gold_gain":0,"cards_transformed":["Strike_B","Strike_B"],"player_choice":"Became Test Subject","damage_taken":0,"max_hp_gain":0,"max_hp_loss":0,"event_name":"Drug Dealer","floor":19,"gold_loss":0,"cards_obtained":["Streamline","Compile Driver"]},{"damage_healed":0,"gold_gain":0,"player_choice":"Read","damage_taken":0,"max_hp_gain":0,"max_hp_loss":0,"event_name":"The Library","floor":22,"gold_loss":0,"cards_obtained":["Self Repair"]}],"is_beta":false,"boss_relics":[{"not_picked":["Velvet Choker","Black Star"],"picked":"Snecko Eye"}],"items_purged_floors":[],"is_endless":false,"potions_floor_spawned":[6,8,14,20,21],"killed_by":"Gremlin Leader","ascension_level":20}