{"gold_per_floor":[18,18,18,31,41,41,60,60,60,60,123,153,168,168,168,287,287,311,334,29,42,42,42,85,85,109,109],"floor_reached":27,"playtime":2291,"items_purged":[],"score":300,"play_id":"a1b38b80-eb57-41a3-94ae-d436642c5d57","local_time":"20180702235213","is_ascension_mode":true,"campfire_choices":[{"data":"Bash","floor":6,"key":"SMITH"},{"data":"Body Slam","floor":8,"key":"SMITH"},{"data":"Iron Wave","floor":10,"key":"SMITH"},{"floor":15,"key":"REST"},{"data":"Flex","floor":23,"key":"SMITH"},{"data":"Inflame","floor":25,"key":"SMITH"}],"neow_cost":"NO_GOLD","seed_source_timestamp":4234911517481977,"circlet_count":0,"master_deck":["Strike_R","Strike_R","Strike_R","Strike_R","Defend_R","Defend_R","Bash+1","Cleave","Body Slam+1","Pommel Strike","Thunderclap","Iron Wave+1","Clash","Feed","Inflame+1","Bludgeon+1","Twin Strike","Clash+1","Power Through","Flex+1"],"relics":["Burning Blood","The Courier","Bottled Lightning","Anchor","Golden Idol","Mark of Pain","Meat on the Bone","Blood Vial","Bronze Scales"],"potions_floor_usage":[16,16,19],"damage_taken":[{"damage":19,"enemies":"Jaw Worm","floor":1,"turns":5},{"damage":2,"enemies":"2 Louse","floor":4,"turns":2},{"damage":6,"enemies":"Cultist","floor":5,"turns":3},{"damage":22,"enemies":"Looter","floor":7,"turns":3},{"damage":9,"enemies":"Gremlin Nob","floor":11,"turns":3},{"damage":30,"enemies":"Gremlin Nob","floor":12,"turns":4},{"damage":7,"enemies":"3 Louse","floor":13,"turns":2},{"damage":53,"enemies":"The Guardian","floor":16,"turns":8},{"damage":13,"enemies":"2 Thieves","floor":18,"turns":3},{"damage":5,"enemies":"3 Byrds","floor":19,"turns":3},{"damage":16,"enemies":"Centurion and Healer","floor":21,"turns":5},{"damage":43,"enemies":"Slavers","floor":24,"turns":6},{"damage":33,"enemies":"Sentry and Sphere","floor":27,"turns":3}],"seed_played":"-8479926349949849512","potions_obtained":[{"floor":1,"key":"SpeedPotion"},{"floor":4,"key":"GamblersBrew"},{"floor":11,"key":"FairyPotion"},{"floor":12,"key":"AttackPotion"},{"floor":16,"key":"LiquidBronze"},{"floor":19,"key":"LiquidBronze"},{"floor":21,"key":"Poison Potion"}],"is_trial":false,"path_per_floor":["M","?","?","M","M","R","M","R","T","R","?","E","M","?","R","B",null,"M","M","$","M","?","R","E","R","T"],"character_chosen":"IRONCLAD","items_purchased":["Meat on the Bone","Power Through","Flex"],"campfire_rested":1,"item_purchase_floors":[20,20,20],"current_hp_per_floor":[59,59,59,63,63,63,47,47,47,47,44,20,22,22,45,13,61,54,58,58,48,48,48,26,26,26,0],"gold":109,"neow_bonus":"REMOVE_TWO","is_prod":false,"is_daily":false,"chose_seed":false,"campfire_upgraded":5,"win_rate":0,"timestamp":1530571933,"path_taken":["M","?","?","M","M","R","M","R","T","R","?","E","M","?","R","BOSS","M","M","$","M","?","R","E","R","T","?"],"build_version":"2018-06-28","purchased_purges":0,"victory":false,"max_hp_per_floor":[80,80,80,80,80,80,80,80,80,80,80,80,83,77,77,77,77,77,80,80,80,80,80,83,83,83,83],"card_choices":[{"not_picked":["Rage","Anger"],"picked":"Cleave","floor":1},{"not_picked":["Sword Boomerang","Rupture"],"picked":"Pommel Strike","floor":4},{"not_picked":["Havoc","Clothesline"],"picked":"Thunderclap","floor":5},{"not_picked":["Fire Breathing","Spot Weakness"],"picked":"Iron Wave","floor":7},{"not_picked":["Heavy Blade","Warcry"],"picked":"Clash","floor":11},{"not_picked":["Iron Wave","Second Wind"],"picked":"Feed","floor":12},{"not_picked":["Heavy Blade","Infernal Blade"],"picked":"Inflame","floor":13},{"not_picked":["Juggernaut","Offering"],"picked":"Bludgeon","floor":16},{"not_picked":["Flame Barrier","Clothesline"],"picked":"Twin Strike","floor":18},{"not_picked":["Clothesline+1","Battle Trance"],"picked":"Clash+1","floor":19},{"not_picked":["Power Through","Entrench","Dual Wield"],"picked":"SKIP","floor":21},{"not_picked":["Feel No Pain","Anger+1","Entrench"],"picked":"SKIP","floor":24}],"player_experience":345047,"relics_obtained":[{"floor":9,"key":"The Courier"},{"floor":11,"key":"Bottled Lightning"},{"floor":12,"key":"Anchor"},{"floor":24,"key":"Blood Vial"},{"floor":26,"key":"Bronze Scales"}],"event_choices":[{"event_name":"Living Wall","player_choice":"Change","floor":2,"damage_taken":0},{"event_name":"The Cleric","player_choice":"Leave","floor":3,"damage_taken":0},{"event_name":"Dead Adventurer","player_choice":"Searched \u00272\u0027 times","floor":11,"damage_taken":0},{"event_name":"Golden Idol","player_choice":"Lose Max HP","floor":14,"damage_taken":0},{"event_name":"Upgrade Shrine","player_choice":"Upgraded","floor":22,"damage_taken":0}],"boss_relics":[{"not_picked":["Philosopher\u0027s Stone","Black Star"],"picked":"Mark of Pain"}],"items_purged_floors":[],"is_endless":false,"potions_floor_spawned":[1,4,11,12,16,19,21],"killed_by":"Sentry and Sphere","ascension_level":6}