{"gold_per_floor":[109,71,88,88,88,119,137,150,202,127,127,152,152,11,11,136,136,156,118,137,160,160,160,185,185,185,185,206,206,106,119,119,238,238,252,252,272,288,304,304,266,289,289,289,20,40,53,53,53,53],"floor_reached":51,"playtime":4079,"items_purged":["Regret","Parasite","Doubt"],"score":720,"play_id":"90444538-92ec-49ea-ae4b-40b47cd526f1","local_time":"20190817150027","is_ascension_mode":true,"campfire_choices":[{"floor":11,"key":"REST"},{"floor":13,"key":"REST"},{"floor":15,"key":"REST"},{"floor":23,"key":"REST"},{"floor":25,"key":"REST"},{"floor":27,"key":"REST"},{"floor":32,"key":"REST"},{"floor":40,"key":"REST"},{"floor":44,"key":"REST"},{"floor":49,"key":"REST"}],"neow_cost":"CURSE","seed_source_timestamp":680397325158894,"circlet_count":0,"master_deck":["Strike_G","Strike_G","Defend_G","Defend_G","Defend_G","Defend_G","Defend_G","Survivor","Neutralize","Corpse Explosion","Calculated Gamble","Footwork","Bouncing Flask","Dodge and Roll","Backflip","Dash","Catalyst","After Image","Envenom","Escape Plan+1","Well Laid Plans","Malaise","Terror","Dodge and Roll","Backstab+1","Finisher","Leg Sweep","Deadly Poison","Acrobatics","Dash+1","Footwork","Bouncing Flask+1","Parasite"],"relics":["Ring of the Snake","Golden Idol","Pantograph","Juzu Bracelet","Cursed Key","Ninja Scroll","Empty Cage","Darkstone Periapt","Happy Flower"],"potions_floor_usage":[16,38,50,50,50],"damage_taken":[{"damage":5,"enemies":"Small Slimes","floor":1,"turns":3},{"damage":15,"enemies":"Jaw Worm","floor":3,"turns":7},{"damage":16,"enemies":"3 Sentries","floor":6,"turns":4},{"damage":4,"enemies":"2 Louse","floor":7,"turns":4},{"damage":12,"enemies":"Gremlin Gang","floor":8,"turns":5},{"damage":0,"enemies":"Blue Slaver","floor":12,"turns":8},{"damage":60,"enemies":"Slime Boss","floor":16,"turns":21},{"damage":24,"enemies":"3 Byrds","floor":18,"turns":4},{"damage":5,"enemies":"Shell Parasite","floor":20,"turns":5},{"damage":26,"enemies":"Chosen and Byrds","floor":21,"turns":7},{"damage":25,"enemies":"Snecko","floor":24,"turns":8},{"damage":14,"enemies":"Centurion and Healer","floor":28,"turns":8},{"damage":5,"enemies":"Sentry and Sphere","floor":31,"turns":6},{"damage":29,"enemies":"Automaton","floor":33,"turns":14},{"damage":0,"enemies":"3 Shapes","floor":35,"turns":4},{"damage":7,"enemies":"Orb Walker","floor":37,"turns":4},{"damage":11,"enemies":"4 Shapes","floor":38,"turns":8},{"damage":31,"enemies":"Transient","floor":39,"turns":5},{"damage":18,"enemies":"3 Darklings","floor":42,"turns":4},{"damage":20,"enemies":"Jaw Worm Horde","floor":46,"turns":6},{"damage":7,"enemies":"Writhing Mass","floor":47,"turns":7},{"damage":22,"enemies":"Awakened One","floor":50,"turns":25}],"seed_played":"2886097389624118063","potions_obtained":[{"floor":1,"key":"GhostInAJar"},{"floor":7,"key":"Ancient Potion"},{"floor":8,"key":"Explosive Potion"},{"floor":18,"key":"Ancient Potion"},{"floor":24,"key":"Fire Potion"},{"floor":33,"key":"Dexterity Potion"},{"floor":38,"key":"Energy Potion"},{"floor":46,"key":"Dexterity Potion"},{"floor":47,"key":"Regen Potion"}],"is_trial":false,"path_per_floor":["M","$","M","?","?","E","M","M","T","$","R","M","R","$","R","B",null,"M","$","M","M","?","R","M","R","T","R","M","?","$","M","R","B",null,"M","?","M","M","M","R","$","M","T","R","$","M","M","$","R","B",null],"character_chosen":"THE_SILENT","items_purchased":["Footwork","Catalyst","After Image","Well Laid Plans","Footwork","Happy Flower"],"campfire_rested":10,"item_purchase_floors":[2,14,14,19,41,45],"current_hp_per_floor":[65,65,50,33,33,17,13,1,1,1,22,22,43,43,64,10,70,46,46,41,15,15,36,11,32,32,53,39,39,39,34,54,38,67,67,67,60,49,18,38,38,20,20,40,40,20,19,19,40,58],"gold":53,"neow_bonus":"THREE_RARE_CARDS","is_prod":false,"is_daily":false,"chose_seed":false,"campfire_upgraded":0,"win_rate":0,"timestamp":1566046827,"path_taken":["M","$","M","?","?","E","M","M","T","$","R","M","R","?","R","BOSS","M","$","M","M","?","R","M","R","T","R","M","?","$","M","R","BOSS","M","?","M","M","M","R","$","M","T","R","$","M","M","$","R","BOSS"],"build_version":"2019-07-17","purchased_purges":3,"victory":true,"max_hp_per_floor":[70,70,70,70,70,70,70,70,70,70,70,70,70,70,70,70,70,70,70,70,70,70,70,70,70,70,70,70,70,67,67,67,67,67,67,67,67,67,67,67,67,67,67,67,67,67,73,73,73,73],"card_choices":[{"not_picked":["Bullet Time","Burst"],"picked":"Corpse Explosion","floor":0},{"not_picked":["Poisoned Stab","Slice"],"picked":"Calculated Gamble","floor":1},{"not_picked":["Bane","Reflex"],"picked":"Bouncing Flask","floor":3},{"not_picked":["Bouncing Flask","PiercingWail"],"picked":"Dodge and Roll","floor":6},{"not_picked":["Dagger Spray","Deflect","Cloak And Dagger"],"picked":"SKIP","floor":7},{"not_picked":["Quick Slash","Sucker Punch"],"picked":"Backflip","floor":8},{"not_picked":["Quick Slash","Dagger Throw"],"picked":"Dash","floor":12},{"not_picked":["After Image","Die Die Die"],"picked":"Envenom","floor":16},{"not_picked":["Acrobatics","Flying Knee"],"picked":"Escape Plan+1","floor":18},{"not_picked":["Blade Dance","Bane","Acrobatics"],"picked":"SKIP","floor":20},{"not_picked":["Acrobatics","Caltrops"],"picked":"Malaise","floor":21},{"not_picked":["Expertise","Outmaneuver"],"picked":"Dodge and Roll","floor":24},{"not_picked":["Quick Slash","Sucker Punch"],"picked":"Backstab+1","floor":28},{"not_picked":["Masterful Stab","Outmaneuver+1"],"picked":"Leg Sweep","floor":31},{"not_picked":["Underhanded Strike","Sucker Punch+1"],"picked":"Deadly Poison","floor":35},{"not_picked":["Predator+1","Caltrops+1","Slice"],"picked":"SKIP","floor":37},{"not_picked":["Quick Slash","Outmaneuver+1"],"picked":"Acrobatics","floor":38},{"not_picked":["Quick Slash+1","Bane+1"],"picked":"Dash+1","floor":39},{"not_picked":["Dagger Spray","Outmaneuver","Tactician"],"picked":"SKIP","floor":42},{"not_picked":["Underhanded Strike","Bane+1"],"picked":"Bouncing Flask+1","floor":46},{"not_picked":["Skewer","Phantasmal Killer","Bane"],"picked":"SKIP","floor":47}],"player_experience":120318,"relics_obtained":[{"floor":6,"key":"Pantograph"},{"floor":9,"key":"Juzu Bracelet"},{"floor":26,"key":"Ninja Scroll"},{"floor":43,"key":"Darkstone Periapt"}],"event_choices":[{"damage_healed":0,"gold_gain":0,"player_choice":"Take Damage","damage_taken":17,"relics_obtained":["Golden Idol"],"max_hp_gain":0,"max_hp_loss":0,"event_name":"Golden Idol","floor":4,"gold_loss":0},{"damage_healed":0,"gold_gain":0,"player_choice":"Ignored","damage_taken":0,"max_hp_gain":0,"max_hp_loss":0,"event_name":"Shining Light","floor":5,"gold_loss":0},{"damage_healed":0,"gold_gain":0,"player_choice":"Read","damage_taken":0,"max_hp_gain":0,"max_hp_loss":0,"event_name":"The Library","floor":22,"gold_loss":0,"cards_obtained":["Terror"]},{"damage_healed":0,"gold_gain":0,"cards_transformed":["Strike_G"],"player_choice":"Transformed","damage_taken":0,"max_hp_gain":0,"max_hp_loss":0,"event_name":"Transmorgrifier","floor":29,"gold_loss":0,"cards_obtained":["Finisher"]},{"damage_healed":0,"gold_gain":0,"player_choice":"Ignored","damage_taken":0,"max_hp_gain":0,"max_hp_loss":0,"event_name":"Tomb of Lord Red Mask","floor":36,"gold_loss":0}],"is_beta":false,"boss_relics":[{"not_picked":["Velvet Choker","Coffee Dripper"],"picked":"Cursed Key"},{"not_picked":["Snecko Eye","Black Star"],"picked":"Empty Cage"}],"items_purged_floors":[10,30,45],"is_endless":false,"potions_floor_spawned":[1,7,8,12,18,24,31,33,38,39,46,47],"ascension_level":3}