{"gold_per_floor":[114,114,129,129,144,159,174,174,174,174,204,234,234,234,234,334,334,349,349,379,394,19,49,49,49,124,124,154,184,184,214,214,314,314,329,329,344,23,38,68,98,98,98,128,128,128,158,188,188,188],"floor_reached":51,"playtime":4122,"items_purged":["Defend_G"],"score":1145,"play_id":"6ce91a7a-caee-429e-ae17-6e08ccf5eef7","local_time":"20190512163507","daily_mods":["Specialized","Flight","DeadlyEvents"],"is_ascension_mode":false,"campfire_choices":[{"data":"Cloak And Dagger","floor":8,"key":"SMITH"},{"data":"Leg Sweep","floor":10,"key":"SMITH"},{"data":"Cloak And Dagger","floor":13,"key":"SMITH"},{"data":"Accuracy","floor":15,"key":"SMITH"},{"data":"Footwork","floor":24,"key":"SMITH"},{"data":"Accuracy","floor":27,"key":"SMITH"},{"data":"Accuracy","floor":30,"key":"SMITH"},{"data":"Accuracy","floor":32,"key":"SMITH"},{"data":"Infinite Blades","floor":42,"key":"SMITH"},{"data":"Cloak And Dagger","floor":45,"key":"SMITH"},{"data":"Cloak And Dagger","floor":49,"key":"SMITH"}],"neow_cost":"","seed_source_timestamp":0,"circlet_count":0,"master_deck":["Defend_G","Defend_G","Defend_G","Defend_G","Strike_G","Strike_G","Strike_G","Strike_G","Survivor","Neutralize","Accuracy+1","Accuracy+1","Accuracy+1","Accuracy+1","PiercingWail","Catalyst","Dagger Spray","Cloak And Dagger+1","Dodge and Roll","Leg Sweep+1","Cloak And Dagger+1","Calculated Gamble","Corpse Explosion","Footwork+1","Slice","Cloak And Dagger+1","Blade Dance","Cloak And Dagger+1","Footwork","Madness+1","Madness+1","Cloak And Dagger+1","Infinite Blades+1","Crippling Poison+1","Blade Dance+1"],"special_seed":18028,"relics":["Ring of the Serpent","Dead Branch","Bottled Tornado","Mummified Hand","Pocketwatch","Ninja Scroll","Bag of Marbles","FossilizedHelix","Bag of Preparation","Blue Candle","Thread and Needle","Tough Bandages","Toxic Egg 2","WristBlade","Paper Crane","Tingsha","Gambling Chip","The Courier","Singing Bowl","Shuriken","Art of War"],"potions_floor_usage":[44],"damage_taken":[{"damage":4,"enemies":"2 Louse","floor":1,"turns":4},{"damage":7,"enemies":"Jaw Worm","floor":3,"turns":6},{"damage":2,"enemies":"Cultist","floor":5,"turns":4},{"damage":0,"enemies":"3 Louse","floor":6,"turns":4},{"damage":1,"enemies":"Red Slaver","floor":7,"turns":5},{"damage":23,"enemies":"Lagavulin","floor":11,"turns":11},{"damage":4,"enemies":"Gremlin Nob","floor":12,"turns":4},{"damage":23,"enemies":"The Guardian","floor":16,"turns":12},{"damage":0,"enemies":"2 Thieves","floor":18,"turns":3},{"damage":4,"enemies":"Slavers","floor":20,"turns":5},{"damage":0,"enemies":"Spheric Guardian","floor":21,"turns":1},{"damage":0,"enemies":"Gremlin Leader","floor":23,"turns":5},{"damage":0,"enemies":"Slavers","floor":28,"turns":1},{"damage":0,"enemies":"Gremlin Leader","floor":29,"turns":4},{"damage":0,"enemies":"Book of Stabbing","floor":31,"turns":5},{"damage":32,"enemies":"Champ","floor":33,"turns":12},{"damage":0,"enemies":"3 Shapes","floor":35,"turns":2},{"damage":3,"enemies":"3 Darklings","floor":37,"turns":4},{"damage":0,"enemies":"Sphere and 2 Shapes","floor":39,"turns":2},{"damage":0,"enemies":"Reptomancer","floor":40,"turns":3},{"damage":0,"enemies":"Nemesis","floor":41,"turns":3},{"damage":0,"enemies":"Reptomancer","floor":44,"turns":2},{"damage":0,"enemies":"Giant Head","floor":47,"turns":3},{"damage":0,"enemies":"Nemesis","floor":48,"turns":3},{"damage":1,"enemies":"Awakened One","floor":50,"turns":5}],"seed_played":"-3356535960329970887","potions_obtained":[{"floor":6,"key":"Strength Potion"},{"floor":12,"key":"SmokeBomb"},{"floor":16,"key":"Poison Potion"},{"floor":23,"key":"Explosive Potion"},{"floor":41,"key":"Fruit Juice"},{"floor":47,"key":"FearPotion"}],"is_trial":false,"path_per_floor":["M","?","M","T","M","M","M","R","T","R","E","E","R","T","R","B",null,"M","?","E","M","$","E","R","?","T","R","E","E","R","E","R","B",null,"M","?","M","$","M","E","E","R","T","E","R","$","E","E","R","B",null],"character_chosen":"THE_SILENT","items_purchased":["FossilizedHelix","Infinite Blades","Paper Crane"],"campfire_rested":0,"item_purchase_floors":[22,38,38],"current_hp_per_floor":[66,66,59,59,57,57,56,56,56,56,33,29,29,29,29,6,70,70,70,66,66,66,66,66,53,53,53,53,53,53,53,53,21,75,75,66,63,63,63,63,63,63,63,70,70,70,72,72,72,71],"gold":188,"neow_bonus":"","is_prod":false,"is_daily":true,"chose_seed":false,"campfire_upgraded":11,"win_rate":0,"timestamp":1557668107,"path_taken":["M","?","M","?","M","M","M","R","T","R","E","?","R","?","R","BOSS","M","?","?","M","$","E","R","?","T","R","E","?","R","E","R","BOSS","M","?","M","?","M","E","E","R","T","?","R","?","E","E","R","BOSS"],"build_version":"2019-01-23","purchased_purges":1,"victory":true,"max_hp_per_floor":[70,70,70,70,70,70,70,70,70,70,70,70,70,70,70,70,70,70,70,70,70,70,70,70,75,75,75,75,75,75,75,75,75,75,75,75,75,75,75,75,75,75,75,82,82,82,84,84,84,84],"card_choices":[{"not_picked":["Sucker Punch","Prepared"],"picked":"PiercingWail","floor":1},{"not_picked":["Quick Slash","Sucker Punch"],"picked":"Dagger Spray","floor":3},{"not_picked":["Dodge and Roll","Die Die Die"],"picked":"Cloak And Dagger","floor":5},{"not_picked":["Dagger Spray","Deflect"],"picked":"Dodge and Roll","floor":6},{"not_picked":["Slice","Dagger Spray"],"picked":"Leg Sweep","floor":7},{"not_picked":["Flying Knee","Doppelganger"],"picked":"Cloak And Dagger","floor":11},{"not_picked":["Outmaneuver","Slice"],"picked":"Calculated Gamble","floor":12},{"not_picked":["Die Die Die","Bullet Time"],"picked":"Corpse Explosion","floor":16},{"not_picked":["Escape Plan","Cloak And Dagger"],"picked":"Footwork","floor":18},{"not_picked":["Envenom","Heel Hook+1"],"picked":"Cloak And Dagger","floor":20},{"not_picked":["Slice","Dagger Spray","Prepared"],"picked":"SKIP","floor":21},{"not_picked":["Quick Slash","Acrobatics+1"],"picked":"Blade Dance","floor":23},{"not_picked":["All Out Attack","Tactician"],"picked":"Cloak And Dagger","floor":28},{"not_picked":["Acrobatics","Bane+1","Dagger Throw"],"picked":"SKIP","floor":29},{"not_picked":["Bane","Terror","Dodge and Roll"],"picked":"SKIP","floor":31},{"not_picked":["Dodge and Roll+1","Blade Dance+1"],"picked":"Footwork","floor":35},{"not_picked":["Deflect+1","Concentrate+1"],"picked":"Cloak And Dagger+1","floor":37},{"not_picked":["Dagger Spray+1","Acrobatics+1","Catalyst+1"],"picked":"SKIP","floor":39},{"not_picked":["Deadly Poison+1","Glass Knife","Noxious Fumes"],"picked":"SKIP","floor":40},{"not_picked":["Deflect+1","Concentrate+1"],"picked":"Crippling Poison+1","floor":41},{"not_picked":["Bouncing Flask+1","Expertise+1","Noxious Fumes+1"],"picked":"Singing Bowl","floor":44},{"not_picked":["Expertise+1","Catalyst+1","Deadly Poison+1"],"picked":"Singing Bowl","floor":47},{"not_picked":["Quick Slash+1","Flechettes+1"],"picked":"Blade Dance+1","floor":48}],"player_experience":108248,"relics_obtained":[{"floor":4,"key":"Dead Branch"},{"floor":9,"key":"Bottled Tornado"},{"floor":11,"key":"Mummified Hand"},{"floor":12,"key":"Pocketwatch"},{"floor":14,"key":"Ninja Scroll"},{"floor":20,"key":"Bag of Marbles"},{"floor":23,"key":"Bag of Preparation"},{"floor":26,"key":"Blue Candle"},{"floor":28,"key":"Thread and Needle"},{"floor":29,"key":"Tough Bandages"},{"floor":31,"key":"Toxic Egg 2"},{"floor":40,"key":"Tingsha"},{"floor":41,"key":"Gambling Chip"},{"floor":43,"key":"The Courier"},{"floor":44,"key":"Singing Bowl"},{"floor":47,"key":"Shuriken"},{"floor":48,"key":"Art of War"}],"event_choices":[{"damage_healed":0,"gold_gain":0,"cards_transformed":["Accuracy"],"player_choice":"Change","damage_taken":0,"max_hp_gain":0,"max_hp_loss":0,"event_name":"Living Wall","floor":2,"gold_loss":0,"cards_obtained":["Catalyst"]},{"damage_healed":0,"gold_gain":0,"cards_transformed":["Strike_G"],"player_choice":"Transformed","damage_taken":0,"max_hp_gain":0,"max_hp_loss":0,"event_name":"Transmorgrifier","floor":19,"gold_loss":0,"cards_obtained":["Slice"]},{"damage_healed":0,"gold_gain":0,"player_choice":"Shed Blood","damage_taken":18,"max_hp_gain":5,"max_hp_loss":0,"event_name":"Forgotten Altar","floor":25,"gold_loss":0},{"damage_healed":0,"gold_gain":0,"player_choice":"Embrace Madness","damage_taken":9,"max_hp_gain":0,"max_hp_loss":0,"event_name":"Winding Halls","floor":36,"gold_loss":0,"cards_obtained":["Madness","Madness"]}],"is_beta":false,"boss_relics":[{"not_picked":["Snecko Eye","Ectoplasm"],"picked":"Ring of the Serpent"},{"not_picked":["Orrery","Fusion Hammer"],"picked":"WristBlade"}],"items_purged_floors":[22],"is_endless":false,"potions_floor_spawned":[6,12,16,23,28,29,33,37,41,47],"ascension_level":0}