{"path_per_floor":["M","M","?","M","M","R","E","R","T","R","M","M","M","?","R","B",null,"M","?","M","$","M"],"character_chosen":"IRONCLAD","items_purchased":["Paper Frog","Ancient Potion"],"gold_per_floor":[118,132,207,220,232,232,259,259,259,259,276,288,304,304,304,407,407,422,422,432,63,73],"floor_reached":23,"campfire_rested":0,"playtime":4217,"current_hp_per_floor":[80,80,69,67,77,77,51,51,51,51,55,55,61,61,61,44,80,27,27,33,33,34],"items_purged":["Writhe"],"gold":73,"play_id":"2e47c69c-d563-4203-a03b-6f6ab99846c7","is_prod":false,"is_daily":false,"is_ascension_mode":false,"campfire_upgraded":4,"path_taken":["M","M","?","M","M","R","E","R","T","R","M","M","?","?","R","BOSS","M","?","M","$","M","E"],"build_version":"2018-02-01-PROD3","purchased_purges":1,"victory":false,"master_deck":["Strike_R","Strike_R","Strike_R","Strike_R","Defend_R","Defend_R","Defend_R","Defend_R","Bash+1","Metallicize+1","Infernal Blade+1","Heavy Blade","Flame Barrier","Fire Breathing+1","Offering","Demon Form+1","Limit Break","Sword Boomerang+1","Whirlwind+1"],"max_hp_per_floor":[80,80,80,80,80,80,80,80,80,80,80,80,80,80,80,80,80,80,80,80,80,80],"relics":["Burning Blood","Bag of Preparation","Pen Nib","Black Star","Regal Pillow","Paper Frog"],"card_choices":[{"not_picked":["Combust","Shrug It Off"],"picked":"Metallicize"},{"not_picked":["True Grit","Twin Strike"],"picked":"Infernal Blade"},{"not_picked":["Iron Wave","Flex"],"picked":"Heavy Blade"},{"not_picked":["Thunderclap","Flex"],"picked":"Flame Barrier"},{"not_picked":["Shockwave","Rage"],"picked":"Fire Breathing"},{"not_picked":["Combust","Second Wind"],"picked":"Offering"},{"not_picked":["Berserk","Dark Embrace"],"picked":"Limit Break"},{"not_picked":["Anger","Corruption"],"picked":"Sword Boomerang"},{"not_picked":["Iron Wave","Warcry"],"picked":"Whirlwind"}],"player_experience":10314,"potions_floor_usage":[18,22,22,23],"damage_taken":[{"damage":1.0,"enemies":"Cultist","floor":1.0,"turns":4.0},{"damage":6.0,"enemies":"Small Slimes","floor":2.0,"turns":5.0},{"damage":8.0,"enemies":"Jaw Worm","floor":4.0,"turns":3.0},{"damage":0.0,"enemies":"Red Slaver","floor":5.0,"turns":5.0},{"damage":32.0,"enemies":"Gremlin Nob","floor":7.0,"turns":4.0},{"damage":2.0,"enemies":"Exordium Thugs","floor":11.0,"turns":5.0},{"damage":6.0,"enemies":"Lots of Slimes","floor":12.0,"turns":3.0},{"damage":0.0,"enemies":"2 Fungi Beasts","floor":13.0,"turns":2.0},{"damage":32.0,"enemies":"Hexaghost","floor":16.0,"turns":5.0},{"damage":59,"enemies":"3 Byrds","floor":18,"turns":5},{"damage":0,"enemies":"Chosen","floor":20,"turns":5},{"damage":38,"enemies":"Centurion and Healer","floor":22,"turns":4},{"damage":41,"enemies":"Slavers","floor":23,"turns":4}],"event_choices":[{"event_name":"World of Goop","player_choice":"Gather Gold","floor":3.0,"damage_taken":0.0},{"event_name":"Transmorgrifier","player_choice":"Transform","floor":14.0,"damage_taken":0.0},{"event_name":"The Mausoleum","player_choice":"Yes","floor":19,"damage_taken":0}],"boss_relics":[{"not_picked":["Lizard Tail","Mark of Pain"],"picked":"Black Star"}],"potions_floor_spawned":[1,4,5,13,20],"seed_played":"1755355021046450887","killed_by":"Slavers","ascension_level":0,"is_trial":false}