{"gold_per_floor":[109,34,134,148,159,159,9,9,63,63,76,94,129,141,141,219,219,233,245,276,276],"floor_reached":21,"playtime":1498,"items_purged":[],"score":381,"play_id":"97f38307-5560-4918-bc13-5fa136893064","local_time":"20190728131812","is_ascension_mode":true,"campfire_choices":[{"data":"Neutralize","floor":6,"key":"SMITH"},{"data":"Noxious Fumes","floor":8,"key":"SMITH"},{"data":"Sucker Punch","floor":10,"key":"SMITH"},{"data":"Well Laid Plans","floor":15,"key":"SMITH"}],"neow_cost":"NONE","seed_source_timestamp":599187785193000,"circlet_count":0,"master_deck":["AscendersBane","Strike_G","Strike_G","Defend_G","Defend_G","Defend_G","Defend_G","Defend_G","Survivor","Neutralize+1","Predator","Noxious Fumes+1","Sucker Punch+1","Tactician","After Image","Calculated Gamble","Leg Sweep","Well Laid Plans+1","Backflip","After Image","Underhanded Strike","Dagger Spray","Reflex+1"],"relics":["Ring of the Snake","Lantern","Art of War","Empty Cage","Red Mask"],"potions_floor_usage":[11,13,16,16,21,21],"damage_taken":[{"damage":0,"enemies":"2 Louse","floor":1,"turns":5},{"damage":0,"enemies":"Cultist","floor":4,"turns":4},{"damage":0,"enemies":"Small Slimes","floor":5,"turns":3},{"damage":8,"enemies":"Gremlin Gang","floor":11,"turns":3},{"damage":0,"enemies":"Exordium Thugs","floor":12,"turns":4},{"damage":11,"enemies":"3 Sentries","floor":13,"turns":8},{"damage":1,"enemies":"Exordium Wildlife","floor":14,"turns":9},{"damage":0,"enemies":"The Guardian","floor":16,"turns":11},{"damage":0,"enemies":"Chosen","floor":18,"turns":8},{"damage":2,"enemies":"Spheric Guardian","floor":19,"turns":6},{"damage":47,"enemies":"Masked Bandits","floor":20,"turns":6},{"damage":14,"enemies":"3 Cultists","floor":21,"turns":5}],"seed_played":"5801944053598001058","potions_obtained":[{"floor":5,"key":"Explosive Potion"},{"floor":11,"key":"Weak Potion"},{"floor":13,"key":"EntropicBrew"},{"floor":19,"key":"Swift Potion"},{"floor":20,"key":"Swift Potion"}],"is_trial":false,"path_per_floor":["M","$","?","M","M","R","$","R","T","R","M","M","E","M","R","B",null,"M","M","?","M"],"character_chosen":"THE_SILENT","items_purchased":["Noxious Fumes","Tactician","After Image"],"campfire_rested":0,"item_purchase_floors":[2,7,7],"current_hp_per_floor":[63,63,63,63,63,63,63,63,63,63,55,55,44,43,43,43,63,63,61,14,0],"gold":276,"neow_bonus":"REMOVE_CARD","is_prod":false,"is_daily":false,"chose_seed":false,"campfire_upgraded":4,"win_rate":0,"timestamp":1564334292,"path_taken":["M","$","?","M","M","R","?","R","T","R","?","M","E","M","R","BOSS","M","?","?","M"],"build_version":"2019-07-17","purchased_purges":0,"victory":false,"max_hp_per_floor":[70,70,70,70,70,70,70,70,70,70,70,70,70,70,70,70,70,70,70,70,70],"card_choices":[{"not_picked":["Dagger Spray","Bane"],"picked":"Predator","floor":1},{"not_picked":["Noxious Fumes","Prepared"],"picked":"Sucker Punch","floor":4},{"not_picked":["Poisoned Stab","Distraction","Eviscerate"],"picked":"SKIP","floor":5},{"not_picked":["Deflect","Dash"],"picked":"Calculated Gamble","floor":11},{"not_picked":["Distraction","Finisher"],"picked":"Leg Sweep","floor":12},{"not_picked":["Concentrate","Poisoned Stab"],"picked":"Well Laid Plans","floor":13},{"not_picked":["Outmaneuver","Bane"],"picked":"Backflip","floor":14},{"not_picked":["Doppelganger","Night Terror"],"picked":"After Image","floor":16},{"not_picked":["Dodge and Roll+1","Slice"],"picked":"Underhanded Strike","floor":18},{"not_picked":["Calculated Gamble","Underhanded Strike"],"picked":"Dagger Spray","floor":19},{"not_picked":["Expertise","Cloak And Dagger"],"picked":"Reflex+1","floor":20}],"player_experience":566386,"relics_obtained":[{"floor":9,"key":"Lantern"},{"floor":13,"key":"Art of War"},{"floor":20,"key":"Red Mask"}],"event_choices":[{"damage_healed":0,"gold_gain":100,"player_choice":"Pray","damage_taken":0,"max_hp_gain":0,"max_hp_loss":0,"event_name":"Golden Shrine","floor":3,"gold_loss":0},{"damage_healed":0,"gold_gain":0,"player_choice":"Fought Bandits","damage_taken":0,"max_hp_gain":0,"max_hp_loss":0,"event_name":"Masked Bandits","floor":20,"gold_loss":0}],"is_beta":false,"boss_relics":[{"not_picked":["Tiny House","Lizard Tail"],"picked":"Empty Cage"}],"items_purged_floors":[],"is_endless":false,"potions_floor_spawned":[5,11,13,19,20],"killed_by":"3 Cultists","ascension_level":13}