{"gold_per_floor":[212,212,212,104,114,114,141,161,161,86,98,129,144,94,94,198,248,266,284,96,96,113,113],"floor_reached":23,"playtime":1275,"items_purged":["Strike_R"],"score":337,"play_id":"eb60951b-8ff0-4057-811e-1b304cff4e5c","local_time":"20190317002815","is_ascension_mode":true,"campfire_choices":[{"data":"Bash","floor":6,"key":"SMITH"},{"data":"Flame Barrier","floor":15,"key":"SMITH"}],"neow_cost":"NONE","seed_source_timestamp":352959073782704,"circlet_count":0,"master_deck":["AscendersBane","Strike_R","Strike_R","Strike_R","Defend_R","Defend_R","Defend_R","Defend_R","Bash+1","Pommel Strike","Iron Wave+1","Impervious","Flame Barrier+1","Disarm","Rampage","Barricade","Shrug It Off","Metallicize","Combust","Decay","Feel No Pain"],"relics":["Burning Blood","Sundial","Mango","Mummified Hand","Singing Bowl","Vajra","Tiny House","Lantern"],"potions_floor_usage":[18,23,23],"damage_taken":[{"damage":3,"enemies":"2 Louse","floor":1,"turns":4},{"damage":5,"enemies":"Small Slimes","floor":5,"turns":3},{"damage":35,"enemies":"Lagavulin","floor":7,"turns":6},{"damage":1,"enemies":"Cultist","floor":8,"turns":4},{"damage":0,"enemies":"2 Fungi Beasts","floor":11,"turns":5},{"damage":23,"enemies":"Gremlin Nob","floor":12,"turns":5},{"damage":9,"enemies":"Large Slime","floor":13,"turns":7},{"damage":9,"enemies":"Hexaghost","floor":16,"turns":9},{"damage":26,"enemies":"2 Thieves","floor":18,"turns":5},{"damage":34,"enemies":"3 Byrds","floor":19,"turns":6},{"damage":37,"enemies":"Centurion and Healer","floor":22,"turns":10},{"damage":14,"enemies":"Book of Stabbing","floor":23,"turns":6}],"seed_played":"-2436122750897289107","potions_obtained":[{"floor":7,"key":"SteroidPotion"},{"floor":11,"key":"Swift Potion"},{"floor":16,"key":"Strength Potion"},{"floor":22,"key":"Explosive Potion"}],"is_trial":false,"path_per_floor":["M","?","?","?","M","R","E","M","T","$","M","E","M","?","R","B",null,"M","M","$","?","M","E"],"character_chosen":"IRONCLAD","items_purchased":["Combust","Lantern"],"campfire_rested":0,"item_purchase_floors":[20,20],"current_hp_per_floor":[75,57,80,94,94,94,65,70,70,70,78,61,58,58,58,55,93,73,45,45,45,14,0],"gold":113,"neow_bonus":"HUNDRED_GOLD","is_prod":false,"is_daily":false,"chose_seed":false,"campfire_upgraded":2,"win_rate":0,"timestamp":1552782495,"path_taken":["M","?","?","?","M","R","E","M","T","$","M","E","?","?","R","BOSS","M","M","$","?","?","E"],"build_version":"2019-01-23","purchased_purges":1,"victory":false,"max_hp_per_floor":[80,80,80,94,94,94,94,94,94,94,96,96,96,96,96,96,103,103,103,103,103,103,103],"card_choices":[{"not_picked":["Thunderclap","Clash"],"picked":"Pommel Strike","floor":1},{"not_picked":["Seeing Red","Sword Boomerang"],"picked":"Iron Wave","floor":5},{"not_picked":["Cleave","Armaments"],"picked":"Impervious","floor":7},{"not_picked":["Body Slam","Clothesline"],"picked":"Flame Barrier","floor":8},{"not_picked":["Sever Soul","Thunderclap","Clash"],"picked":"Singing Bowl","floor":11},{"not_picked":["Perfected Strike","Sword Boomerang"],"picked":"Disarm","floor":12},{"not_picked":["Pommel Strike","Blood for Blood"],"picked":"Rampage","floor":13},{"not_picked":["Bludgeon","Dark Embrace"],"picked":"Barricade","floor":16},{"not_picked":["Flex","Sword Boomerang","Sever Soul"],"picked":"Singing Bowl","floor":17},{"not_picked":["Cleave","Anger"],"picked":"Shrug It Off","floor":18},{"not_picked":["Pommel Strike","Infernal Blade"],"picked":"Metallicize","floor":19},{"not_picked":["True Grit","Thunderclap"],"picked":"Feel No Pain","floor":22}],"player_experience":644669,"relics_obtained":[{"floor":7,"key":"Mummified Hand"},{"floor":9,"key":"Singing Bowl"},{"floor":12,"key":"Vajra"}],"event_choices":[{"damage_healed":0,"gold_gain":0,"player_choice":"Success","damage_taken":18,"relics_obtained":["Sundial"],"max_hp_gain":0,"max_hp_loss":0,"event_name":"Scrap Ooze","floor":2,"gold_loss":0},{"damage_healed":26,"gold_gain":0,"player_choice":"Banana","damage_taken":0,"max_hp_gain":0,"max_hp_loss":0,"event_name":"Big Fish","floor":3,"gold_loss":0},{"damage_healed":0,"gold_gain":0,"player_choice":"Paid Gold","damage_taken":0,"relics_obtained":["Mango"],"max_hp_gain":0,"max_hp_loss":0,"event_name":"WeMeetAgain","floor":4,"gold_loss":108},{"cards_removed":["Strike_R"],"damage_healed":0,"gold_gain":0,"player_choice":"Card Removal","damage_taken":0,"max_hp_gain":0,"max_hp_loss":0,"event_name":"The Cleric","floor":14,"gold_loss":50},{"damage_healed":0,"gold_gain":0,"player_choice":"Cursed","damage_taken":0,"max_hp_gain":0,"max_hp_loss":0,"event_name":"Wheel of Change","floor":21,"gold_loss":0,"cards_obtained":["Decay"]}],"is_beta":false,"boss_relics":[{"not_picked":["Runic Cube","Ectoplasm"],"picked":"Tiny House"}],"items_purged_floors":[10],"is_endless":false,"potions_floor_spawned":[7,11,16,22],"killed_by":"Book of Stabbing","ascension_level":11}