{"gold_per_floor":[117,117,132,132,28,28,61,61,109,109,126,159,179,198,198,198],"floor_reached":16,"playtime":413,"items_purged":["Strike_G"],"score":270,"play_id":"db6887c5-3c74-422f-a00b-ce2e43b8d8a0","local_time":"20190716234848","is_ascension_mode":true,"campfire_choices":[{"data":"Dagger Spray","floor":6,"key":"SMITH"},{"data":"Noxious Fumes","floor":8,"key":"SMITH"},{"data":"Neutralize","floor":10,"key":"SMITH"},{"data":"Quick Slash","floor":15,"key":"SMITH"}],"neow_cost":"NONE","seed_source_timestamp":523601225884541,"circlet_count":0,"master_deck":["AscendersBane","Strike_G","Strike_G","Strike_G","Defend_G","Defend_G","Defend_G","Defend_G","Defend_G","Survivor","Neutralize+1","Noxious Fumes+1","Flying Knee","Dagger Spray+1","PiercingWail","Quick Slash+1"],"relics":["Ring of the Snake","NeowsBlessing","Omamori","Happy Flower","Ancient Tea Set","Turnip"],"potions_floor_usage":[14,16],"damage_taken":[{"damage":0,"enemies":"Small Slimes","floor":1,"turns":1},{"damage":0,"enemies":"Jaw Worm","floor":3,"turns":1},{"damage":0,"enemies":"3 Sentries","floor":7,"turns":1},{"damage":0,"enemies":"Cultist","floor":11,"turns":3},{"damage":38,"enemies":"Gremlin Nob","floor":12,"turns":5},{"damage":7,"enemies":"Exordium Wildlife","floor":13,"turns":5},{"damage":3,"enemies":"Looter","floor":14,"turns":5},{"damage":19,"enemies":"The Guardian","floor":16,"turns":5}],"seed_played":"21866246032756602","potions_obtained":[{"floor":1,"key":"GhostInAJar"},{"floor":3,"key":"Energy Potion"},{"floor":7,"key":"Regen Potion"}],"is_trial":false,"path_per_floor":["M","?","M","?","$","R","E","R","T","R","M","E","M","M","R","B"],"character_chosen":"THE_SILENT","items_purchased":["Dagger Spray"],"campfire_rested":0,"item_purchase_floors":[5],"current_hp_per_floor":[59,52,52,52,52,52,52,52,52,52,52,14,7,19,19,0],"gold":198,"neow_bonus":"THREE_ENEMY_KILL","is_prod":false,"is_daily":false,"chose_seed":false,"campfire_upgraded":4,"win_rate":0,"timestamp":1563317328,"path_taken":["M","?","M","?","$","R","E","R","T","R","M","E","M","?","R","BOSS"],"build_version":"2019-07-05","purchased_purges":1,"victory":false,"max_hp_per_floor":[66,66,66,66,66,66,66,66,66,66,66,66,66,66,66,66],"card_choices":[{"not_picked":["Terror","All Out Attack"],"picked":"Noxious Fumes","floor":1},{"not_picked":["Catalyst","Backflip"],"picked":"Flying Knee","floor":3},{"not_picked":["Underhanded Strike","Catalyst","Outmaneuver"],"picked":"SKIP","floor":7},{"not_picked":["Prepared","Tactician","Bane"],"picked":"SKIP","floor":11},{"not_picked":["Distraction","Dagger Throw"],"picked":"PiercingWail","floor":12},{"not_picked":["A Thousand Cuts","Sucker Punch","Blade Dance"],"picked":"SKIP","floor":13},{"not_picked":["Bane","Blade Dance"],"picked":"Quick Slash","floor":14}],"player_experience":1026122,"relics_obtained":[{"floor":7,"key":"Happy Flower"},{"floor":9,"key":"Ancient Tea Set"},{"floor":12,"key":"Turnip"}],"event_choices":[{"cards_removed":["Strike_G"],"damage_healed":0,"gold_gain":0,"player_choice":"Card Removal","damage_taken":7,"max_hp_gain":0,"max_hp_loss":0,"event_name":"Golden Wing","floor":2,"gold_loss":0},{"damage_healed":0,"gold_gain":0,"player_choice":"Gave Potion","damage_taken":0,"relics_obtained":["Omamori"],"max_hp_gain":0,"max_hp_loss":0,"event_name":"WeMeetAgain","floor":4,"gold_loss":0}],"is_beta":false,"boss_relics":[],"items_purged_floors":[5],"is_endless":false,"potions_floor_spawned":[1,3,7],"killed_by":"The Guardian","ascension_level":20}