{"gold_per_floor":[114,126,146,166,241,241,251,251,251,265,275,200,218,218,218,314,314,297,297,312,312,325,325,343,343,343,243,243,243,255,280,280,376,376,393,85,85,98,98,98],"floor_reached":40,"playtime":4893,"items_purged":["Regret","Defend_G"],"score":437,"play_id":"103d0d58-23b9-46c5-a221-710ee6a086a8","local_time":"20190818010234","is_ascension_mode":true,"campfire_choices":[{"data":"Neutralize","floor":6,"key":"SMITH"},{"floor":8,"key":"REST"},{"floor":15,"key":"REST"},{"data":"Leg Sweep","floor":23,"key":"SMITH"},{"data":"Endless Agony","floor":25,"key":"SMITH"},{"data":"RitualDagger","floor":29,"key":"SMITH"},{"data":"Backstab","floor":32,"key":"SMITH"}],"neow_cost":"CURSE","seed_source_timestamp":2498395278900,"circlet_count":0,"master_deck":["Strike_G","Strike_G","Strike_G","Strike_G","Strike_G","Defend_G","Defend_G","Defend_G","Defend_G","Survivor+1","Neutralize+1","Quick Slash","Infinite Blades+1","Footwork","Caltrops","Endless Agony+1","Cloak And Dagger","Leg Sweep+1","After Image","Backstab+1","Dagger Spray","Caltrops+1","RitualDagger+1","Dodge and Roll+1","A Thousand Cuts","Terror","Bouncing Flask","Accuracy+1"],"relics":["Ring of the Snake","FossilizedHelix","Ninja Scroll","Eternal Feather","Mango","MutagenicStrength","Paper Crane","Vajra","HoveringKite","Turnip"],"potions_floor_usage":[16,18,33,33],"damage_taken":[{"damage":0,"enemies":"Small Slimes","floor":1,"turns":3},{"damage":2,"enemies":"Cultist","floor":2,"turns":4},{"damage":1,"enemies":"Jaw Worm","floor":3,"turns":3},{"damage":6,"enemies":"Looter","floor":4,"turns":4},{"damage":3,"enemies":"Blue Slaver","floor":7,"turns":4},{"damage":6,"enemies":"Lots of Slimes","floor":10,"turns":4},{"damage":7,"enemies":"3 Louse","floor":11,"turns":3},{"damage":0,"enemies":"Large Slime","floor":13,"turns":5},{"damage":3,"enemies":"Slime Boss","floor":16,"turns":12},{"damage":16,"enemies":"2 Thieves","floor":18,"turns":4},{"damage":9,"enemies":"Shell Parasite","floor":20,"turns":6},{"damage":0,"enemies":"Snake Plant","floor":22,"turns":5},{"damage":17,"enemies":"Centurion and Healer","floor":24,"turns":5},{"damage":9,"enemies":"Shelled Parasite and Fungi","floor":30,"turns":5},{"damage":23,"enemies":"Champ","floor":33,"turns":15},{"damage":5,"enemies":"3 Shapes","floor":35,"turns":5},{"damage":0,"enemies":"Orb Walker","floor":38,"turns":4},{"damage":107,"enemies":"Giant Head","floor":40,"turns":10}],"seed_played":"8904190331567015329","potions_obtained":[{"floor":7,"key":"FairyPotion"},{"floor":13,"key":"Fire Potion"},{"floor":16,"key":"Poison Potion"},{"floor":18,"key":"Poison Potion"},{"floor":24,"key":"Poison Potion"},{"floor":33,"key":"Dexterity Potion"},{"floor":35,"key":"SmokeBomb"}],"is_trial":false,"path_per_floor":["M","M","M","M","?","R","M","R","T","M","M","$","M","?","R","B",null,"M","?","M","?","M","R","M","R","T","$","?","R","M","T","R","B",null,"M","$","?","M","$","E"],"character_chosen":"THE_SILENT","items_purchased":["Turnip"],"campfire_rested":2,"item_purchase_floors":[36],"current_hp_per_floor":[70,68,67,61,54,54,51,70,70,64,57,57,57,43,64,61,70,54,68,59,59,59,71,54,66,66,66,60,72,63,63,75,52,84,79,79,79,79,79,0],"gold":98,"neow_bonus":"ONE_RARE_RELIC","is_prod":false,"is_daily":false,"chose_seed":false,"campfire_upgraded":5,"win_rate":0,"timestamp":1566082954,"path_taken":["M","M","M","M","?","R","?","R","T","M","?","$","M","?","R","BOSS","M","?","M","?","?","R","M","R","T","$","?","R","M","?","R","BOSS","M","$","?","M","$","E"],"build_version":"2019-07-17","purchased_purges":2,"victory":false,"max_hp_per_floor":[70,70,70,70,70,70,70,70,70,70,70,70,70,70,70,70,70,70,84,84,84,84,84,84,84,84,84,84,84,84,84,84,84,84,84,84,84,84,84,84],"card_choices":[{"not_picked":["Prepared","Sucker Punch"],"picked":"Quick Slash","floor":1},{"not_picked":["PiercingWail","Setup"],"picked":"Infinite Blades","floor":2},{"not_picked":["Slice","Noxious Fumes"],"picked":"Footwork","floor":3},{"not_picked":["Distraction","Choke","Slice"],"picked":"SKIP","floor":4},{"not_picked":["Eviscerate","Deflect"],"picked":"Caltrops","floor":7},{"not_picked":["Leg Sweep","Prepared"],"picked":"Endless Agony","floor":10},{"not_picked":["Concentrate","Slice"],"picked":"Cloak And Dagger","floor":11},{"not_picked":["Caltrops","Deflect"],"picked":"Leg Sweep","floor":13},{"not_picked":["Tools of the Trade","Adrenaline"],"picked":"After Image","floor":16},{"not_picked":["Backflip","Prepared+1"],"picked":"Backstab","floor":18},{"not_picked":["Dagger Throw","Masterful Stab"],"picked":"Dagger Spray","floor":20},{"not_picked":["Slice","Deflect"],"picked":"Caltrops+1","floor":22},{"not_picked":["Underhanded Strike","Escape Plan+1","Deflect"],"picked":"SKIP","floor":24},{"not_picked":["Sucker Punch","Well Laid Plans"],"picked":"Dodge and Roll+1","floor":30},{"not_picked":["Unload","Venomology"],"picked":"A Thousand Cuts","floor":33},{"not_picked":["Poisoned Stab","Caltrops+1"],"picked":"Terror","floor":35},{"not_picked":["Deadly Poison","Deflect+1"],"picked":"Accuracy+1","floor":38}],"player_experience":218540,"relics_obtained":[{"floor":9,"key":"Ninja Scroll"},{"floor":26,"key":"Paper Crane"},{"floor":31,"key":"Vajra"}],"event_choices":[{"damage_healed":0,"gold_gain":75,"player_choice":"Touch","damage_taken":7,"max_hp_gain":0,"max_hp_loss":0,"event_name":"FaceTrader","floor":5,"gold_loss":0},{"damage_healed":0,"gold_gain":0,"player_choice":"Entered Light","damage_taken":14,"max_hp_gain":0,"max_hp_loss":0,"event_name":"Shining Light","floor":14,"gold_loss":0,"cards_upgraded":["Infinite Blades","Survivor"]},{"damage_healed":0,"gold_gain":0,"player_choice":"Opened","damage_taken":0,"relics_obtained":["Mango"],"max_hp_gain":0,"max_hp_loss":0,"event_name":"The Mausoleum","floor":19,"gold_loss":0},{"damage_healed":0,"gold_gain":0,"player_choice":"Inject Mutagens","damage_taken":0,"relics_obtained":["MutagenicStrength"],"max_hp_gain":0,"max_hp_loss":0,"event_name":"Drug Dealer","floor":21,"gold_loss":0},{"damage_healed":0,"gold_gain":0,"player_choice":"Joined the Cult","damage_taken":6,"max_hp_gain":0,"max_hp_loss":0,"event_name":"Nest","floor":28,"gold_loss":0,"cards_obtained":["RitualDagger"]},{"damage_healed":0,"gold_gain":0,"player_choice":"1 cards matched","damage_taken":0,"max_hp_gain":0,"max_hp_loss":0,"event_name":"Match and Keep!","floor":37,"gold_loss":0,"cards_obtained":["Bouncing Flask"]}],"is_beta":false,"boss_relics":[{"not_picked":["Runic Dome","Tiny House"],"picked":"Eternal Feather"},{"not_picked":["Runic Pyramid","Fusion Hammer"],"picked":"HoveringKite"}],"items_purged_floors":[12,27],"is_endless":false,"potions_floor_spawned":[7,13,16,18,24,33,35],"killed_by":"Giant Head","ascension_level":3}