{"path_per_floor":["M","?","?","?","$","E","M","M","T","$","R","?","M","M","R","B",null,"M","M","$","M","M","R","E","R","T","?","?"],"character_chosen":"DEFECT","items_purchased":["Sweeping Beam","Shuriken"],"gold_per_floor":[112,62,62,62,62,93,107,122,147,102,102,102,127,148,148,276,276,292,310,59,77,102,102,138,138,138,138,53,53],"floor_reached":29,"campfire_rested":1,"playtime":2339,"item_purchase_floors":[10,20],"current_hp_per_floor":[73,73,69,69,69,17,19,21,21,21,21,14,9,9,29,3,69,58,52,52,49,37,37,25,25,35,26,26,0],"items_purged":[],"gold":53,"score":243,"play_id":"a57fa6bb-9e16-492a-8152-8605122ec868","local_time":"20180610223047","is_prod":false,"is_daily":false,"chose_seed":false,"is_ascension_mode":false,"campfire_upgraded":3,"win_rate":0.0,"timestamp":1528666247,"campfire_choices":[{"data":"Sweeping Beam","floor":11,"key":"SMITH"},{"floor":15,"key":"REST"},{"data":"Conserve Battery","floor":23,"key":"SMITH"},{"data":"Go for the Eyes","floor":25,"key":"SMITH"}],"path_taken":["M","?","?","?","?","E","M","M","T","?","R","?","?","M","R","BOSS","M","M","$","M","M","R","E","R","T","?","?","?"],"build_version":"2018-06-07v3","seed_source_timestamp":2329114531818936,"purchased_purges":0,"victory":false,"master_deck":["Strike_B","Strike_B","Defend_B","Defend_B","Defend_B","Zap","Dualcast","Conserve Battery","Scrape","Rebound","Genetic Algorithm","Gash","Sweeping Beam+1","Skim","Go for the Eyes+1","Creative AI","Conserve Battery+1","Double Energy+1","Sweeping Beam+1"],"max_hp_per_floor":[75,75,69,69,69,69,69,69,69,69,69,69,69,69,69,69,69,69,69,69,69,69,69,69,69,79,79,79,79],"relics":["Cracked Core","Blood Vial","Golden Idol","Boot","Omamori","Cursed Key","Shuriken","Sundial","Pear","Bag of Preparation"],"card_choices":[{"not_picked":["Hologram","Streamline"],"picked":"Conserve Battery","floor":1},{"not_picked":["Redo","Reboot"],"picked":"Rebound","floor":6},{"not_picked":["Compile Driver","Streamline"],"picked":"Genetic Algorithm","floor":7},{"not_picked":["Melter","Steam Power"],"picked":"Gash","floor":8},{"not_picked":["Redo","Coolheaded"],"picked":"Skim","floor":13},{"not_picked":["Coolheaded","Streamline"],"picked":"Go for the Eyes","floor":14},{"not_picked":["Multi-Cast","Seek"],"picked":"Creative AI","floor":16},{"not_picked":["Go for the Eyes","FTL"],"picked":"Conserve Battery","floor":18},{"not_picked":["Redo+1","Lockon","Rip and Tear+1"],"picked":"SKIP","floor":19},{"not_picked":["Steam+1","Stack"],"picked":"Double Energy+1","floor":21},{"not_picked":["Reprogram","Blizzard","Coolheaded"],"picked":"SKIP","floor":22},{"not_picked":["Biased Cognition","Leap"],"picked":"Sweeping Beam+1","floor":24}],"player_experience":265574,"potions_floor_usage":[14,16,22,22],"damage_taken":[{"damage":2,"enemies":"2 Louse","floor":1,"turns":4},{"damage":52,"enemies":"Gremlin Nob","floor":6,"turns":5},{"damage":0,"enemies":"Small Slimes","floor":7,"turns":3},{"damage":0,"enemies":"Jaw Worm","floor":8,"turns":3},{"damage":7,"enemies":"Looter","floor":13,"turns":3},{"damage":2,"enemies":"3 Louse","floor":14,"turns":3},{"damage":28,"enemies":"Hexaghost","floor":16,"turns":10},{"damage":11,"enemies":"3 Byrds","floor":18,"turns":4},{"damage":8,"enemies":"Shell Parasite","floor":19,"turns":7},{"damage":5,"enemies":"Snecko","floor":21,"turns":6},{"damage":14,"enemies":"Snake Plant","floor":22,"turns":5},{"damage":14,"enemies":"Gremlin Leader","floor":24,"turns":7},{"damage":29,"enemies":"3 Cultists","floor":29,"turns":5}],"relics_obtained":[{"floor":6,"key":"Boot"},{"floor":9,"key":"Omamori"},{"floor":24,"key":"Sundial"},{"floor":26,"key":"Pear"}],"event_choices":[{"event_name":"The Cleric","player_choice":"Card Removal","floor":2,"damage_taken":0},{"event_name":"Golden Idol","player_choice":"Lose Max HP","floor":3,"damage_taken":0},{"event_name":"Living Wall","player_choice":"Change","floor":4,"damage_taken":0},{"event_name":"Golden Wing","player_choice":"Card Removal","floor":12,"damage_taken":0},{"event_name":"Cursed Tome","player_choice":"Stopped","floor":27,"damage_taken":0},{"event_name":"Addict","player_choice":"Obtained Relic","floor":28,"damage_taken":0}],"boss_relics":[{"not_picked":["Tiny House","Orrery"],"picked":"Cursed Key"}],"items_purged_floors":[],"potions_floor_spawned":[6,8,13,16,21,22,24],"seed_played":"-5551797463163985768","killed_by":"3 Cultists","ascension_level":0,"potions_obtained":[{"floor":6,"key":"Explosive Potion"},{"floor":8,"key":"FocusPotion"},{"floor":13,"key":"Swift Potion"},{"floor":16,"key":"SkillPotion"},{"floor":21,"key":"Weak Potion"},{"floor":22,"key":"Fire Potion"},{"floor":24,"key":"Energy Potion"}],"is_trial":false}