{"gold_per_floor":[115,115,134,134,145,145,173,173,199,199,233,247,280,299,299,402,402,414,429,429,152,152,152,178,197,197,215,240,250,250,150,150,247,247,264,274,287,337,351,351,367,83,110,122,136,152,165,179,179,179],"floor_reached":51,"playtime":3759,"items_purged":["Strike_G","Strike_G","Strike_G+1"],"score":882,"play_id":"388455fc-9e56-4e08-8156-b6bd98b1cfcd","local_time":"20190502005430","is_ascension_mode":true,"campfire_choices":[{"data":"Neutralize","floor":6,"key":"SMITH"},{"data":"Bouncing Flask","floor":10,"key":"SMITH"},{"data":"Footwork","floor":15,"key":"SMITH"},{"data":"Malaise","floor":23,"key":"SMITH"},{"data":"Burst","floor":30,"key":"SMITH"},{"data":"Crippling Poison","floor":32,"key":"SMITH"},{"data":"Deadly Poison","floor":40,"key":"SMITH"},{"floor":49,"key":"REST"}],"neow_cost":"NONE","seed_source_timestamp":791007132492905,"circlet_count":0,"master_deck":["Defend_G","Defend_G+1","Defend_G+1","Defend_G","Defend_G","Strike_G+1","Survivor+1","Neutralize+1","Bouncing Flask+1","Dash+1","Bouncing Flask","Well Laid Plans","PiercingWail","Footwork+1","Malaise+1","Noxious Fumes+1","Poisoned Stab+1","Backflip","Burst+1","PiercingWail","Crippling Poison+1","Leg Sweep+1","Backstab+1","Burst","Calculated Gamble+1","Deadly Poison+1","Distraction+1","Deadly Poison+1","Night Terror","Deadly Poison+1"],"relics":["Ring of the Snake","War Paint","Strawberry","Lantern","Boot","Paper Crane","Velvet Choker","Nilry\u0027s Codex","Art of War","Question Card","Whetstone","Vajra","Runic Pyramid","Unceasing Top","PreservedInsect"],"potions_floor_usage":[45,50,50,50],"damage_taken":[{"damage":0,"enemies":"2 Louse","floor":1,"turns":3},{"damage":0,"enemies":"Jaw Worm","floor":3,"turns":3},{"damage":0,"enemies":"Small Slimes","floor":5,"turns":3},{"damage":9,"enemies":"3 Sentries","floor":7,"turns":12},{"damage":0,"enemies":"Gremlin Nob","floor":11,"turns":3},{"damage":0,"enemies":"Exordium Thugs","floor":12,"turns":3},{"damage":10,"enemies":"3 Sentries","floor":13,"turns":6},{"damage":0,"enemies":"Gremlin Gang","floor":14,"turns":5},{"damage":0,"enemies":"The Guardian","floor":16,"turns":8},{"damage":0,"enemies":"Spheric Guardian","floor":18,"turns":3},{"damage":2,"enemies":"Shell Parasite","floor":19,"turns":4},{"damage":5,"enemies":"Gremlin Leader","floor":24,"turns":6},{"damage":2,"enemies":"Shelled Parasite and Fungi","floor":25,"turns":5},{"damage":0,"enemies":"3 Cultists","floor":27,"turns":5},{"damage":0,"enemies":"Book of Stabbing","floor":28,"turns":6},{"damage":0,"enemies":"Snake Plant","floor":29,"turns":3},{"damage":0,"enemies":"Champ","floor":33,"turns":8},{"damage":0,"enemies":"3 Shapes","floor":35,"turns":5},{"damage":0,"enemies":"3 Darklings","floor":36,"turns":4},{"damage":1,"enemies":"Maw","floor":37,"turns":7},{"damage":15,"enemies":"2 Orb Walkers","floor":38,"turns":5},{"damage":0,"enemies":"Writhing Mass","floor":39,"turns":8},{"damage":0,"enemies":"3 Darklings","floor":41,"turns":5},{"damage":1,"enemies":"Jaw Worm Horde","floor":44,"turns":3},{"damage":14,"enemies":"Writhing Mass","floor":45,"turns":5},{"damage":0,"enemies":"Spire Growth","floor":46,"turns":5},{"damage":5,"enemies":"3 Darklings","floor":47,"turns":4},{"damage":0,"enemies":"4 Shapes","floor":48,"turns":5},{"damage":6,"enemies":"Time Eater","floor":50,"turns":8}],"seed_played":"1632126816261180191","potions_obtained":[{"floor":7,"key":"Strength Potion"},{"floor":11,"key":"Energy Potion"},{"floor":13,"key":"Energy Potion"},{"floor":14,"key":"Block Potion"},{"floor":45,"key":"SpeedPotion"},{"floor":46,"key":"PowerPotion"}],"is_trial":false,"path_per_floor":["M","?","M","?","M","R","E","$","T","R","E","M","E","M","R","B",null,"M","M","?","$","?","R","E","M","T","M","E","M","R","$","R","B",null,"M","M","M","?","M","R","M","$","T","M","M","M","M","M","R","B",null],"character_chosen":"THE_SILENT","items_purchased":["Art of War","Backflip","Night Terror"],"campfire_rested":1,"item_purchase_floors":[21,21,42],"current_hp_per_floor":[70,56,56,49,49,49,47,47,47,47,47,47,37,37,37,37,77,77,75,59,59,59,59,54,52,52,52,52,52,52,52,52,52,77,77,77,76,61,61,61,61,61,61,60,46,46,41,41,64,58],"gold":179,"neow_bonus":"RANDOM_COMMON_RELIC","is_prod":false,"is_daily":false,"chose_seed":false,"campfire_upgraded":7,"win_rate":0,"timestamp":1556754870,"path_taken":["M","?","M","?","M","R","E","$","T","R","E","M","E","M","R","BOSS","M","M","?","$","?","R","E","?","T","?","E","M","R","$","R","BOSS","M","M","M","?","M","R","M","$","T","M","M","M","M","M","R","BOSS"],"build_version":"2019-01-23","purchased_purges":3,"victory":true,"max_hp_per_floor":[70,70,70,70,70,70,77,77,77,77,77,77,77,77,77,77,77,77,77,77,77,77,77,77,77,77,77,77,77,77,77,77,77,77,77,77,77,77,77,77,77,77,77,77,77,77,77,77,77,77],"card_choices":[{"not_picked":["Dodge and Roll","Deadly Poison"],"picked":"Bouncing Flask","floor":1},{"not_picked":["Reflex","Cloak And Dagger","Prepared"],"picked":"SKIP","floor":3},{"not_picked":["Dodge and Roll","Expertise"],"picked":"Dash","floor":5},{"not_picked":["Heel Hook","PiercingWail"],"picked":"Bouncing Flask","floor":7},{"not_picked":["Flechettes","Distraction"],"picked":"Well Laid Plans","floor":11},{"not_picked":["Heel Hook","Reflex"],"picked":"PiercingWail","floor":12},{"not_picked":["PiercingWail","Blade Dance"],"picked":"Footwork","floor":13},{"not_picked":["Blade Dance","Endless Agony","Infinite Blades"],"picked":"SKIP","floor":14},{"not_picked":["Adrenaline","Grand Finale"],"picked":"Malaise","floor":16},{"not_picked":["Backflip+1","Acrobatics+1"],"picked":"Noxious Fumes","floor":18},{"not_picked":["Riddle With Holes","Dagger Throw"],"picked":"Poisoned Stab+1","floor":19},{"not_picked":["Caltrops","Backflip+1"],"picked":"Burst","floor":24},{"not_picked":["Slice","Flying Knee","Deadly Poison"],"picked":"PiercingWail","floor":25},{"not_picked":["Dodge and Roll","Deflect","Backstab"],"picked":"Crippling Poison","floor":27},{"not_picked":["Riddle With Holes","Reflex","Noxious Fumes+1"],"picked":"Leg Sweep+1","floor":28},{"not_picked":["PiercingWail","Leg Sweep","Eviscerate"],"picked":"Backstab+1","floor":29},{"not_picked":["A Thousand Cuts","Tools of the Trade","Malaise"],"picked":"Burst","floor":33},{"not_picked":["Dagger Spray+1","PiercingWail+1","Backflip+1","Blade Dance+1"],"picked":"SKIP","floor":35},{"not_picked":["Die Die Die","Backflip+1","Quick Slash+1"],"picked":"Calculated Gamble+1","floor":36},{"not_picked":["Escape Plan","Dagger Spray+1","Footwork"],"picked":"Deadly Poison+1","floor":37},{"not_picked":["Heel Hook","Poisoned Stab+1","Sucker Punch"],"picked":"Distraction+1","floor":38},{"not_picked":["Expertise+1","Masterful Stab+1","Cloak And Dagger"],"picked":"Deadly Poison","floor":39},{"not_picked":["Skewer","Predator+1","Expertise","Flying Knee+1"],"picked":"SKIP","floor":41},{"not_picked":["Terror","Dodge and Roll","Sucker Punch","Blade Dance"],"picked":"SKIP","floor":44},{"not_picked":["Cloak And Dagger+1","Dagger Spray","Quick Slash","Glass Knife"],"picked":"SKIP","floor":45},{"not_picked":["PiercingWail","Backstab","Dagger Throw","Sucker Punch"],"picked":"SKIP","floor":46},{"not_picked":["Backstab+1","Cloak And Dagger+1","Escape Plan+1"],"picked":"Deadly Poison+1","floor":47},{"not_picked":["Eviscerate","Outmaneuver","Dagger Throw+1","All Out Attack+1"],"picked":"SKIP","floor":48}],"player_experience":924936,"relics_obtained":[{"floor":7,"key":"Strawberry"},{"floor":9,"key":"Lantern"},{"floor":11,"key":"Boot"},{"floor":13,"key":"Paper Crane"},{"floor":20,"key":"Nilry\u0027s Codex"},{"floor":24,"key":"Question Card"},{"floor":26,"key":"Whetstone"},{"floor":28,"key":"Vajra"},{"floor":38,"key":"Unceasing Top"},{"floor":43,"key":"PreservedInsect"}],"event_choices":[{"damage_healed":0,"gold_gain":0,"player_choice":"Entered Light","damage_taken":14,"max_hp_gain":0,"max_hp_loss":0,"event_name":"Shining Light","floor":2,"gold_loss":0,"cards_upgraded":["Strike_G","Defend_G"]},{"cards_removed":["Strike_G"],"damage_healed":0,"gold_gain":0,"player_choice":"Card Removal","damage_taken":7,"max_hp_gain":0,"max_hp_loss":0,"event_name":"Golden Wing","floor":4,"gold_loss":0},{"damage_healed":0,"gold_gain":0,"player_choice":"Obtained Book","damage_taken":16,"max_hp_gain":0,"max_hp_loss":0,"event_name":"Cursed Tome","floor":20,"gold_loss":0},{"damage_healed":0,"gold_gain":0,"player_choice":"Forge","damage_taken":0,"max_hp_gain":0,"max_hp_loss":0,"event_name":"Accursed Blacksmith","floor":22,"gold_loss":0,"cards_upgraded":["Noxious Fumes"]},{"damage_healed":0,"gold_gain":0,"player_choice":"Fight","damage_taken":0,"max_hp_gain":0,"max_hp_loss":0,"event_name":"Mysterious Sphere","floor":38,"gold_loss":0}],"is_beta":false,"boss_relics":[{"not_picked":["Busted Crown","WristBlade"],"picked":"Velvet Choker"},{"not_picked":["HoveringKite","Empty Cage"],"picked":"Runic Pyramid"}],"items_purged_floors":[21,31,42],"is_endless":false,"potions_floor_spawned":[7,11,13,14,16,24,28,29,33,37,41,45,46],"ascension_level":1}