{"path_per_floor":["M","?","?","?","$","E","R","?","T","M","M","M","M","M","R","B",null,"M","$","M","?","?","E","M","R","T","M","R","M","E","M","R","B",null,"M","T","M","M","?","M","R","E","T","M","M","?","R","M","R","B"],"character_chosen":"THE_SILENT","items_purchased":["Apotheosis"],"gold_per_floor":[112,112,112,112,37,63,63,88,88,101,118,133,147,164,164,268,268,223,22,22,22,22,22,22,22,22,22,22,22,22,22,22,22,22,22,22,22,22,22,22,22,22,22,22,22,22,22,22,22,22],"floor_reached":51,"campfire_rested":2,"playtime":4868,"current_hp_per_floor":[67,67,60,65,65,39,43,33,33,30,30,22,22,25,31,17,75,61,61,54,54,54,48,34,42,42,36,66,64,57,44,52,14,75,63,63,63,40,40,36,68,45,45,39,23,66,66,65,66,49],"items_purged":["Strike_G"],"gold":22,"score":601,"play_id":"5ad96556-03aa-41cd-b99b-7865f138491a","is_prod":false,"is_daily":false,"is_ascension_mode":true,"campfire_upgraded":3,"path_taken":["M","?","?","?","$","E","R","?","T","M","M","M","M","M","R","BOSS","M","$","?","?","?","E","M","R","T","M","R","M","E","?","R","BOSS","M","?","M","M","?","?","R","E","T","M","?","?","R","M","R","BOSS"],"build_version":"2018-02-08-PROD1","purchased_purges":1,"victory":true,"master_deck":["Defend_G","Defend_G","Defend_G","Defend_G+1","Defend_G+1","Strike_G","Strike_G","Strike_G","Strike_G","Survivor","Neutralize","Flash of Steel","Finisher","Blade Dance","Infinite Blades","Slice","Cloak And Dagger","Die Die Die","Apotheosis+1","Cloak And Dagger+1","Backflip+1","Prepared+1","Burst+1","Injury","Acrobatics+1","Flash of Steel","Choke+1","Pain","Terror+1","Footwork+1","Predator+1"],"max_hp_per_floor":[70,70,70,75,75,75,75,75,75,75,75,75,75,75,75,75,75,75,75,75,75,75,75,75,75,75,75,75,75,75,75,75,75,75,75,75,75,75,75,75,75,75,75,75,75,66,66,66,66,66],"relics":["Eternal Feather","Girya","War Paint","Odd Mushroom","Bird Faced Urn","Ectoplasm","Lantern","Vajra","Mercury Hourglass","Cursed Key","Calipers","Bag of Preparation","Blood Vial"],"card_choices":[{"not_picked":["Slice","Heel Hook"],"picked":"Blade Dance"},{"not_picked":["Sucker Punch","Backflip"],"picked":"Infinite Blades"},{"not_picked":["Blur","Prepared"],"picked":"Slice"},{"not_picked":["Outmaneuver","Bouncing Flask"],"picked":"Cloak And Dagger"},{"not_picked":["Corpse Explosion","Unload"],"picked":"Die Die Die"},{"not_picked":["Sucker Punch","Leg Sweep"],"picked":"Cloak And Dagger"},{"not_picked":["Terror","Dodge and Roll"],"picked":"Backflip"},{"not_picked":["A Thousand Cuts","Backflip"],"picked":"Prepared"},{"not_picked":["Tactician","Doppelganger"],"picked":"Burst"},{"not_picked":["Infinite Blades","Slice"],"picked":"Acrobatics"},{"not_picked":["Backflip","Corpse Explosion"],"picked":"Choke"},{"not_picked":["Backflip","Caltrops"],"picked":"Terror"},{"not_picked":["Dagger Spray","Poisoned Stab"],"picked":"Footwork"},{"not_picked":["Underhanded Strike","Skewer"],"picked":"Predator"}],"player_experience":128710,"potions_floor_usage":[42,50,50,50],"damage_taken":[{"damage":3.0,"enemies":"Jaw Worm","floor":1.0,"turns":5.0},{"damage":26.0,"enemies":"Gremlin Nob","floor":6.0,"turns":4.0},{"damage":10.0,"enemies":"The Mushroom Lair","floor":8.0,"turns":5.0},{"damage":3.0,"enemies":"Blue Slaver","floor":10.0,"turns":3.0},{"damage":2.0,"enemies":"Small Slimes","floor":11.0,"turns":3.0},{"damage":10.0,"enemies":"Exordium Wildlife","floor":12.0,"turns":4.0},{"damage":0.0,"enemies":"2 Fungi Beasts","floor":13.0,"turns":3.0},{"damage":11.0,"enemies":"Large Slime","floor":14.0,"turns":6.0},{"damage":16.0,"enemies":"The Guardian","floor":16.0,"turns":7.0},{"damage":14.0,"enemies":"2 Thieves","floor":18.0,"turns":3.0},{"damage":9.0,"enemies":"Chosen","floor":20.0,"turns":5.0},{"damage":8.0,"enemies":"Book of Stabbing","floor":23.0,"turns":4.0},{"damage":14.0,"enemies":"Snecko","floor":24.0,"turns":5.0},{"damage":6.0,"enemies":"Centurion and Healer","floor":27.0,"turns":3.0},{"damage":4.0,"enemies":"Chosen and Byrds","floor":29.0,"turns":3.0},{"damage":7.0,"enemies":"Slavers","floor":30.0,"turns":2.0},{"damage":15.0,"enemies":"Cultist and Chosen","floor":31.0,"turns":4.0},{"damage":40.0,"enemies":"Automaton","floor":33.0,"turns":8.0},{"damage":12.0,"enemies":"3 Shapes","floor":35.0,"turns":3.0},{"damage":0.0,"enemies":"Orb Walker","floor":37.0,"turns":2.0},{"damage":25.0,"enemies":"4 Shapes","floor":38.0,"turns":4.0},{"damage":6.0,"enemies":"Sphere and 2 Shapes","floor":40.0,"turns":3.0},{"damage":25,"enemies":"2 Orb Walkers","floor":42,"turns":3},{"damage":10,"enemies":"Maw","floor":44,"turns":4},{"damage":20,"enemies":"4 Shapes","floor":45,"turns":3},{"damage":1,"enemies":"3 Darklings","floor":48,"turns":4},{"damage":21,"enemies":"Awakened One","floor":50,"turns":11}],"event_choices":[{"event_name":"Match and Keep!","player_choice":"2 cards matched","floor":2.0,"damage_taken":0.0},{"event_name":"Scrap Ooze","player_choice":"success","floor":3.0,"damage_taken":7.0},{"event_name":"Big Fish","player_choice":"Donut","floor":4.0,"damage_taken":0.0},{"event_name":"Mushrooms","player_choice":"Fought Mushrooms","floor":8.0,"damage_taken":0.0},{"event_name":"Drug Dealer","player_choice":"Ignored","floor":21.0,"damage_taken":0.0},{"event_name":"Addict","player_choice":"Ignored","floor":22.0,"damage_taken":0.0},{"event_name":"Duplicator","player_choice":"One dupe","floor":39.0,"damage_taken":0.0},{"event_name":"The Moai Head","player_choice":"Heal","floor":46,"damage_taken":0}],"boss_relics":[],"potions_floor_spawned":[10,12,13,14,23,24,29,40,44,45,48],"seed_played":"5268520371341885627","ascension_level":3,"is_trial":false}