{"gold_per_floor":[114,43,58,78,78,408,422,422,499,499,515,515],"floor_reached":12,"playtime":493,"items_purged":[],"score":140,"play_id":"6b3e068d-2631-43c9-84d9-cf368b5ee63d","local_time":"20190802233130","is_ascension_mode":true,"campfire_choices":[{"data":"Noxious Fumes","floor":8,"key":"SMITH"},{"data":"Neutralize","floor":10,"key":"SMITH"}],"neow_cost":"PERCENT_DAMAGE","seed_source_timestamp":1069013315443200,"circlet_count":0,"master_deck":["AscendersBane","Strike_G","Strike_G","Defend_G","Defend_G","Defend_G","Defend_G","Defend_G","Survivor","Neutralize+1","Outmaneuver","Sucker Punch","Deflect","Noxious Fumes+1","Dash","Acrobatics","Terror","Flechettes"],"relics":["Ring of the Snake","Old Coin","Bottled Tornado"],"potions_floor_usage":[11],"damage_taken":[{"damage":0,"enemies":"Jaw Worm","floor":1,"turns":4},{"damage":0,"enemies":"Cultist","floor":3,"turns":5},{"damage":2,"enemies":"Small Slimes","floor":4,"turns":5},{"damage":21,"enemies":"Lagavulin","floor":6,"turns":8},{"damage":0,"enemies":"2 Fungi Beasts","floor":7,"turns":4},{"damage":11,"enemies":"Exordium Thugs","floor":11,"turns":5},{"damage":17,"enemies":"Large Slime","floor":12,"turns":6}],"seed_played":"-481954815444044004","potions_obtained":[{"floor":3,"key":"LiquidBronze"},{"floor":6,"key":"Energy Potion"}],"is_trial":false,"path_per_floor":["M","$","M","M","?","E","M","R","T","R","M","M"],"character_chosen":"THE_SILENT","items_purchased":["Noxious Fumes"],"campfire_rested":0,"item_purchase_floors":[2],"current_hp_per_floor":[44,44,44,42,42,21,21,21,21,21,10,0],"gold":515,"neow_bonus":"TRANSFORM_TWO_CARDS","is_prod":false,"is_daily":false,"chose_seed":false,"campfire_upgraded":2,"win_rate":0,"timestamp":1564803090,"path_taken":["M","$","M","M","?","E","M","R","T","R","M","M"],"build_version":"2019-07-17","purchased_purges":0,"victory":false,"max_hp_per_floor":[66,66,66,66,66,66,66,66,66,66,66,66],"card_choices":[{"not_picked":["Sucker Punch","Prepared"],"picked":"Deflect","floor":1},{"not_picked":["Heel Hook","Underhanded Strike","Blade Dance"],"picked":"SKIP","floor":3},{"not_picked":["Underhanded Strike","Poisoned Stab"],"picked":"Dash","floor":4},{"not_picked":["Dodge and Roll","Outmaneuver"],"picked":"Acrobatics","floor":6},{"not_picked":["Storm of Steel","Dodge and Roll"],"picked":"Terror","floor":7},{"not_picked":["Poisoned Stab","Dash"],"picked":"Flechettes","floor":11}],"player_experience":637751,"relics_obtained":[{"floor":6,"key":"Old Coin"},{"floor":9,"key":"Bottled Tornado"}],"event_choices":[{"cards_removed":["Strike_G"],"damage_healed":0,"gold_gain":0,"player_choice":"Purged","damage_taken":0,"max_hp_gain":0,"max_hp_loss":0,"event_name":"Purifier","floor":5,"gold_loss":0}],"is_beta":false,"boss_relics":[],"items_purged_floors":[],"is_endless":false,"potions_floor_spawned":[3,6],"killed_by":"Large Slime","ascension_level":15}