{"gold_per_floor":[117,132,132,152,4,4,43,8,8,8,21,21,55,55],"floor_reached":14,"playtime":834,"items_purged":["Strike_R"],"score":152,"play_id":"d23fff49-2e5c-4d17-bb60-fa268250134e","local_time":"20190316180319","is_ascension_mode":true,"campfire_choices":[{"data":"Uppercut","floor":10,"key":"SMITH"}],"neow_cost":"NONE","seed_source_timestamp":330303361680439,"circlet_count":0,"master_deck":["AscendersBane","Strike_R","Strike_R","Strike_R","Strike_R","Defend_R","Defend_R","Defend_R","Defend_R","Bash+1","Combust","Uppercut+1","Corruption","Barricade","Dropkick","Evolve","Armaments"],"relics":["Burning Blood","Nunchaku","Golden Idol","Juzu Bracelet","Question Card","Bottled Tornado"],"potions_floor_usage":[11,14,14],"damage_taken":[{"damage":9,"enemies":"Jaw Worm","floor":1,"turns":4},{"damage":4,"enemies":"2 Louse","floor":2,"turns":3},{"damage":2,"enemies":"Cultist","floor":4,"turns":3},{"damage":40,"enemies":"Gremlin Nob","floor":7,"turns":5},{"damage":28,"enemies":"Exordium Thugs","floor":11,"turns":4},{"damage":45,"enemies":"3 Sentries","floor":13,"turns":8},{"damage":12,"enemies":"Gremlin Gang","floor":14,"turns":4}],"seed_played":"662938287179161105","potions_obtained":[{"floor":1,"key":"Fruit Juice"},{"floor":4,"key":"Regen Potion"},{"floor":13,"key":"Swift Potion"}],"is_trial":false,"path_per_floor":["M","M","?","M","$","?","E","?","T","R","M","$","E","M"],"character_chosen":"IRONCLAD","items_purchased":["Barricade"],"campfire_rested":0,"item_purchase_floors":[5],"current_hp_per_floor":[69,71,68,72,72,72,38,56,56,56,46,46,7,0],"gold":55,"neow_bonus":"UPGRADE_CARD","is_prod":false,"is_daily":false,"chose_seed":false,"campfire_upgraded":1,"win_rate":0,"timestamp":1552759399,"path_taken":["M","M","?","M","$","?","E","?","T","R","M","?","E","M"],"build_version":"2019-01-23","purchased_purges":1,"victory":false,"max_hp_per_floor":[80,80,80,80,80,74,74,74,74,74,74,74,74,79],"card_choices":[{"not_picked":["Pummel","Havoc"],"picked":"Combust","floor":1},{"not_picked":["Combust","Warcry"],"picked":"Uppercut","floor":2},{"not_picked":["Second Wind","Anger"],"picked":"Corruption","floor":4},{"not_picked":["Shrug It Off","Clash"],"picked":"Dropkick","floor":7},{"not_picked":["Armaments","Headbutt","Wild Strike"],"picked":"Evolve","floor":11},{"not_picked":["Heavy Blade","Iron Wave","Sword Boomerang"],"picked":"Armaments","floor":13}],"player_experience":637134,"relics_obtained":[{"floor":7,"key":"Juzu Bracelet"},{"floor":9,"key":"Question Card"},{"floor":13,"key":"Bottled Tornado"}],"event_choices":[{"damage_healed":0,"gold_gain":0,"player_choice":"Success","damage_taken":3,"relics_obtained":["Nunchaku"],"max_hp_gain":0,"max_hp_loss":0,"event_name":"Scrap Ooze","floor":3,"gold_loss":0},{"damage_healed":0,"gold_gain":0,"player_choice":"Lose Max HP","damage_taken":0,"relics_obtained":["Golden Idol"],"max_hp_gain":0,"max_hp_loss":6,"event_name":"Golden Idol","floor":6,"gold_loss":0},{"damage_healed":18,"gold_gain":0,"player_choice":"Healed","damage_taken":0,"max_hp_gain":0,"max_hp_loss":0,"event_name":"The Cleric","floor":8,"gold_loss":35}],"is_beta":false,"boss_relics":[],"items_purged_floors":[5],"is_endless":false,"potions_floor_spawned":[1,4,13],"killed_by":"Gremlin Gang","ascension_level":11}