{"gold_per_floor":[118,118,134,2,26,61,74,100,100,116,149,164,164,189,189,267,267,281,296,296,18,18,44,69,104,134,134,160,160],"floor_reached":29,"playtime":1959,"items_purged":[],"score":664,"play_id":"77bd9508-75a6-4d5e-87f6-05d5ad1efaf7","local_time":"20190411213629","is_ascension_mode":true,"campfire_choices":[{"data":"Bash","floor":13.0,"key":"SMITH"},{"data":"Armaments","floor":15.0,"key":"SMITH"},{"floor":27.0,"key":"REST"}],"neow_cost":"NONE","seed_source_timestamp":2025247555624,"circlet_count":0,"master_deck":["AscendersBane","Strike_R","Strike_R","Strike_R","Strike_R","Strike_R","Defend_R","Defend_R","Defend_R","Defend_R","Bash+1","Anger","Whirlwind","Armaments+1","Reaper","Shrug It Off","Rage","Rampage","Combust+1","Rupture+1","Shrug It Off","Fiend Fire","Uppercut","Corruption+1","Sentinel","Feed","Limit Break","Dark Embrace+1"],"special_seed":0,"relics":["Burning Blood","Omamori","Frozen Egg 2","Smiling Mask","Charon\u0027s Ashes","Orichalcum","Bottled Tornado","Fusion Hammer","Nloth\u0027s Gift","Membership Card","Pantograph","WingedGreaves","Ornamental Fan","Lantern","Tiny Chest","Strawberry"],"potions_floor_usage":[29],"damage_taken":[{"damage":0.0,"enemies":"Jaw Worm","floor":1.0,"turns":1.0},{"damage":0.0,"enemies":"Cultist","floor":3.0,"turns":1.0},{"damage":0.0,"enemies":"Lagavulin","floor":6.0,"turns":1.0},{"damage":8.0,"enemies":"2 Louse","floor":7.0,"turns":3.0},{"damage":30.0,"enemies":"Gremlin Nob","floor":8.0,"turns":4.0},{"damage":9.0,"enemies":"Exordium Wildlife","floor":10.0,"turns":4.0},{"damage":24.0,"enemies":"3 Sentries","floor":11.0,"turns":5.0},{"damage":2.0,"enemies":"2 Fungi Beasts","floor":12.0,"turns":2.0},{"damage":25.0,"enemies":"Lagavulin","floor":14.0,"turns":7.0},{"damage":19.0,"enemies":"Hexaghost","floor":16.0,"turns":9.0},{"damage":11.0,"enemies":"3 Byrds","floor":18.0,"turns":3.0},{"damage":7.0,"enemies":"Spheric Guardian","floor":19.0,"turns":3.0},{"damage":4.0,"enemies":"Gremlin Leader","floor":23.0,"turns":5.0},{"damage":44.0,"enemies":"Book of Stabbing","floor":24.0,"turns":5.0},{"damage":34.0,"enemies":"Slavers","floor":25.0,"turns":4.0},{"damage":51,"enemies":"Book of Stabbing","floor":29,"turns":4}],"seed_played":"-1885691556427161517","potions_obtained":[{"floor":7.0,"key":"PowerPotion"},{"floor":8.0,"key":"Explosive Potion"},{"floor":10.0,"key":"GamblersBrew"},{"floor":11.0,"key":"AttackPotion"},{"floor":12.0,"key":"Weak Potion"},{"floor":23.0,"key":"GamblersBrew"}],"is_trial":false,"path_per_floor":["M","?","M","$","T","E","M","E","T","M","E","M","R","E","R","B",null,"M","M","?","$","T","E","E","E","T","R","T","E"],"character_chosen":"IRONCLAD","items_purchased":["Whirlwind","Armaments","Membership Card","Corruption+1","Sentinel"],"campfire_rested":1,"item_purchase_floors":[4,4,21,21,21],"current_hp_per_floor":[74,63,69,69,69,75,73,49,49,54,48,52,52,39,39,36,65,66,65,65,65,65,75,37,16,16,39,46,0],"gold":160,"neow_bonus":"THREE_ENEMY_KILL","is_prod":false,"is_daily":false,"chose_seed":false,"campfire_upgraded":2,"win_rate":0,"timestamp":1555014989,"path_taken":["M","?","M","$","?","E","M","E","T","M","E","M","R","E","R","BOSS","M","M","?","$","?","E","E","E","T","R","?","E"],"build_version":"2019-01-23","purchased_purges":0,"victory":false,"max_hp_per_floor":[75,75,75,75,75,75,75,75,75,75,75,75,75,75,75,75,75,75,75,75,75,75,75,75,78,78,78,85,85],"card_choices":[{"not_picked":["Clash","Iron Wave","Heavy Blade"],"picked":"SKIP","floor":1.0},{"not_picked":["Flex","Heavy Blade"],"picked":"Anger","floor":3.0},{"not_picked":["Pommel Strike","Headbutt"],"picked":"Reaper","floor":6.0},{"not_picked":["Entrench","Flex"],"picked":"Shrug It Off","floor":7.0},{"not_picked":["Sword Boomerang","Body Slam"],"picked":"Rage","floor":8.0},{"not_picked":["Whirlwind","Shrug It Off"],"picked":"Rampage","floor":10.0},{"not_picked":["Headbutt","Heavy Blade"],"picked":"Combust+1","floor":11.0},{"not_picked":["Headbutt","Searing Blow"],"picked":"Rupture+1","floor":12.0},{"not_picked":["Bludgeon","Thunderclap"],"picked":"Shrug It Off","floor":14.0},{"not_picked":["Reaper","Immolate"],"picked":"Fiend Fire","floor":16.0},{"not_picked":["Whirlwind","Cleave"],"picked":"Uppercut","floor":18.0},{"not_picked":["Heavy Blade","Anger","Bloodletting"],"picked":"SKIP","floor":19.0},{"not_picked":["Iron Wave","Reckless Charge"],"picked":"Feed","floor":23.0},{"not_picked":["Flex+1","True Grit"],"picked":"Limit Break","floor":24.0},{"not_picked":["Cleave","Sword Boomerang"],"picked":"Dark Embrace+1","floor":25.0}],"player_experience":776396,"relics_obtained":[{"floor":5.0,"key":"Omamori"},{"floor":6.0,"key":"Frozen Egg 2"},{"floor":8.0,"key":"Smiling Mask"},{"floor":9.0,"key":"Charon\u0027s Ashes"},{"floor":11.0,"key":"Orichalcum"},{"floor":14.0,"key":"Bottled Tornado"},{"floor":22.0,"key":"Pantograph"},{"floor":23.0,"key":"WingedGreaves"},{"floor":24.0,"key":"Ornamental Fan"},{"floor":25.0,"key":"Lantern"},{"floor":26.0,"key":"Tiny Chest"},{"floor":28.0,"key":"Strawberry"}],"event_choices":[{"damage_healed":0.0,"max_hp_gain":0.0,"max_hp_loss":0.0,"gold_gain":0.0,"event_name":"Wheel of Change","player_choice":"Damaged","floor":2.0,"gold_loss":0.0,"damage_taken":11.0},{"damage_healed":0.0,"max_hp_gain":0.0,"max_hp_loss":0.0,"gold_gain":0.0,"event_name":"N\u0027loth","player_choice":"Traded Relic","floor":20.0,"relics_lost":["NeowsBlessing"],"gold_loss":0.0,"damage_taken":0.0,"relics_obtained":["Nloth\u0027s Gift"]}],"is_beta":false,"boss_relics":[{"not_picked":["Pandora\u0027s Box","Black Star"],"picked":"Fusion Hammer"}],"items_purged_floors":[],"is_endless":false,"potions_floor_spawned":[7,8,10,11,12,23],"killed_by":"Book of Stabbing","ascension_level":17}