{"path_per_floor":["M","?","M","M","M","R","M","R","T","E","M","R","M","M","R"],"character_chosen":"THE_SILENT","items_purchased":[],"gold_per_floor":[118,118,132,146,162,162,174,174,174,203,220,220,236,254,254],"floor_reached":16,"campfire_rested":1,"playtime":1693,"current_hp_per_floor":[67,67,62,57,47,47,36,36,36,8,8,29,29,23,23],"items_purged":[],"gold":254,"play_id":"ec8cebca-d080-425e-a38c-5d8f19cecab4","is_prod":false,"is_daily":false,"is_ascension_mode":false,"campfire_upgraded":3,"path_taken":["M","?","?","M","M","R","M","R","T","E","M","R","M","M","R","BOSS"],"build_version":"2018-02-01-PROD3","purchased_purges":0,"victory":false,"master_deck":["Defend_G","Defend_G","Defend_G","Defend_G","Defend_G","Strike_G","Strike_G","Strike_G","Strike_G","Strike_G","Survivor","Neutralize","Dagger Spray+1","Deadly Poison","Finisher","Venomology","Calculated Gamble+1","PiercingWail","Acrobatics","Infinite Blades","Backflip+1"],"max_hp_per_floor":[70,70,70,70,70,70,70,70,70,70,70,70,70,70,70],"relics":["Ring of the Snake","Bottled Flame","Mercury Hourglass"],"card_choices":[{"not_picked":["Slice","Dodge and Roll"],"picked":"Dagger Spray"},{"not_picked":["Slice","Acrobatics"],"picked":"Deadly Poison"},{"not_picked":["Dagger Throw","Slice"],"picked":"Finisher"},{"not_picked":["Dagger Spray","Flying Knee"],"picked":"Venomology"},{"not_picked":["Dodge and Roll","Sucker Punch"],"picked":"Calculated Gamble"},{"not_picked":["Dagger Throw","Caltrops"],"picked":"PiercingWail"},{"not_picked":["Slice","Malaise"],"picked":"Acrobatics"},{"not_picked":["Dagger Throw","Sucker Punch"],"picked":"Infinite Blades"},{"not_picked":["Acrobatics","Footwork"],"picked":"Backflip"}],"player_experience":25866,"potions_floor_usage":[10,11,16,16],"damage_taken":[{"damage":3,"enemies":"2 Louse","floor":1,"turns":2},{"damage":5,"enemies":"Blue Slaver","floor":3,"turns":6},{"damage":5,"enemies":"Small Slimes","floor":4,"turns":4},{"damage":10,"enemies":"Looter","floor":5,"turns":3},{"damage":11,"enemies":"Exordium Thugs","floor":7,"turns":6},{"damage":28,"enemies":"Gremlin Nob","floor":10,"turns":4},{"damage":0,"enemies":"Large Slime","floor":11,"turns":4},{"damage":0,"enemies":"3 Louse","floor":13,"turns":2},{"damage":6,"enemies":"Exordium Wildlife","floor":14,"turns":2},{"damage":40,"enemies":"Hexaghost","floor":16,"turns":9}],"event_choices":[{"event_name":"The Woman in Blue","player_choice":"Bought 0 Potions","floor":2,"damage_taken":0}],"boss_relics":[],"potions_floor_spawned":[3,11,14],"seed_played":"-3981342505539205410","killed_by":"Hexaghost","ascension_level":0,"is_trial":false}