{"gold_per_floor":[118,9,23,23,35,66,13,13,37,56,71,71,87,122,122,122],"floor_reached":16,"playtime":1166,"items_purged":[],"score":129,"play_id":"04aecc92-6463-4df3-b5c1-7707fe4fce67","local_time":"20190816221216","is_ascension_mode":true,"campfire_choices":[{"floor":8,"key":"REST"},{"data":"Dodge and Roll","floor":12,"key":"SMITH"},{"data":"Envenom","floor":15,"key":"SMITH"}],"neow_cost":"NONE","seed_source_timestamp":670573499084078,"circlet_count":0,"master_deck":["Strike_G","Strike_G","Strike_G","Strike_G","Strike_G","Defend_G+1","Defend_G","Defend_G","Defend_G","Defend_G+1","Survivor","Neutralize","Dash","Backstab","Deadly Poison","Flechettes","Dagger Spray","Dodge and Roll+1","Terror","Backflip","Envenom+1"],"relics":["Ring of the Snake","War Paint","Omamori","Gambling Chip","Regal Pillow","Strawberry"],"potions_floor_usage":[16,16,16],"damage_taken":[{"damage":0,"enemies":"Small Slimes","floor":1,"turns":4},{"damage":0,"enemies":"Cultist","floor":3,"turns":3},{"damage":0,"enemies":"2 Louse","floor":5,"turns":2},{"damage":26,"enemies":"Gremlin Nob","floor":6,"turns":5},{"damage":3,"enemies":"Exordium Wildlife","floor":10,"turns":4},{"damage":0,"enemies":"3 Louse","floor":11,"turns":3},{"damage":3,"enemies":"Exordium Thugs","floor":13,"turns":4},{"damage":6,"enemies":"3 Sentries","floor":14,"turns":8},{"damage":66,"enemies":"Slime Boss","floor":16,"turns":15}],"seed_played":"3913859426472325811","potions_obtained":[{"floor":5,"key":"Energy Potion"},{"floor":10,"key":"FearPotion"},{"floor":13,"key":"Dexterity Potion"}],"is_trial":false,"path_per_floor":["M","?","M","$","M","E","$","R","T","M","M","R","M","E","R","B"],"character_chosen":"THE_SILENT","items_purchased":["Dagger Spray"],"campfire_rested":1,"item_purchase_floors":[7],"current_hp_per_floor":[70,70,70,70,70,44,44,65,65,62,62,62,59,60,60,0],"gold":122,"neow_bonus":"RANDOM_COMMON_RELIC","is_prod":false,"is_daily":false,"chose_seed":false,"campfire_upgraded":2,"win_rate":0,"timestamp":1565986336,"path_taken":["M","?","M","$","M","E","?","R","T","M","M","R","?","E","R","BOSS"],"build_version":"2019-07-17","purchased_purges":0,"victory":false,"max_hp_per_floor":[70,70,70,70,70,70,70,70,70,70,70,70,70,77,77,77],"card_choices":[{"not_picked":["Deflect","Distraction"],"picked":"Dash","floor":1},{"not_picked":["Riddle With Holes","Prepared"],"picked":"Backstab","floor":3},{"not_picked":["Blade Dance","Prepared"],"picked":"Deadly Poison","floor":5},{"not_picked":["Deadly Poison","Underhanded Strike"],"picked":"Flechettes","floor":6},{"not_picked":["Flying Knee","Glass Knife"],"picked":"Dodge and Roll","floor":10},{"not_picked":["Cloak And Dagger","All Out Attack"],"picked":"Terror","floor":11},{"not_picked":["All Out Attack","Outmaneuver"],"picked":"Backflip","floor":13},{"not_picked":["Venomology","Cloak And Dagger"],"picked":"Envenom","floor":14}],"player_experience":117441,"relics_obtained":[{"floor":6,"key":"Gambling Chip"},{"floor":9,"key":"Regal Pillow"},{"floor":14,"key":"Strawberry"}],"event_choices":[{"damage_healed":0,"gold_gain":0,"player_choice":"Paid Gold","damage_taken":0,"relics_obtained":["Omamori"],"max_hp_gain":0,"max_hp_loss":0,"event_name":"WeMeetAgain","floor":2,"gold_loss":109}],"is_beta":false,"boss_relics":[],"items_purged_floors":[],"is_endless":false,"potions_floor_spawned":[5,10,13],"killed_by":"Slime Boss","ascension_level":3}