{"gold_per_floor":[115,40,58,58,76,76,102,116,116,129,129],"floor_reached":11,"playtime":477,"items_purged":["Strike_G"],"score":109,"play_id":"7ccafbc1-de5b-47b6-905c-1edeeb81edda","local_time":"20190722205201","is_ascension_mode":true,"campfire_choices":[{"data":"Neutralize","floor":6,"key":"SMITH"}],"neow_cost":"NONE","seed_source_timestamp":109020013390100,"circlet_count":0,"master_deck":["Strike_G","Strike_G","Strike_G","Defend_G","Defend_G","Defend_G","Defend_G","Defend_G","Survivor","Neutralize+1","Backstab","Well Laid Plans","Dagger Spray","Dagger Throw","Outmaneuver","Deflect"],"relics":["Ring of the Snake","Bottled Tornado","Kunai"],"potions_floor_usage":[8],"damage_taken":[{"damage":1,"enemies":"Cultist","floor":1,"turns":5},{"damage":0,"enemies":"2 Louse","floor":3,"turns":3},{"damage":6,"enemies":"Jaw Worm","floor":5,"turns":5},{"damage":26,"enemies":"Gremlin Nob","floor":7,"turns":5},{"damage":8,"enemies":"Exordium Thugs","floor":8,"turns":4},{"damage":4,"enemies":"Lots of Slimes","floor":10,"turns":3},{"damage":18,"enemies":"Lagavulin","floor":11,"turns":9}],"seed_played":"-2250269383997197525","potions_obtained":[{"floor":5,"key":"Explosive Potion"}],"is_trial":false,"path_per_floor":["M","$","M","?","M","R","E","M","T","M","E"],"character_chosen":"THE_SILENT","items_purchased":[],"campfire_rested":0,"item_purchase_floors":[],"current_hp_per_floor":[62,62,62,62,56,56,30,22,22,18,0],"gold":129,"neow_bonus":"REMOVE_CARD","is_prod":false,"is_daily":false,"chose_seed":false,"campfire_upgraded":1,"win_rate":0,"timestamp":1563843121,"path_taken":["M","$","?","?","M","R","E","M","T","M","E"],"build_version":"2019-07-17","purchased_purges":1,"victory":false,"max_hp_per_floor":[70,70,70,70,70,70,70,70,70,70,70],"card_choices":[{"not_picked":["Flying Knee","Deadly Poison"],"picked":"Backstab","floor":1},{"not_picked":["Underhanded Strike","Phantasmal Killer"],"picked":"Well Laid Plans","floor":3},{"not_picked":["Catalyst","Blur"],"picked":"Dagger Spray","floor":5},{"not_picked":["Poisoned Stab","Escape Plan"],"picked":"Dagger Throw","floor":7},{"not_picked":["Poisoned Stab","Dagger Spray"],"picked":"Outmaneuver","floor":8},{"not_picked":["Escape Plan","Dagger Spray"],"picked":"Deflect","floor":10}],"player_experience":498776,"relics_obtained":[{"floor":7,"key":"Bottled Tornado"},{"floor":9,"key":"Kunai"}],"event_choices":[{"damage_healed":0,"gold_gain":0,"player_choice":"Ignored","damage_taken":0,"max_hp_gain":0,"max_hp_loss":0,"event_name":"Liars Game","floor":4,"gold_loss":0}],"is_beta":false,"boss_relics":[],"items_purged_floors":[2],"is_endless":false,"potions_floor_spawned":[5],"killed_by":"Lagavulin","ascension_level":9}