{"gold_per_floor":[109,109,284,284,4,38,38,38,106,106,116,142,3,3,3,80,80,94,94,107,107,124,124,156,174,174,203,203,303,329,244,244,319,319,334,379,398,411,424,454,454,487,487,499,531,558,38,53,53,53],"floor_reached":51,"playtime":3391,"items_purged":["Doubt","Strike_R","Strike_R"],"score":1497,"play_id":"eef63b2e-2d8c-4cad-820e-68eaf7604413","local_time":"20190330204427","is_ascension_mode":true,"campfire_choices":[{"data":"Whirlwind","floor":8,"key":"SMITH"},{"data":"Bash","floor":10,"key":"SMITH"},{"data":"Battle Trance","floor":15,"key":"SMITH"},{"data":"Flex","floor":23,"key":"SMITH"},{"data":"Double Tap","floor":28,"key":"SMITH"},{"data":"Battle Trance","floor":32,"key":"SMITH"},{"floor":49,"key":"RECALL"}],"neow_cost":"NONE","seed_source_timestamp":164715992473353,"circlet_count":0,"master_deck":["AscendersBane","Strike_R","Strike_R","Defend_R","Defend_R","Defend_R","Defend_R","Bash+1","Whirlwind+1","Pummel+1","Double Tap+1","True Grit","Battle Trance+1","Pommel Strike+1","Battle Trance+1","Fiend Fire+1","Uppercut+1","Flex+1","Second Wind","Feel No Pain","Thunderclap+1","Disarm","Shrug It Off","Barricade+1","Corruption+1","True Grit+1","Master of Strategy","Entrench","Reaper+1","Corruption+1","Sentinel"],"relics":["Burning Blood","NeowsBlessing","Chemical X","Molten Egg 2","Gremlin Horn","Charon\u0027s Ashes","Pantograph","Sozu","Pear","Bottled Lightning","Frozen Egg 2","Turnip","Kunai","Sundial","Shuriken","Fusion Hammer","Pocketwatch","Oddly Smooth Stone","Ancient Tea Set","Question Card","MawBank","Brimstone"],"potions_floor_usage":[22],"damage_taken":[{"damage":0,"enemies":"2 Louse","floor":1,"turns":1},{"damage":0,"enemies":"Lagavulin","floor":6,"turns":1},{"damage":0,"enemies":"Small Slimes","floor":11,"turns":1},{"damage":0,"enemies":"3 Sentries","floor":12,"turns":1},{"damage":59,"enemies":"The Guardian","floor":16,"turns":6},{"damage":2,"enemies":"Shell Parasite","floor":18,"turns":2},{"damage":0,"enemies":"3 Byrds","floor":20,"turns":2},{"damage":0,"enemies":"Centurion and Healer","floor":22,"turns":1},{"damage":18,"enemies":"Book of Stabbing","floor":24,"turns":3},{"damage":0,"enemies":"Snecko","floor":25,"turns":2},{"damage":0,"enemies":"Slavers","floor":27,"turns":1},{"damage":0,"enemies":"Colosseum Slavers","floor":29,"turns":2},{"damage":0,"enemies":"Colosseum Nobs","floor":29,"turns":1},{"damage":4,"enemies":"Book of Stabbing","floor":30,"turns":4},{"damage":36,"enemies":"Automaton","floor":33,"turns":5},{"damage":0,"enemies":"3 Darklings","floor":35,"turns":1},{"damage":35,"enemies":"2 Orb Walkers","floor":36,"turns":3},{"damage":0,"enemies":"3 Shapes","floor":37,"turns":3},{"damage":0,"enemies":"Spire Growth","floor":38,"turns":2},{"damage":0,"enemies":"Sphere and 2 Shapes","floor":39,"turns":1},{"damage":0,"enemies":"Giant Head","floor":40,"turns":5},{"damage":11,"enemies":"Reptomancer","floor":42,"turns":3},{"damage":9,"enemies":"Jaw Worm Horde","floor":44,"turns":2},{"damage":9,"enemies":"Giant Head","floor":45,"turns":5},{"damage":1,"enemies":"Transient","floor":46,"turns":5},{"damage":0,"enemies":"3 Darklings","floor":48,"turns":2},{"damage":13,"enemies":"Donu and Deca","floor":50,"turns":5}],"seed_played":"4879932680612156720","potions_obtained":[{"floor":11,"key":"EntropicBrew"}],"is_trial":false,"path_per_floor":["M","?","?","?","$","E","?","R","T","R","M","E","$","T","R","B",null,"M","?","M","?","M","R","E","M","T","E","R","?","E","?","R","B",null,"M","?","M","M","M","E","?","E","T","M","E","M","$","M","R","B",null],"character_chosen":"IRONCLAD","items_purchased":["Chemical X","Battle Trance","Reaper+1","Brimstone","Corruption+1"],"campfire_rested":0,"item_purchase_floors":[5,13,47,47,47],"current_hp_per_floor":[74,74,74,79,79,80,80,80,80,80,80,80,80,80,80,27,67,71,71,77,62,68,68,66,72,72,78,78,90,92,92,92,65,88,94,65,71,77,83,89,89,84,84,81,78,83,83,95,95,95],"gold":53,"neow_bonus":"THREE_ENEMY_KILL","is_prod":false,"is_daily":false,"chose_seed":false,"campfire_upgraded":6,"win_rate":0,"timestamp":1553978667,"path_taken":["M","?","?","?","$","E","?","R","T","R","?","E","$","?","R","BOSS","M","?","M","?","M","R","E","M","T","E","R","?","E","?","R","BOSS","M","?","M","M","M","E","?","E","T","M","E","M","$","M","R","BOSS"],"build_version":"2019-01-23","purchased_purges":3,"victory":true,"max_hp_per_floor":[75,75,75,80,80,80,80,80,80,80,80,80,80,80,80,80,80,80,80,80,85,85,85,95,95,95,95,95,95,95,95,95,95,95,95,95,95,95,95,95,95,95,95,95,95,95,95,95,95,95],"card_choices":[{"not_picked":["Wild Strike","Thunderclap","Warcry"],"picked":"SKIP","floor":1},{"not_picked":["Perfected Strike","Sword Boomerang"],"picked":"Pummel","floor":6},{"not_picked":["Twin Strike+1","Clothesline+1"],"picked":"Battle Trance","floor":11},{"not_picked":["Body Slam+1","Wild Strike+1"],"picked":"Pommel Strike+1","floor":12},{"not_picked":["Immolate+1","Juggernaut"],"picked":"Fiend Fire+1","floor":16},{"not_picked":["Burning Pact","Twin Strike+1"],"picked":"Uppercut+1","floor":18},{"not_picked":["Iron Wave+1","Clash+1"],"picked":"Flex","floor":20},{"not_picked":["Infernal Blade","True Grit"],"picked":"Second Wind","floor":22},{"not_picked":["Whirlwind+1","Headbutt+1"],"picked":"Feel No Pain","floor":24},{"not_picked":["Metallicize","Immolate+1"],"picked":"Thunderclap+1","floor":25},{"not_picked":["Twin Strike+1","Iron Wave+1"],"picked":"Disarm","floor":27},{"not_picked":["Dual Wield","Uppercut+1"],"picked":"Shrug It Off","floor":30},{"not_picked":["Immolate+1","Dark Embrace+1"],"picked":"Barricade+1","floor":33},{"not_picked":["Wild Strike+1","Ghostly Armor","Armaments"],"picked":"SKIP","floor":35},{"not_picked":["Inflame+1","Feel No Pain+1"],"picked":"Corruption+1","floor":37},{"not_picked":["Sword Boomerang+1","Headbutt+1","Burning Pact"],"picked":"SKIP","floor":38},{"not_picked":["Intimidate","Havoc"],"picked":"True Grit+1","floor":39},{"not_picked":["Sword Boomerang+1","Blood for Blood+1","Flex"],"picked":"SKIP","floor":40},{"not_picked":["Purity","Swift Strike+1"],"picked":"Master of Strategy","floor":41},{"not_picked":["Warcry","Flex","Combust+1"],"picked":"SKIP","floor":42},{"not_picked":["Cleave+1","Rampage+1","Twin Strike+1","Seeing Red+1"],"picked":"SKIP","floor":44},{"not_picked":["Bludgeon+1","Rampage+1","Sword Boomerang+1"],"picked":"Entrench","floor":45},{"not_picked":["Burning Pact","Fire Breathing+1","Anger+1","Cleave+1"],"picked":"SKIP","floor":46},{"not_picked":["Warcry","Headbutt+1","Blood for Blood+1"],"picked":"Sentinel","floor":48}],"player_experience":702482,"relics_obtained":[{"floor":6,"key":"Molten Egg 2"},{"floor":9,"key":"Gremlin Horn"},{"floor":12,"key":"Charon\u0027s Ashes"},{"floor":14,"key":"Pantograph"},{"floor":24,"key":"Pear"},{"floor":26,"key":"Bottled Lightning"},{"floor":27,"key":"Frozen Egg 2"},{"floor":29,"key":"Turnip"},{"floor":29,"key":"Kunai"},{"floor":30,"key":"Sundial"},{"floor":36,"key":"Pocketwatch"},{"floor":40,"key":"Oddly Smooth Stone"},{"floor":42,"key":"Ancient Tea Set"},{"floor":43,"key":"Question Card"},{"floor":45,"key":"MawBank"}],"event_choices":[{"damage_healed":0,"gold_gain":0,"cards_transformed":["Strike_R"],"player_choice":"Change","damage_taken":0,"max_hp_gain":0,"max_hp_loss":0,"event_name":"Living Wall","floor":2,"gold_loss":0,"cards_obtained":["Whirlwind"]},{"damage_healed":0,"gold_gain":175,"player_choice":"AGREE","damage_taken":0,"max_hp_gain":0,"max_hp_loss":0,"event_name":"Liars Game","floor":3,"gold_loss":0,"cards_obtained":["Doubt"]},{"damage_healed":0,"gold_gain":0,"player_choice":"Donut","damage_taken":0,"max_hp_gain":5,"max_hp_loss":0,"event_name":"Big Fish","floor":4,"gold_loss":0},{"damage_healed":0,"gold_gain":0,"player_choice":"2 cards matched","damage_taken":0,"max_hp_gain":0,"max_hp_loss":0,"event_name":"Match and Keep!","floor":7,"gold_loss":0,"cards_obtained":["Double Tap","True Grit"]},{"damage_healed":0,"gold_gain":0,"player_choice":"Ignored","damage_taken":0,"max_hp_gain":0,"max_hp_loss":0,"event_name":"The Mausoleum","floor":19,"gold_loss":0},{"damage_healed":0,"gold_gain":0,"player_choice":"Shed Blood","damage_taken":20,"max_hp_gain":5,"max_hp_loss":0,"event_name":"Forgotten Altar","floor":21,"gold_loss":0},{"damage_healed":0,"gold_gain":0,"player_choice":"Fight","damage_taken":0,"max_hp_gain":0,"max_hp_loss":0,"event_name":"Colosseum","floor":29,"gold_loss":0},{"damage_healed":0,"gold_gain":0,"player_choice":"Fought Nobs","damage_taken":0,"max_hp_gain":0,"max_hp_loss":0,"event_name":"Colosseum","floor":29,"gold_loss":0},{"damage_healed":0,"gold_gain":0,"player_choice":"Obtained Relic","damage_taken":0,"relics_obtained":["Shuriken"],"max_hp_gain":0,"max_hp_loss":0,"event_name":"Addict","floor":31,"gold_loss":85},{"damage_healed":0,"gold_gain":0,"player_choice":"Fight","damage_taken":0,"max_hp_gain":0,"max_hp_loss":0,"event_name":"Mysterious Sphere","floor":36,"gold_loss":0},{"damage_healed":0,"gold_gain":0,"player_choice":"Memory 1","damage_taken":0,"max_hp_gain":0,"max_hp_loss":0,"event_name":"SensoryStone","floor":41,"gold_loss":0}],"is_beta":false,"boss_relics":[{"not_picked":["Runic Cube","Runic Dome"],"picked":"Sozu"},{"not_picked":["Cursed Key","Eternal Feather"],"picked":"Fusion Hammer"}],"items_purged_floors":[5,13,47],"is_endless":false,"potions_floor_spawned":[11,20,24,29,29,37,39,40,44,45],"ascension_level":14}