{"gold_per_floor":[109,127,143,143,157,189,189,215,239,250,268,17,17,17,17,17],"floor_reached":16,"playtime":739,"items_purged":[],"score":112,"play_id":"22e827f0-8feb-4959-add5-22584a15ad2c","local_time":"20190105150035","is_ascension_mode":false,"campfire_choices":[{"floor":7,"key":"RECALL"},{"floor":13,"key":"REST"},{"data":"Burst","floor":15,"key":"SMITH"}],"neow_cost":"NONE","seed_source_timestamp":572113161124673,"circlet_count":0,"master_deck":["Defend_G","Defend_G","Defend_G","Defend_G","Defend_G","Strike_G","Strike_G","Strike_G","Strike_G","Strike_G","Survivor","Neutralize","Cloak And Dagger+1","Quick Slash","PiercingWail","Deadly Poison","Flying Knee","Burst+1","Dodge and Roll","Deadly Poison"],"relics":["Ring of the Snake","Orichalcum","Gremlin Horn","Omamori","Molten Egg 2"],"potions_floor_usage":[6,11,16],"damage_taken":[{"damage":0,"enemies":"Cultist","floor":1,"turns":5},{"damage":1,"enemies":"Jaw Worm","floor":2,"turns":5},{"damage":2,"enemies":"Small Slimes","floor":3,"turns":3},{"damage":2,"enemies":"Blue Slaver","floor":5,"turns":4},{"damage":16,"enemies":"3 Sentries","floor":6,"turns":6},{"damage":34,"enemies":"Lagavulin","floor":8,"turns":8},{"damage":4,"enemies":"Looter","floor":10,"turns":3},{"damage":10,"enemies":"Large Slime","floor":11,"turns":7},{"damage":28,"enemies":"Slime Boss","floor":16,"turns":8}],"seed_played":"-1963485079002878512","potions_obtained":[{"floor":3,"key":"Dexterity Potion"},{"floor":5,"key":"Explosive Potion"},{"floor":10,"key":"Poison Potion"}],"is_trial":false,"path_per_floor":["M","M","M","?","M","E","R","E","T","M","M","$","R","?","R","B"],"character_chosen":"THE_SILENT","items_purchased":["Molten Egg 2"],"campfire_rested":1,"item_purchase_floors":[12],"current_hp_per_floor":[70,69,67,67,65,49,49,15,15,11,1,1,22,22,22,0],"gold":17,"neow_bonus":"RANDOM_COMMON_RELIC","is_prod":false,"is_daily":false,"chose_seed":false,"campfire_upgraded":1,"win_rate":0,"timestamp":1546700435,"path_taken":["M","M","?","?","M","E","R","E","T","M","?","$","R","?","R","BOSS"],"build_version":"2019-01-03v4","purchased_purges":0,"victory":false,"max_hp_per_floor":[70,70,70,70,70,70,70,70,70,70,70,70,70,70,70,70],"card_choices":[{"not_picked":["Slice","Calculated Gamble"],"picked":"Cloak And Dagger","floor":1},{"not_picked":["Well Laid Plans","Expertise"],"picked":"Quick Slash","floor":2},{"not_picked":["Setup","Riddle With Holes"],"picked":"PiercingWail","floor":3},{"not_picked":["Deflect","Reflex"],"picked":"Deadly Poison","floor":5},{"not_picked":["Dodge and Roll","Finisher"],"picked":"Flying Knee","floor":6},{"not_picked":["Reflex","Accuracy"],"picked":"Burst","floor":8},{"not_picked":["Catalyst","Deflect"],"picked":"Dodge and Roll","floor":10},{"not_picked":["Dagger Spray","Dagger Throw"],"picked":"Deadly Poison","floor":11}],"player_experience":436818,"relics_obtained":[{"floor":6,"key":"Gremlin Horn"},{"floor":8,"key":"Omamori"}],"event_choices":[{"damage_healed":0,"gold_gain":0,"player_choice":"Forge","damage_taken":0,"max_hp_gain":0,"max_hp_loss":0,"event_name":"Accursed Blacksmith","floor":4,"gold_loss":0,"cards_upgraded":["Cloak And Dagger"]},{"damage_healed":0,"gold_gain":0,"player_choice":"Leave","damage_taken":0,"max_hp_gain":0,"max_hp_loss":0,"event_name":"The Cleric","floor":14,"gold_loss":0}],"is_beta":false,"boss_relics":[],"items_purged_floors":[],"is_endless":false,"potions_floor_spawned":[3,5,10],"killed_by":"Slime Boss","ascension_level":0}