{"path_per_floor":["M","?","M","$","?","E","?","M","T","R","E","R","M","M","R","B",null,"M","M","?","?","M","$","E","M","T","R","T","R","E","M","R","B",null,"M","?","M","M","$","E","M","$","T","R","$","?","M","T","R","B"],"character_chosen":"THE_SILENT","items_purchased":["Snake Skull","Poisoned Stab","Noxious Fumes","Footwork","Letter Opener","Flash of Steel","Footwork"],"gold_per_floor":[118,193,211,40,40,67,67,82,82,82,109,109,119,134,134,238,238,251,265,265,265,278,168,195,206,506,506,506,506,540,554,554,649,649,664,664,678,695,178,210,225,59,116,116,116,116,131,206,206,206],"floor_reached":51,"campfire_rested":1,"playtime":3466,"current_hp_per_floor":[70,59,50,50,43,27,27,27,27,27,2,23,23,25,25,16,72,72,73,73,73,75,75,75,68,68,68,75,75,70,48,48,40,101,95,95,95,95,95,96,96,96,96,96,96,96,96,96,96,71],"items_purged":["Strike_G","Strike_G","Strike_G"],"gold":206,"score":650,"play_id":"43b866d0-a130-4537-ba73-514be7317b7c","is_prod":false,"is_daily":false,"is_ascension_mode":false,"campfire_upgraded":7,"path_taken":["M","?","M","$","?","E","?","?","T","R","E","R","M","M","R","BOSS","M","M","?","?","M","$","E","?","T","R","?","R","E","M","R","BOSS","M","?","M","M","?","E","M","$","T","R","$","?","?","?","R","BOSS"],"build_version":"2018-02-15-PROD1","purchased_purges":3,"victory":true,"master_deck":["Defend_G+1","Defend_G+1","Defend_G","Survivor","Neutralize+1","Die Die Die","Poisoned Stab","Noxious Fumes+1","A Thousand Cuts+1","Outmaneuver+1","Backflip+1","Outmaneuver+1","After Image+1","Malaise+1","Backflip+1","Noxious Fumes+1","Backflip+1","Prepared+1","Tools of the Trade","Bouncing Flask+1","Escape Plan+1","Footwork+1","Flash of Steel","Catalyst+1","Footwork+1","Parasite","Choke+1","Writhe"],"max_hp_per_floor":[70,70,70,70,70,70,70,70,70,70,70,70,70,72,72,72,72,72,74,74,74,76,76,90,90,90,90,97,97,99,101,101,101,101,103,103,103,103,103,105,105,105,105,105,105,105,105,105,105,105],"relics":["Ring of the Snake","Snake Skull","Toxic Egg 2","Singing Bowl","Happy Flower","Vajra","Black Star","Mango","Shovel","Old Coin","Strawberry","Regal Pillow","War Paint","Cursed Key","Letter Opener","Gremlin Horn","The Courier","Tiny Chest","Paper Crane"],"card_choices":[{"not_picked":["Expertise","Underhanded Strike"],"picked":"Die Die Die"},{"not_picked":["Cloak And Dagger","Acrobatics"],"picked":"Noxious Fumes"},{"not_picked":["Sucker Punch","Quick Slash"],"picked":"Outmaneuver"},{"not_picked":["Blade Dance","Choke"],"picked":"Backflip"},{"not_picked":["Sucker Punch","Poisoned Stab"],"picked":"Outmaneuver"},{"not_picked":["Venomology","Grand Finale"],"picked":"After Image"},{"not_picked":["Skewer","Sucker Punch"],"picked":"Malaise"},{"not_picked":["Bouncing Flask","Poisoned Stab"],"picked":"Backflip"},{"not_picked":["Dagger Throw","Dash"],"picked":"Prepared"},{"not_picked":["Storm of Steel","Glass Knife"],"picked":"Tools of the Trade"},{"not_picked":["Endless Agony","Backstab"],"picked":"Bouncing Flask"},{"not_picked":["Leg Sweep","Quick Slash"],"picked":"Escape Plan"},{"not_picked":["Blade Dance","Eviscerate"],"picked":"Catalyst"},{"not_picked":["Flying Knee","Bouncing Flask"],"picked":"Choke"}],"player_experience":197391,"potions_floor_usage":[6,11,16,16,30,50],"damage_taken":[{"damage":0,"enemies":"2 Louse","floor":1,"turns":4},{"damage":9,"enemies":"Jaw Worm","floor":3,"turns":6},{"damage":16,"enemies":"Lagavulin","floor":6,"turns":8},{"damage":0,"enemies":"Small Slimes","floor":8,"turns":3},{"damage":25,"enemies":"Gremlin Nob","floor":11,"turns":5},{"damage":0,"enemies":"Gremlin Gang","floor":13,"turns":1},{"damage":0,"enemies":"3 Louse","floor":14,"turns":1},{"damage":9,"enemies":"Slime Boss","floor":16,"turns":8},{"damage":0,"enemies":"Shell Parasite","floor":18,"turns":6},{"damage":1,"enemies":"Chosen","floor":19,"turns":6},{"damage":0,"enemies":"Snake Plant","floor":22,"turns":6},{"damage":14,"enemies":"Gremlin Leader","floor":24,"turns":7},{"damage":7,"enemies":"Centurion and Healer","floor":25,"turns":4},{"damage":7,"enemies":"Book of Stabbing","floor":30,"turns":7},{"damage":24,"enemies":"Slaver and Parasite","floor":31,"turns":6},{"damage":8,"enemies":"Collector","floor":33,"turns":9},{"damage":8,"enemies":"3 Darklings","floor":35,"turns":3},{"damage":0,"enemies":"3 Shapes","floor":37,"turns":4},{"damage":0,"enemies":"Maw","floor":38,"turns":7},{"damage":1,"enemies":"Giant Head","floor":40,"turns":7},{"damage":0,"enemies":"3 Darklings","floor":41,"turns":5},{"damage":0,"enemies":"4 Shapes","floor":47,"turns":4},{"damage":25,"enemies":"Time Eater","floor":50,"turns":7}],"event_choices":[{"event_name":"World of Goop","player_choice":"Gather Gold","floor":2,"damage_taken":0},{"event_name":"Scrap Ooze","player_choice":"success","floor":5,"damage_taken":7},{"event_name":"Transmorgrifier","player_choice":"Transform","floor":7,"damage_taken":0},{"event_name":"Bonfire Elementals","player_choice":"BASIC","floor":20,"damage_taken":0},{"event_name":"Duplicator","player_choice":"One dupe","floor":21,"damage_taken":0},{"event_name":"The Woman in Blue","player_choice":"Bought 0 Potions","floor":46,"damage_taken":0}],"boss_relics":[{"not_picked":["Astrolabe","Snecko Eye"],"picked":"Black Star"},{"not_picked":["White Beast Statue","Lizard Tail"],"picked":"Cursed Key"}],"potions_floor_spawned":[1,6,11,13,18,24,25,35,40,47],"seed_played":"8499063280423622393","ascension_level":0,"is_trial":false}