{"gold_per_floor":[115,115,127,35,35,60,60,60,60,60,81,156,195,209,209,329,329,350,390,390,414,184,215,215,259,259,10,44,68,68,68,68,197,197,211,227,227,252,266,13,46,61,88,88,147,147,186,202,202,202],"floor_reached":51,"playtime":5889,"items_purged":["Strike_R","Strike_R"],"score":1125,"play_id":"3262aedf-811f-4357-8ca6-6547e4684154","local_time":"20181220202014","is_ascension_mode":true,"campfire_choices":[{"data":"Armaments","floor":8,"key":"SMITH"},{"data":"Defend_R","floor":10,"key":"SMITH"},{"floor":15,"key":"REST"},{"data":"Offering","floor":32,"key":"SMITH"},{"floor":44,"key":"REST"},{"floor":46,"key":"REST"},{"floor":49,"key":"REST"}],"neow_cost":"NONE","seed_source_timestamp":598958471445411,"circlet_count":0,"master_deck":["Strike_R","Defend_R+1","Defend_R","Flex","Metallicize","Armaments+1","Battle Trance","Thunderclap","Feed","Cleave","Offering+1","Cleave+1","Whirlwind+1","Thunderclap+1","Brutality","Ghostly Armor+1","Seeing Red+1","Rupture","Searing Blow","Limit Break","Metallicize+1","Flex+1","Burning Pact+1"],"relics":["Burning Blood","NeowsBlessing","Champion Belt","Golden Idol","Mercury Hourglass","Centennial Puzzle","Dream Catcher","Astrolabe","Red Mask","PreservedInsect","Ancient Tea Set","Pantograph","Bottled Flame","Gambling Chip","Nilry\u0027s Codex","Fusion Hammer","Kunai","Happy Flower","Prayer Wheel","Calipers"],"potions_floor_usage":[6,12,19,33,33,39,50,50,50],"damage_taken":[{"damage":0,"enemies":"2 Louse","floor":1,"turns":1},{"damage":0,"enemies":"Small Slimes","floor":3,"turns":1},{"damage":0,"enemies":"3 Sentries","floor":6,"turns":2},{"damage":9,"enemies":"Jaw Worm","floor":11,"turns":4},{"damage":12,"enemies":"3 Sentries","floor":12,"turns":5},{"damage":18,"enemies":"Gremlin Nob","floor":13,"turns":4},{"damage":0,"enemies":"2 Fungi Beasts","floor":14,"turns":3},{"damage":46,"enemies":"Hexaghost","floor":16,"turns":10},{"damage":6,"enemies":"Chosen","floor":18,"turns":3},{"damage":6,"enemies":"Masked Bandits","floor":19,"turns":1},{"damage":0,"enemies":"3 Byrds","floor":21,"turns":2},{"damage":14,"enemies":"Slavers","floor":23,"turns":2},{"damage":6,"enemies":"Gremlin Leader","floor":25,"turns":3},{"damage":27,"enemies":"Book of Stabbing","floor":28,"turns":5},{"damage":7,"enemies":"Centurion and Healer","floor":29,"turns":2},{"damage":75,"enemies":"Champ","floor":33,"turns":8},{"damage":30,"enemies":"3 Shapes","floor":35,"turns":1},{"damage":6,"enemies":"3 Darklings","floor":36,"turns":1},{"damage":6,"enemies":"Sphere and 2 Shapes","floor":38,"turns":3},{"damage":14,"enemies":"Transient","floor":39,"turns":5},{"damage":9,"enemies":"Giant Head","floor":41,"turns":4},{"damage":22,"enemies":"Spire Growth","floor":42,"turns":5},{"damage":21,"enemies":"2 Orb Walkers","floor":45,"turns":3},{"damage":20,"enemies":"Nemesis","floor":47,"turns":4},{"damage":22,"enemies":"4 Shapes","floor":48,"turns":2},{"damage":67,"enemies":"Awakened One","floor":50,"turns":8}],"seed_played":"-432680404765357976","potions_obtained":[{"floor":3,"key":"Fruit Juice"},{"floor":11,"key":"Energy Potion"},{"floor":16,"key":"Swift Potion"},{"floor":18,"key":"BloodPotion"},{"floor":19,"key":"Swift Potion"},{"floor":33,"key":"Block Potion"},{"floor":36,"key":"SteroidPotion"},{"floor":39,"key":"Ancient Potion"},{"floor":45,"key":"FearPotion"}],"is_trial":false,"path_per_floor":["M","?","M","$","?","E","?","R","T","R","M","?","E","M","R","B",null,"M","?","?","M","$","E","?","E","T","$","E","M","$","?","R","B",null,"M","M","?","M","M","$","E","M","T","R","?","R","E","M","R","B",null],"character_chosen":"IRONCLAD","items_purchased":["Metallicize","Armaments","PreservedInsect","Bottled Flame","Rupture","Searing Blow"],"campfire_rested":4,"item_purchase_floors":[4,4,22,27,40,40],"current_hp_per_floor":[78,83,85,85,78,89,67,67,67,67,64,58,46,55,82,42,80,80,80,80,86,86,81,81,84,84,84,67,70,70,54,54,24,89,68,68,68,68,60,60,60,48,48,84,73,110,96,83,121,67],"gold":202,"neow_bonus":"THREE_ENEMY_KILL","is_prod":false,"is_daily":false,"chose_seed":false,"campfire_upgraded":3,"win_rate":0,"timestamp":1545337214,"path_taken":["M","?","M","$","?","E","?","R","T","R","M","?","E","M","R","BOSS","M","?","?","M","$","E","?","E","T","$","E","M","?","?","R","BOSS","M","M","?","M","M","$","E","?","T","R","?","R","E","M","R","BOSS"],"build_version":"2018-12-13","purchased_purges":2,"victory":true,"max_hp_per_floor":[80,85,85,85,85,90,90,90,90,90,90,90,90,93,93,93,93,93,93,93,93,93,96,96,99,99,99,103,107,107,107,107,111,111,114,114,114,114,114,114,117,121,121,121,125,125,125,128,128,128],"card_choices":[{"not_picked":["Havoc","Thunderclap"],"picked":"Flex","floor":1},{"not_picked":["Blood for Blood","Sword Boomerang","Warcry"],"picked":"SKIP","floor":3},{"not_picked":["Sentinel","Wild Strike","Hemokinesis"],"picked":"SKIP","floor":6},{"not_picked":["Perfected Strike","Dark Embrace"],"picked":"Battle Trance","floor":11},{"not_picked":["Armaments","Anger"],"picked":"Thunderclap","floor":12},{"not_picked":["Dropkick","Warcry"],"picked":"Feed","floor":13},{"not_picked":["Bloodletting","Reckless Charge","Warcry"],"picked":"SKIP","floor":14},{"not_picked":["Headbutt","Sword Boomerang"],"picked":"Cleave","floor":15},{"not_picked":["Dark Embrace","Impervious"],"picked":"Offering","floor":16},{"not_picked":["Warcry","Pummel+1","Perfected Strike"],"picked":"SKIP","floor":18},{"not_picked":["Pommel Strike","Sword Boomerang+1","Havoc"],"picked":"SKIP","floor":21},{"not_picked":["Inflame","Clothesline","Seeing Red"],"picked":"SKIP","floor":23},{"not_picked":["Clothesline","Feel No Pain","Thunderclap"],"picked":"SKIP","floor":25},{"not_picked":["Carnage","Evolve","Shockwave"],"picked":"SKIP","floor":28},{"not_picked":["Sever Soul+1","Sword Boomerang","Armaments+1"],"picked":"SKIP","floor":29},{"not_picked":["Offering","Juggernaut"],"picked":"Brutality","floor":33},{"not_picked":["Heavy Blade+1","Pommel Strike+1"],"picked":"Ghostly Armor+1","floor":35},{"not_picked":["True Grit","Body Slam","Carnage"],"picked":"SKIP","floor":36},{"not_picked":["Havoc+1","Inflame","Fire Breathing"],"picked":"SKIP","floor":38},{"not_picked":["Thunderclap+1","Havoc+1"],"picked":"Seeing Red+1","floor":39},{"not_picked":["Metallicize+1","Seeing Red+1"],"picked":"Limit Break","floor":41},{"not_picked":["Havoc+1","Perfected Strike+1","Sword Boomerang+1"],"picked":"SKIP","floor":42},{"not_picked":["Heavy Blade","Demon Form"],"picked":"Metallicize+1","floor":45},{"not_picked":["Perfected Strike","Battle Trance+1"],"picked":"Flex+1","floor":46},{"not_picked":["Iron Wave+1","Metallicize+1","Rupture"],"picked":"SKIP","floor":47},{"not_picked":["Inflame+1","Clash+1"],"picked":"Burning Pact+1","floor":48},{"not_picked":["Warcry+1","Searing Blow","Whirlwind+1"],"picked":"SKIP","floor":48}],"player_experience":365246,"relics_obtained":[{"floor":6,"key":"Champion Belt"},{"floor":9,"key":"Mercury Hourglass"},{"floor":13,"key":"Dream Catcher"},{"floor":19,"key":"Red Mask"},{"floor":25,"key":"Ancient Tea Set"},{"floor":26,"key":"Pantograph"},{"floor":28,"key":"Gambling Chip"},{"floor":31,"key":"Nilry\u0027s Codex"},{"floor":41,"key":"Kunai"},{"floor":43,"key":"Happy Flower"},{"floor":45,"key":"Prayer Wheel"},{"floor":47,"key":"Calipers"}],"event_choices":[{"damage_healed":0,"gold_gain":0,"player_choice":"Donut","damage_taken":0,"max_hp_gain":5,"max_hp_loss":0,"event_name":"Big Fish","floor":2,"gold_loss":0},{"cards_removed":["Defend_R"],"damage_healed":0,"gold_gain":0,"player_choice":"Card Removal","damage_taken":7,"max_hp_gain":0,"max_hp_loss":0,"event_name":"Golden Wing","floor":5,"gold_loss":0},{"damage_healed":0,"gold_gain":0,"player_choice":"Take Damage","damage_taken":22,"relics_obtained":["Golden Idol"],"max_hp_gain":0,"max_hp_loss":0,"event_name":"Golden Idol","floor":7,"gold_loss":0},{"damage_healed":0,"gold_gain":0,"player_choice":"Searched \u00273\u0027 times","damage_taken":0,"relics_obtained":["Centennial Puzzle"],"max_hp_gain":0,"max_hp_loss":0,"event_name":"Dead Adventurer","floor":12,"gold_loss":0},{"damage_healed":0,"gold_gain":0,"player_choice":"Fought Bandits","damage_taken":0,"max_hp_gain":0,"max_hp_loss":0,"event_name":"Masked Bandits","floor":19,"gold_loss":0},{"damage_healed":0,"gold_gain":0,"player_choice":"Ignored","damage_taken":0,"max_hp_gain":0,"max_hp_loss":0,"event_name":"Vampires","floor":20,"gold_loss":0},{"damage_healed":0,"gold_gain":0,"player_choice":"Ignored","damage_taken":0,"max_hp_gain":0,"max_hp_loss":0,"event_name":"Ghosts","floor":24,"gold_loss":0},{"damage_healed":0,"gold_gain":0,"player_choice":"Obtained Book","damage_taken":16,"max_hp_gain":0,"max_hp_loss":0,"event_name":"Cursed Tome","floor":31,"gold_loss":0},{"cards_removed":["Bash"],"damage_healed":0,"gold_gain":0,"player_choice":"Offered Basic","damage_taken":0,"max_hp_gain":0,"max_hp_loss":0,"event_name":"Bonfire Elementals","floor":37,"gold_loss":0},{"damage_healed":0,"gold_gain":0,"player_choice":"Fight","damage_taken":0,"max_hp_gain":0,"max_hp_loss":0,"event_name":"Mysterious Sphere","floor":45,"gold_loss":0}],"is_beta":false,"boss_relics":[{"not_picked":["Black Star","Snecko Eye"],"picked":"Astrolabe"},{"not_picked":["Tiny House","Philosopher\u0027s Stone"],"picked":"Fusion Hammer"}],"items_purged_floors":[22,40],"is_endless":false,"potions_floor_spawned":[3,11,16,18,19,33,36,39,45,48],"ascension_level":7}