{"gold_per_floor":[216,226,245,245,128,154,154,185,279,441,453,40,74,87,87,87],"floor_reached":16,"playtime":1880,"items_purged":["Strike_G","Doubt"],"score":224,"play_id":"a75a822e-da58-49e3-a83a-a20d02bfc32e","local_time":"20190414180605","is_ascension_mode":true,"campfire_choices":[{"floor":7,"key":"REST"},{"floor":11,"key":"REST"},{"data":"Crippling Poison","floor":15,"key":"SMITH"}],"neow_cost":"NONE","seed_source_timestamp":248911143145813,"circlet_count":0,"master_deck":["AscendersBane","Defend_G","Defend_G","Defend_G","Defend_G","Defend_G","Strike_G","Strike_G","Strike_G+1","Strike_G","Survivor+1","Neutralize+1","Backstab","Poisoned Stab","All Out Attack","Finisher+1","Dodge and Roll","Crippling Poison+1"],"relics":["Ring of the Snake","Peace Pipe","MawBank","Ornamental Fan","Whetstone","Regal Pillow","Singing Bowl"],"potions_floor_usage":[6,13,16],"damage_taken":[{"damage":0,"enemies":"2 Louse","floor":1,"turns":6},{"damage":2,"enemies":"Small Slimes","floor":2,"turns":5},{"damage":0,"enemies":"Cultist","floor":3,"turns":3},{"damage":6,"enemies":"Gremlin Nob","floor":6,"turns":3},{"damage":32,"enemies":"Lagavulin","floor":8,"turns":8},{"damage":1,"enemies":"3 Sentries","floor":13,"turns":5},{"damage":9,"enemies":"Exordium Wildlife","floor":14,"turns":4},{"damage":35,"enemies":"Slime Boss","floor":16,"turns":6}],"seed_played":"-5117856655349300216","potions_obtained":[{"floor":2,"key":"Dexterity Potion"},{"floor":3,"key":"GamblersBrew"},{"floor":8,"key":"AttackPotion"}],"is_trial":false,"path_per_floor":["M","M","M","?","$","E","R","E","T","?","R","$","E","M","R","B"],"character_chosen":"THE_SILENT","items_purchased":["Finisher","Whetstone","Regal Pillow"],"campfire_rested":2,"item_purchase_floors":[5,12,12],"current_hp_per_floor":[59,57,57,37,37,31,50,18,18,18,37,37,38,31,31,0],"gold":87,"neow_bonus":"HUNDRED_GOLD","is_prod":false,"is_daily":false,"chose_seed":false,"campfire_upgraded":1,"win_rate":0,"timestamp":1555261565,"path_taken":["M","M","M","?","$","E","R","E","T","?","R","$","E","M","R","BOSS"],"build_version":"2019-01-23","purchased_purges":2,"victory":false,"max_hp_per_floor":[66,66,66,66,66,66,66,66,66,66,66,66,68,70,70,70],"card_choices":[{"not_picked":["Quick Slash","Well Laid Plans"],"picked":"Backstab","floor":1},{"not_picked":["Backflip","Bane"],"picked":"Poisoned Stab","floor":2},{"not_picked":["Dagger Throw","Acrobatics"],"picked":"All Out Attack","floor":3},{"not_picked":["Cloak And Dagger","Dagger Throw"],"picked":"Dodge and Roll","floor":6},{"not_picked":["Venomology","Deadly Poison"],"picked":"Crippling Poison","floor":8},{"not_picked":["Eviscerate","Blade Dance","Grand Finale"],"picked":"Singing Bowl","floor":13},{"not_picked":["Outmaneuver","Tactician","Flechettes"],"picked":"Singing Bowl","floor":14}],"player_experience":799612,"relics_obtained":[{"floor":6,"key":"Peace Pipe"},{"floor":8,"key":"MawBank"},{"floor":9,"key":"Ornamental Fan"},{"floor":13,"key":"Singing Bowl"}],"event_choices":[{"damage_healed":0,"gold_gain":0,"player_choice":"Entered Light","damage_taken":20,"max_hp_gain":0,"max_hp_loss":0,"event_name":"Shining Light","floor":4,"gold_loss":0,"cards_upgraded":["Survivor","Neutralize"]},{"damage_healed":0,"gold_gain":150,"player_choice":"AGREE","damage_taken":0,"max_hp_gain":0,"max_hp_loss":0,"event_name":"Liars Game","floor":10,"gold_loss":0,"cards_obtained":["Doubt"]}],"is_beta":false,"boss_relics":[],"items_purged_floors":[5,12],"is_endless":false,"potions_floor_spawned":[2,3,8],"killed_by":"Slime Boss","ascension_level":18}