{"gold_per_floor":[114,114,126,126,144,176,188,188,188,188,188,188],"floor_reached":12,"playtime":1175,"items_purged":[],"score":78,"play_id":"1b45b1c7-3813-4845-a022-c986d90cfc2b","local_time":"20190101194503","is_ascension_mode":false,"campfire_choices":[{"data":"Malaise","floor":8,"key":"SMITH"},{"floor":11,"key":"RECALL"}],"neow_cost":"NONE","seed_source_timestamp":243132115135376,"circlet_count":0,"master_deck":["Defend_G","Defend_G","Defend_G","Defend_G","Defend_G","Strike_G","Strike_G","Strike_G","Strike_G","Survivor","Neutralize","Malaise+1","Heel Hook","Die Die Die","Deflect"],"relics":["Ring of the Snake","Singing Bowl"],"potions_floor_usage":[6,12,12],"damage_taken":[{"damage":1,"enemies":"Small Slimes","floor":1,"turns":5},{"damage":1,"enemies":"Jaw Worm","floor":3,"turns":7},{"damage":0,"enemies":"2 Louse","floor":5,"turns":3},{"damage":27,"enemies":"Gremlin Nob","floor":6,"turns":6},{"damage":1,"enemies":"Blue Slaver","floor":7,"turns":5},{"damage":45,"enemies":"Lagavulin","floor":12,"turns":14}],"seed_played":"4313551559729226069","potions_obtained":[{"floor":1,"key":"FearPotion"},{"floor":6,"key":"SneckoOil"},{"floor":7,"key":"Weak Potion"}],"is_trial":false,"path_per_floor":["M","?","M","?","M","E","M","R","T","?","R","E"],"character_chosen":"THE_SILENT","items_purchased":[],"campfire_rested":0,"item_purchase_floors":[],"current_hp_per_floor":[69,74,73,66,66,39,38,38,38,38,38,0],"gold":188,"neow_bonus":"ONE_RANDOM_RARE_CARD","is_prod":false,"is_daily":false,"chose_seed":false,"campfire_upgraded":1,"win_rate":0,"timestamp":1546371903,"path_taken":["M","?","M","?","M","E","M","R","T","?","R","E"],"build_version":"2018-12-20","purchased_purges":0,"victory":false,"max_hp_per_floor":[70,75,75,75,75,75,75,75,75,75,75,75],"card_choices":[{"not_picked":["Catalyst","Bane","Sucker Punch"],"picked":"SKIP","floor":1},{"not_picked":["Quick Slash","Terror"],"picked":"Heel Hook","floor":3},{"not_picked":["PiercingWail","Prepared","Dash"],"picked":"SKIP","floor":5},{"not_picked":["PiercingWail","Prepared","Dash"],"picked":"SKIP","floor":5},{"not_picked":["Dagger Spray","Reflex"],"picked":"Die Die Die","floor":6},{"not_picked":["Bouncing Flask","Outmaneuver"],"picked":"Deflect","floor":7}],"player_experience":430257,"relics_obtained":[{"floor":6,"key":"Singing Bowl"}],"event_choices":[{"damage_healed":0,"gold_gain":0,"player_choice":"Donut","damage_taken":0,"max_hp_gain":5,"max_hp_loss":0,"event_name":"Big Fish","floor":2,"gold_loss":0},{"cards_removed":["Strike_G"],"damage_healed":0,"gold_gain":0,"player_choice":"Card Removal","damage_taken":7,"max_hp_gain":0,"max_hp_loss":0,"event_name":"Golden Wing","floor":4,"gold_loss":0},{"damage_healed":0,"gold_gain":0,"player_choice":"Ignored","damage_taken":0,"max_hp_gain":0,"max_hp_loss":0,"event_name":"Liars Game","floor":10,"gold_loss":0}],"is_beta":false,"boss_relics":[],"items_purged_floors":[],"is_endless":false,"potions_floor_spawned":[1,6,7],"killed_by":"Lagavulin","ascension_level":0}