{"gold_per_floor":[117,17,17,34,34,59,76,95,95,126,126,141,161,193,193,193],"floor_reached":16,"playtime":1588,"items_purged":["Dark Embrace"],"score":226,"play_id":"1ab76046-cecd-4900-ab74-153d707f6e73","local_time":"20190411205952","is_ascension_mode":true,"campfire_choices":[{"data":"Bash","floor":11,"key":"SMITH"},{"floor":15,"key":"REST"}],"neow_cost":"NONE","seed_source_timestamp":428233222781,"circlet_count":0,"master_deck":["AscendersBane","Strike_R","Strike_R","Strike_R","Defend_R","Defend_R","Defend_R","Defend_R","Bash+1","Sword Boomerang","Iron Wave","Twin Strike","Rampage","Headbutt","Reaper","Armaments","Feel No Pain","Carnage"],"relics":["Burning Blood","Ornamental Fan","Letter Opener","Bag of Preparation","Mummified Hand"],"potions_floor_usage":[6,10,14,16],"damage_taken":[{"damage":13,"enemies":"Cultist","floor":1,"turns":5},{"damage":0,"enemies":"Small Slimes","floor":4,"turns":3},{"damage":13,"enemies":"Gremlin Nob","floor":6,"turns":4},{"damage":5,"enemies":"2 Louse","floor":7,"turns":3},{"damage":13,"enemies":"Red Slaver","floor":8,"turns":5},{"damage":25,"enemies":"Lagavulin","floor":10,"turns":7},{"damage":26,"enemies":"Lots of Slimes","floor":12,"turns":5},{"damage":16,"enemies":"Gremlin Gang","floor":13,"turns":11},{"damage":14,"enemies":"Gremlin Nob","floor":14,"turns":5},{"damage":48,"enemies":"Hexaghost","floor":16,"turns":9}],"seed_played":"1094188377867876394","potions_obtained":[{"floor":4,"key":"Weak Potion"},{"floor":7,"key":"Explosive Potion"},{"floor":10,"key":"Block Potion"},{"floor":14,"key":"Energy Potion"}],"is_trial":false,"path_per_floor":["M","$","?","M","$","E","M","M","T","E","R","M","M","E","R","B"],"character_chosen":"IRONCLAD","items_purchased":["Iron Wave"],"campfire_rested":1,"item_purchase_floors":[2],"current_hp_per_floor":[61,61,61,67,67,60,61,54,54,35,35,27,24,20,42,0],"gold":193,"neow_bonus":"TRANSFORM_CARD","is_prod":false,"is_daily":false,"chose_seed":false,"campfire_upgraded":1,"win_rate":0,"timestamp":1555012792,"path_taken":["M","?","?","?","$","E","M","M","T","E","R","M","M","E","R","BOSS"],"build_version":"2019-01-23","purchased_purges":1,"victory":false,"max_hp_per_floor":[75,75,75,75,75,75,75,75,75,75,75,75,75,75,75,75],"card_choices":[{"not_picked":["Heavy Blade","Entrench"],"picked":"Sword Boomerang","floor":1},{"not_picked":["Second Wind","Havoc"],"picked":"Twin Strike","floor":4},{"not_picked":["Sword Boomerang","Berserk"],"picked":"Rampage","floor":6},{"not_picked":["Wild Strike","Thunderclap","Whirlwind"],"picked":"SKIP","floor":7},{"not_picked":["Warcry","Rage"],"picked":"Headbutt","floor":8},{"not_picked":["Heavy Blade","Combust"],"picked":"Reaper","floor":10},{"not_picked":["Heavy Blade","Twin Strike"],"picked":"Armaments","floor":12},{"not_picked":["Shockwave","Headbutt"],"picked":"Feel No Pain","floor":13},{"not_picked":["Iron Wave","Searing Blow"],"picked":"Carnage","floor":14}],"player_experience":774808,"relics_obtained":[{"floor":6,"key":"Ornamental Fan"},{"floor":9,"key":"Letter Opener"},{"floor":10,"key":"Bag of Preparation"},{"floor":14,"key":"Mummified Hand"}],"event_choices":[{"cards_removed":["Strike_R"],"damage_healed":0,"gold_gain":0,"player_choice":"Offered Basic","damage_taken":0,"max_hp_gain":0,"max_hp_loss":0,"event_name":"Bonfire Elementals","floor":3,"gold_loss":0}],"is_beta":false,"boss_relics":[],"items_purged_floors":[2],"is_endless":false,"potions_floor_spawned":[4,7,10,14],"killed_by":"Hexaghost","ascension_level":17}