{"gold_per_floor":[116,116,132,132,143,143,143,156,203,203,217,242,100,100,100,205,205,220,71,71,71,95,107,136,159,171,183,208,51,77,77,77,174,174,192,202,302,302,302,334,334,334,334,348,348,365,381,381,381,381,381,381,121,121],"floor_reached":54,"playtime":5604,"items_purged":["Strike_B","Strike_B+1"],"score":758,"play_id":"7143e351-e7ec-42d5-8653-b07eac820762","local_time":"20190404190806","is_ascension_mode":false,"campfire_choices":[{"data":"Redo","floor":6,"key":"SMITH"},{"data":"Hologram","floor":15,"key":"SMITH"},{"data":"Madness","floor":23,"key":"SMITH"},{"floor":27,"key":"REST"},{"floor":32,"key":"REST"},{"floor":42,"key":"RECALL"},{"data":"Thinking Ahead","floor":45,"key":"SMITH"},{"data":"Loop","floor":49,"key":"SMITH"},{"data":"Defragment","floor":52,"key":"SMITH"}],"neow_cost":"NONE","seed_source_timestamp":105349988277771,"circlet_count":0,"master_deck":["Strike_B+1","Defend_B+1","Defend_B+1","Zap","Dualcast","Madness+1","Capacitor","Redo+1","Sweeping Beam","Hologram+1","Rainbow+1","Rebound","Skim","All For One","Conserve Battery","Loop+1","Gash+1","Defragment+1","White Noise","Redo+1","Ghostly","Ghostly","Ghostly","Ghostly","Ghostly","Amplify","Stack+1","Seek+1","Reboot+1","Fusion+1","Gash","Defragment+1","Thinking Ahead+1","Gash+1","Barrage+1","Skim"],"relics":["Cracked Core","Potion Belt","Lantern","Inserter","Happy Flower","Boot","MawBank","Meat on the Bone","Incense Burner","Astrolabe","Bird Faced Urn","Ancient Tea Set","Mercury Hourglass","Mummified Hand"],"potions_floor_usage":[16,30,30,30,30,30,30,30,50,50,54],"damage_taken":[{"damage":0,"enemies":"Small Slimes","floor":1,"turns":3},{"damage":5,"enemies":"Cultist","floor":3,"turns":4},{"damage":3,"enemies":"Jaw Worm","floor":5,"turns":3},{"damage":6,"enemies":"3 Louse","floor":8,"turns":3},{"damage":0,"enemies":"Exordium Thugs","floor":11,"turns":4},{"damage":12,"enemies":"Lagavulin","floor":12,"turns":8},{"damage":16,"enemies":"Slime Boss","floor":16,"turns":8},{"damage":27,"enemies":"2 Thieves","floor":18,"turns":4},{"damage":16,"enemies":"3 Byrds","floor":24,"turns":4},{"damage":15,"enemies":"Sentry and Sphere","floor":25,"turns":5},{"damage":19,"enemies":"Chosen and Byrds","floor":28,"turns":7},{"damage":39,"enemies":"Slavers","floor":30,"turns":5},{"damage":13,"enemies":"Collector","floor":33,"turns":9},{"damage":0,"enemies":"3 Shapes","floor":35,"turns":2},{"damage":0,"enemies":"Orb Walker","floor":36,"turns":6},{"damage":0,"enemies":"Mind Bloom Boss Battle","floor":37,"turns":7},{"damage":0,"enemies":"Nemesis","floor":40,"turns":7},{"damage":3,"enemies":"Writhing Mass","floor":44,"turns":5},{"damage":2,"enemies":"Jaw Worm Horde","floor":46,"turns":4},{"damage":2,"enemies":"Transient","floor":47,"turns":5},{"damage":36,"enemies":"Awakened One","floor":50,"turns":11},{"damage":45,"enemies":"Shield and Spear","floor":54,"turns":3}],"seed_played":"-2603784283925044668","potions_obtained":[{"floor":1,"key":"Energy Potion"},{"floor":5,"key":"Block Potion"},{"floor":11,"key":"AttackPotion"},{"floor":18,"key":"Regen Potion"},{"floor":24,"key":"EntropicBrew"},{"floor":36,"key":"Poison Potion"},{"floor":37,"key":"Energy Potion"},{"floor":46,"key":"PowerPotion"}],"is_trial":false,"path_per_floor":["M","?","M","?","M","R","?","M","T","?","M","E","$","?","R","B",null,"M","$","?","?","T","R","M","M","T","R","M","$","E","?","R","B",null,"M","M","?","$","?","E","?","R","T","M","R","M","M","?","R","B",null,"R","$","E"],"character_chosen":"DEFECT","items_purchased":["Skim","Happy Flower","White Noise","Mummified Hand"],"campfire_rested":2,"item_purchase_floors":[13,19,29,53],"current_hp_per_floor":[75,72,67,52,49,49,49,43,43,48,48,36,36,36,36,20,80,53,53,53,53,53,53,37,22,22,46,39,39,17,17,29,28,40,40,40,40,40,40,40,40,40,40,40,40,40,40,40,40,24,40,40,40,0],"gold":121,"neow_bonus":"RANDOM_COLORLESS","is_prod":false,"is_daily":false,"chose_seed":false,"campfire_upgraded":6,"win_rate":1,"timestamp":1554394086,"path_taken":["M","?","M","?","M","R","?","?","T","?","M","E","$","?","R","BOSS","M","$","?","?","?","R","M","?","T","R","M","$","E","?","R","BOSS","M","M","?","?","?","E","?","R","T","M","R","?","M","?","R","BOSS","R","$","E"],"build_version":"2019-01-23","purchased_purges":2,"victory":false,"max_hp_per_floor":[75,75,75,75,75,75,75,75,75,80,80,80,80,80,80,80,80,80,80,80,80,80,80,80,80,80,80,80,80,80,40,40,40,40,40,40,40,40,40,40,40,40,40,40,40,40,40,40,40,40,40,40,40,40],"card_choices":[{"not_picked":["Melter","Storm"],"picked":"Capacitor","floor":1},{"not_picked":["Doom and Gloom","Consume"],"picked":"Redo","floor":3},{"not_picked":["Steam Power","Go for the Eyes"],"picked":"Sweeping Beam","floor":5},{"not_picked":["Rip and Tear","Rebound"],"picked":"Hologram","floor":8},{"not_picked":["BootSequence","Redo"],"picked":"Rainbow","floor":11},{"not_picked":["Aggregate","Hologram"],"picked":"Rebound","floor":12},{"not_picked":["Meteor Strike","Reboot"],"picked":"All For One","floor":16},{"not_picked":["Gash","Sweeping Beam+1"],"picked":"Conserve Battery","floor":18},{"not_picked":["Stack","Rebound+1"],"picked":"Loop","floor":24},{"not_picked":["Ball Lightning","Leap"],"picked":"Gash+1","floor":25},{"not_picked":["Chill","Force Field"],"picked":"Defragment","floor":28},{"not_picked":["Compile Driver+1","Self Repair"],"picked":"Redo+1","floor":30},{"not_picked":["Rainbow","Multi-Cast"],"picked":"Amplify","floor":33},{"not_picked":["Steam+1","Barrage"],"picked":"Fusion","floor":35},{"not_picked":["Redo","Reprogram+1"],"picked":"Gash","floor":36},{"not_picked":["Reprogram","Self Repair"],"picked":"Defragment+1","floor":37},{"not_picked":["Panacea","Secret Technique"],"picked":"Thinking Ahead","floor":39},{"not_picked":["Rebound+1","Undo+1"],"picked":"Gash+1","floor":40},{"not_picked":["Defragment+1","Coolheaded"],"picked":"Barrage+1","floor":44},{"not_picked":["Streamline+1","Hologram","Melter+1"],"picked":"SKIP","floor":46},{"not_picked":["Redo+1","Fusion+1"],"picked":"Skim","floor":47}],"player_experience":38283,"relics_obtained":[{"floor":12,"key":"Lantern"},{"floor":22,"key":"MawBank"},{"floor":26,"key":"Meat on the Bone"},{"floor":30,"key":"Incense Burner"},{"floor":37,"key":"Bird Faced Urn"},{"floor":40,"key":"Ancient Tea Set"},{"floor":43,"key":"Mercury Hourglass"}],"event_choices":[{"damage_healed":0,"gold_gain":0,"player_choice":"Success","damage_taken":3,"relics_obtained":["Potion Belt"],"max_hp_gain":0,"max_hp_loss":0,"event_name":"Scrap Ooze","floor":2,"gold_loss":0},{"damage_healed":0,"gold_gain":0,"player_choice":"Entered Light","damage_taken":15,"max_hp_gain":0,"max_hp_loss":0,"event_name":"Shining Light","floor":4,"gold_loss":0,"cards_upgraded":["Defend_B","Defend_B"]},{"damage_healed":0,"gold_gain":0,"player_choice":"Ignored","damage_taken":0,"max_hp_gain":0,"max_hp_loss":0,"event_name":"NoteForYourself","floor":7,"gold_loss":0},{"damage_healed":0,"gold_gain":0,"player_choice":"Donut","damage_taken":0,"max_hp_gain":5,"max_hp_loss":0,"event_name":"Big Fish","floor":10,"gold_loss":0},{"damage_healed":0,"gold_gain":0,"player_choice":"Upgraded","damage_taken":0,"max_hp_gain":0,"max_hp_loss":0,"event_name":"Upgrade Shrine","floor":14,"gold_loss":0,"cards_upgraded":["Rainbow"]},{"damage_healed":0,"gold_gain":0,"player_choice":"Simplicity","damage_taken":0,"max_hp_gain":0,"max_hp_loss":0,"event_name":"Back to Basics","floor":20,"gold_loss":0,"cards_upgraded":["Strike_B","Strike_B","Strike_B","Defend_B","Defend_B"]},{"damage_healed":0,"gold_gain":0,"player_choice":"Opened","damage_taken":0,"relics_obtained":["Boot"],"max_hp_gain":0,"max_hp_loss":0,"event_name":"The Mausoleum","floor":21,"gold_loss":0},{"damage_healed":0,"gold_gain":0,"player_choice":"Became a Ghost","damage_taken":0,"max_hp_gain":0,"max_hp_loss":40,"event_name":"Ghosts","floor":31,"gold_loss":0,"cards_obtained":["Ghostly","Ghostly","Ghostly","Ghostly","Ghostly"]},{"damage_healed":0,"gold_gain":0,"player_choice":"Fight","damage_taken":0,"max_hp_gain":0,"max_hp_loss":0,"event_name":"MindBloom","floor":37,"gold_loss":0},{"damage_healed":0,"gold_gain":0,"player_choice":"Memory 1","damage_taken":0,"max_hp_gain":0,"max_hp_loss":0,"event_name":"SensoryStone","floor":39,"gold_loss":0},{"damage_healed":0,"gold_gain":0,"player_choice":"Forge","damage_taken":0,"max_hp_gain":0,"max_hp_loss":0,"event_name":"Accursed Blacksmith","floor":41,"gold_loss":0,"cards_upgraded":["Fusion"]},{"damage_healed":0,"gold_gain":0,"player_choice":"Ignored","damage_taken":0,"max_hp_gain":0,"max_hp_loss":0,"event_name":"Tomb of Lord Red Mask","floor":48,"gold_loss":0}],"is_beta":false,"boss_relics":[{"not_picked":["Empty Cage","Sozu"],"picked":"Inserter"},{"not_picked":["Orrery","Velvet Choker"],"picked":"Astrolabe"}],"items_purged_floors":[13,29],"is_endless":false,"potions_floor_spawned":[1,5,11,18,24,36,37,46],"killed_by":"Shield and Spear","ascension_level":0}