{"gold_per_floor":[111,40,40,50,60,74,74,105,105,117,117,128,145,159,159,261,261,281,301,301,311,311,342,342,375,428,446,446,466,466,466,466,466],"floor_reached":33,"playtime":1646,"items_purged":[],"score":291,"play_id":"fea639f8-c2b4-4842-946f-670212bdb327","local_time":"20181229212448","is_ascension_mode":false,"campfire_choices":[{"floor":7,"key":"RECALL"},{"data":"Neutralize","floor":11,"key":"SMITH"},{"data":"Noxious Fumes","floor":15,"key":"SMITH"},{"floor":24,"key":"REST"},{"data":"Envenom","floor":28,"key":"SMITH"},{"data":"Glass Knife","floor":30,"key":"SMITH"},{"data":"Glass Knife","floor":32,"key":"SMITH"}],"neow_cost":"NONE","seed_source_timestamp":773756535081478,"circlet_count":0,"master_deck":["Defend_G+1","Defend_G+1","Defend_G+1","Defend_G+1","Defend_G+1","Strike_G+1","Strike_G+1","Strike_G+1","Strike_G+1","Strike_G+1","Survivor","Neutralize+1","Unload","Deflect","Heel Hook","Glass Knife+1","Bouncing Flask","Noxious Fumes+1","Backstab","Poisoned Stab","Poisoned Stab","Backstab","Envenom+1","All Out Attack+1","Escape Plan+1","Sucker Punch+1","Glass Knife+1","Backstab+1"],"relics":["Ring of the Serpent","Meat on the Bone","MutagenicStrength","Gremlin Horn","Bottled Tornado","Regal Pillow"],"potions_floor_usage":[29,33],"damage_taken":[{"damage":0,"enemies":"Cultist","floor":1,"turns":3},{"damage":2,"enemies":"Jaw Worm","floor":4,"turns":3},{"damage":0,"enemies":"Small Slimes","floor":5,"turns":2},{"damage":10,"enemies":"Looter","floor":6,"turns":2},{"damage":21,"enemies":"Gremlin Nob","floor":8,"turns":4},{"damage":3,"enemies":"Blue Slaver","floor":10,"turns":3},{"damage":0,"enemies":"2 Fungi Beasts","floor":12,"turns":2},{"damage":0,"enemies":"Exordium Wildlife","floor":13,"turns":1},{"damage":5,"enemies":"3 Louse","floor":14,"turns":3},{"damage":35,"enemies":"Hexaghost","floor":16,"turns":8},{"damage":22,"enemies":"3 Byrds","floor":18,"turns":5},{"damage":6,"enemies":"Chosen","floor":19,"turns":5},{"damage":24,"enemies":"Snake Plant","floor":21,"turns":4},{"damage":26,"enemies":"Book of Stabbing","floor":23,"turns":5},{"damage":2,"enemies":"Gremlin Leader","floor":25,"turns":4},{"damage":7,"enemies":"Shelled Parasite and Fungi","floor":27,"turns":4},{"damage":11,"enemies":"Centurion and Healer","floor":29,"turns":4},{"damage":13,"enemies":"Colosseum Slavers","floor":31,"turns":3},{"damage":41,"enemies":"Champ","floor":33,"turns":7}],"seed_played":"5194462050632803349","potions_obtained":[{"floor":1,"key":"GamblersBrew"},{"floor":6,"key":"SpeedPotion"},{"floor":12,"key":"SmokeBomb"},{"floor":14,"key":"Fire Potion"},{"floor":21,"key":"Fire Potion"},{"floor":23,"key":"AttackPotion"}],"is_trial":false,"path_per_floor":["M","$","?","M","M","M","R","E","T","M","R","M","M","M","R","B",null,"M","M","?","M","?","E","R","E","T","M","R","M","R","?","R","B"],"character_chosen":"THE_SILENT","items_purchased":["Heel Hook"],"campfire_rested":1,"item_purchase_floors":[2],"current_hp_per_floor":[70,70,70,68,68,58,58,37,37,46,46,46,46,41,41,18,70,48,42,42,30,30,16,37,47,47,40,40,41,41,40,40,0],"gold":466,"neow_bonus":"ONE_RANDOM_RARE_CARD","is_prod":false,"is_daily":false,"chose_seed":false,"campfire_upgraded":5,"win_rate":0,"timestamp":1546118688,"path_taken":["M","$","?","?","M","M","R","E","T","M","R","?","M","M","R","BOSS","M","M","?","M","?","E","R","E","T","M","R","M","R","?","R","BOSS"],"build_version":"2018-12-20","purchased_purges":0,"victory":false,"max_hp_per_floor":[70,70,70,70,70,70,70,70,70,70,70,70,70,70,70,70,70,70,70,70,70,70,70,70,70,70,70,70,70,70,70,70,70],"card_choices":[{"not_picked":["Dash","Flechettes"],"picked":"Deflect","floor":1},{"not_picked":["Setup","Acrobatics"],"picked":"Bouncing Flask","floor":4},{"not_picked":["Tactician","Outmaneuver","PiercingWail"],"picked":"SKIP","floor":5},{"not_picked":["Flechettes","Accuracy"],"picked":"Noxious Fumes","floor":6},{"not_picked":["Corpse Explosion","Backflip"],"picked":"Backstab","floor":8},{"not_picked":["PiercingWail","Outmaneuver","Deadly Poison"],"picked":"SKIP","floor":10},{"not_picked":["Deadly Poison","Well Laid Plans"],"picked":"Poisoned Stab","floor":12},{"not_picked":["Infinite Blades","Deadly Poison"],"picked":"Poisoned Stab","floor":13},{"not_picked":["Bane","Dagger Spray"],"picked":"Backstab","floor":14},{"not_picked":["Unload","Adrenaline"],"picked":"Envenom","floor":16},{"not_picked":["Dagger Throw","Heel Hook","Quick Slash"],"picked":"SKIP","floor":18},{"not_picked":["Expertise+1","Bane"],"picked":"All Out Attack+1","floor":19},{"not_picked":["Skewer","Deflect"],"picked":"Escape Plan+1","floor":21},{"not_picked":["Prepared","Eviscerate+1"],"picked":"Sucker Punch+1","floor":23},{"not_picked":["Caltrops","Sucker Punch"],"picked":"Glass Knife","floor":25},{"not_picked":["Caltrops+1","Underhanded Strike","Blade Dance"],"picked":"SKIP","floor":27},{"not_picked":["Backflip","Prepared"],"picked":"Backstab+1","floor":29}],"player_experience":423480,"relics_obtained":[{"floor":8,"key":"Meat on the Bone"},{"floor":23,"key":"Gremlin Horn"},{"floor":25,"key":"Bottled Tornado"},{"floor":26,"key":"Regal Pillow"}],"event_choices":[{"damage_healed":0,"gold_gain":0,"player_choice":"1 cards matched","damage_taken":0,"max_hp_gain":0,"max_hp_loss":0,"event_name":"Match and Keep!","floor":3,"gold_loss":0,"cards_obtained":["Glass Knife"]},{"damage_healed":0,"gold_gain":0,"player_choice":"1 cards matched","damage_taken":0,"max_hp_gain":0,"max_hp_loss":0,"event_name":"Match and Keep!","floor":3,"gold_loss":0,"cards_obtained":["Glass Knife"]},{"damage_healed":0,"gold_gain":0,"player_choice":"Simplicity","damage_taken":0,"max_hp_gain":0,"max_hp_loss":0,"event_name":"Back to Basics","floor":20,"gold_loss":0,"cards_upgraded":["Defend_G","Defend_G","Defend_G","Defend_G","Defend_G","Strike_G","Strike_G","Strike_G","Strike_G","Strike_G"]},{"damage_healed":0,"gold_gain":0,"player_choice":"Inject Mutagens","damage_taken":0,"relics_obtained":["MutagenicStrength"],"max_hp_gain":0,"max_hp_loss":0,"event_name":"Drug Dealer","floor":22,"gold_loss":0},{"damage_healed":0,"gold_gain":0,"player_choice":"Fight","damage_taken":0,"max_hp_gain":0,"max_hp_loss":0,"event_name":"Colosseum","floor":31,"gold_loss":0},{"damage_healed":0,"gold_gain":0,"player_choice":"Fled From Nobs","damage_taken":0,"max_hp_gain":0,"max_hp_loss":0,"event_name":"Colosseum","floor":31,"gold_loss":0},{"damage_healed":0,"gold_gain":0,"player_choice":"Fled From Nobs","damage_taken":0,"max_hp_gain":0,"max_hp_loss":0,"event_name":"Colosseum","floor":31,"gold_loss":0}],"is_beta":false,"boss_relics":[{"not_picked":["Orrery","Lizard Tail"],"picked":"Ring of the Serpent"}],"items_purged_floors":[],"is_endless":false,"potions_floor_spawned":[1,6,12,14,16,21,23,25,27],"killed_by":"Champ","ascension_level":0}