{"gold_per_floor":[117,127,146,146,163,163,113,113,137,155,155,172,24,40,40,143,143,156,168,168,68,82,82,82],"floor_reached":24,"playtime":1910,"items_purged":["Strike_R","Defend_R"],"score":238,"play_id":"cea11c36-1862-420e-bf13-a10ecafa9791","local_time":"20180701174725","is_ascension_mode":true,"campfire_choices":[{"data":"Armaments","floor":6,"key":"SMITH"},{"data":"Body Slam","floor":8,"key":"SMITH"},{"floor":15,"key":"REST"},{"data":"Impervious","floor":23,"key":"SMITH"}],"neow_cost":"NONE","seed_source_timestamp":4127006430490346,"circlet_count":0,"master_deck":["Strike_R","Strike_R","Strike_R+1","Defend_R","Defend_R","Defend_R","Bash","Impervious+1","Body Slam+1","Body Slam+1","Rampage","Armaments+1","Metallicize","Headbutt","Shrug It Off","Exhume","Shockwave","Shrug It Off"],"special_seed":17713,"relics":["Black Blood","Art of War"],"potions_floor_usage":[18,22,24],"damage_taken":[{"damage":6,"enemies":"Cultist","floor":1,"turns":3},{"damage":0,"enemies":"2 Louse","floor":2,"turns":3},{"damage":12,"enemies":"Jaw Worm","floor":3,"turns":3},{"damage":50,"enemies":"Gremlin Gang","floor":5,"turns":5},{"damage":0,"enemies":"Large Slime","floor":10,"turns":5},{"damage":12,"enemies":"2 Fungi Beasts","floor":12,"turns":3},{"damage":0,"enemies":"Looter","floor":14,"turns":2},{"damage":26,"enemies":"Slime Boss","floor":16,"turns":12},{"damage":27,"enemies":"Chosen","floor":18,"turns":5},{"damage":10,"enemies":"2 Thieves","floor":19,"turns":5},{"damage":25,"enemies":"Slaver and Parasite","floor":22,"turns":12},{"damage":47,"enemies":"Gremlin Leader","floor":24,"turns":4}],"seed_played":"7744634397479442244","potions_obtained":[{"floor":2,"key":"EssenceOfSteel"},{"floor":12,"key":"AttackPotion"},{"floor":19,"key":"Block Potion"},{"floor":20,"key":"FearPotion"}],"is_trial":false,"path_per_floor":["M","M","M","?","M","R","?","R","T","M","?","M","$","M","R","B",null,"M","M","?","$","M","R"],"character_chosen":"IRONCLAD","items_purchased":["Headbutt","Shrug It Off"],"campfire_rested":1,"item_purchase_floors":[13,13],"current_hp_per_floor":[80,80,74,79,35,35,35,35,35,41,24,18,18,24,49,29,71,54,54,54,54,39,39,0],"gold":82,"neow_bonus":"ONE_RANDOM_RARE_CARD","is_prod":false,"is_daily":false,"chose_seed":false,"campfire_upgraded":3,"win_rate":0,"timestamp":1530463645,"path_taken":["M","?","?","?","M","R","?","R","T","M","?","M","?","M","R","BOSS","M","M","?","?","M","R","E"],"build_version":"2018-06-28","purchased_purges":2,"victory":false,"max_hp_per_floor":[80,80,80,85,85,85,85,85,85,85,85,85,85,85,85,85,85,85,85,85,85,85,85,85],"card_choices":[{"not_picked":["Wild Strike","Uppercut"],"picked":"Body Slam","floor":1},{"not_picked":["Combust","Clash"],"picked":"Body Slam","floor":2},{"not_picked":["Power Through","Clothesline"],"picked":"Rampage","floor":3},{"not_picked":["Sword Boomerang","Blood for Blood"],"picked":"Armaments","floor":5},{"not_picked":["Sword Boomerang","Pommel Strike"],"picked":"Metallicize","floor":10},{"not_picked":["Inflame","Cleave","Demon Form"],"picked":"SKIP","floor":12},{"not_picked":["Armaments","Havoc","Perfected Strike"],"picked":"SKIP","floor":14},{"not_picked":["Limit Break","Berserk"],"picked":"Exhume","floor":16},{"not_picked":["Clothesline+1","Fire Breathing"],"picked":"Shockwave","floor":18},{"not_picked":["Flex","Anger"],"picked":"Shrug It Off","floor":19},{"not_picked":["Anger","Ghostly Armor","Flame Barrier"],"picked":"SKIP","floor":22}],"player_experience":339372,"relics_obtained":[{"floor":9,"key":"Art of War"}],"event_choices":[{"event_name":"Big Fish","player_choice":"Donut","floor":4,"damage_taken":0},{"event_name":"The Cleric","player_choice":"Card Removal","floor":7,"damage_taken":0},{"event_name":"Shining Light","player_choice":"Entered Light","floor":11,"damage_taken":0},{"event_name":"The Lab","player_choice":"Got Potions","floor":20,"damage_taken":0}],"boss_relics":[{"not_picked":["Runic Dome","Calling Bell"],"picked":"Black Blood"}],"items_purged_floors":[13,21],"is_endless":false,"potions_floor_spawned":[2,12,19],"killed_by":"Gremlin Leader","ascension_level":5}