{"gold_per_floor":[215,51,51,51,66,98,98,130,157,157,167,246,256,282,282,282],"floor_reached":16,"playtime":1331,"items_purged":["Strike_G"],"score":236,"play_id":"d350b95f-dc04-4a6a-bcb5-8a338532ca48","local_time":"20190803120424","is_ascension_mode":true,"campfire_choices":[{"data":"Neutralize","floor":7,"key":"SMITH"},{"floor":10,"key":"REST"},{"data":"Noxious Fumes","floor":15,"key":"SMITH"}],"neow_cost":"NONE","seed_source_timestamp":143317629080850,"circlet_count":0,"master_deck":["AscendersBane","Strike_G","Strike_G","Strike_G","Strike_G","Defend_G","Defend_G","Defend_G","Defend_G+1","Defend_G+1","Survivor","Neutralize+1","Dash+1","Poisoned Stab","After Image","PiercingWail","Noxious Fumes+1"],"relics":["Ring of the Snake","Omamori","Bag of Marbles","War Paint","Pantograph"],"potions_floor_usage":[8,8],"damage_taken":[{"damage":2,"enemies":"Jaw Worm","floor":1,"turns":6},{"damage":0,"enemies":"Small Slimes","floor":5,"turns":4},{"damage":29,"enemies":"3 Sentries","floor":6,"turns":15},{"damage":6,"enemies":"Gremlin Nob","floor":8,"turns":3},{"damage":0,"enemies":"2 Louse","floor":11,"turns":2},{"damage":0,"enemies":"2 Fungi Beasts","floor":13,"turns":4},{"damage":19,"enemies":"3 Sentries","floor":14,"turns":12},{"damage":49,"enemies":"Hexaghost","floor":16,"turns":11}],"seed_played":"6023074391564946829","potions_obtained":[{"floor":1,"key":"FearPotion"},{"floor":6,"key":"AttackPotion"},{"floor":8,"key":"Dexterity Potion"}],"is_trial":false,"path_per_floor":["M","$","?","?","M","E","R","E","T","R","M","?","M","E","R","B"],"character_chosen":"THE_SILENT","items_purchased":["Dash"],"campfire_rested":1,"item_purchase_floors":[2],"current_hp_per_floor":[57,57,57,57,57,28,28,22,22,41,41,41,41,22,22,0],"gold":282,"neow_bonus":"HUNDRED_GOLD","is_prod":false,"is_daily":false,"chose_seed":false,"campfire_upgraded":2,"win_rate":0,"timestamp":1564830264,"path_taken":["M","$","?","?","M","E","R","E","T","R","M","?","M","E","R","BOSS"],"build_version":"2019-07-17","purchased_purges":1,"victory":false,"max_hp_per_floor":[66,66,66,66,66,66,66,66,66,66,66,66,66,66,66,66],"card_choices":[{"not_picked":["Terror","Outmaneuver","Eviscerate"],"picked":"SKIP","floor":1},{"not_picked":["Outmaneuver","Slice"],"picked":"Poisoned Stab","floor":5},{"not_picked":["Blur","Slice","Cloak And Dagger"],"picked":"SKIP","floor":6},{"not_picked":["Footwork","Sucker Punch"],"picked":"After Image","floor":8},{"not_picked":["Distraction","Footwork"],"picked":"PiercingWail","floor":11},{"not_picked":["Bane","Terror","Predator"],"picked":"SKIP","floor":13},{"not_picked":["Adrenaline","Deflect"],"picked":"Noxious Fumes","floor":14}],"player_experience":1056379,"relics_obtained":[{"floor":6,"key":"Omamori"},{"floor":8,"key":"Bag of Marbles"},{"floor":9,"key":"War Paint"},{"floor":14,"key":"Pantograph"}],"event_choices":[{"damage_healed":0,"gold_gain":0,"player_choice":"Ignored","damage_taken":0,"max_hp_gain":0,"max_hp_loss":0,"event_name":"Liars Game","floor":3,"gold_loss":0},{"damage_healed":0,"gold_gain":0,"player_choice":"Grow","damage_taken":0,"max_hp_gain":0,"max_hp_loss":0,"event_name":"Living Wall","floor":4,"gold_loss":0,"cards_upgraded":["Dash"]},{"damage_healed":0,"gold_gain":79,"player_choice":"Gained Gold","damage_taken":0,"max_hp_gain":0,"max_hp_loss":0,"event_name":"Golden Wing","floor":12,"gold_loss":0}],"is_beta":false,"boss_relics":[],"items_purged_floors":[2],"is_endless":false,"potions_floor_spawned":[1,6,8],"killed_by":"Hexaghost","ascension_level":20}