{"gold_per_floor":[19,19,194,37,51,51,78,93,147,174,174,94,111,122,122,222,222,192,192,192,192,192,192,192,192,192,192,192,47,47,47,47,47,47,47,47,0,0,0,0,0,0,0,0,0,0,0,0,0,0],"floor_reached":51,"playtime":6828,"items_purged":["Doubt"],"score":740,"play_id":"264794bb-4849-4913-a615-0c9816ed4937","local_time":"20190306230040","is_ascension_mode":false,"campfire_choices":[{"data":"Bash","floor":6,"key":"SMITH"},{"data":"Armaments","floor":11,"key":"SMITH"},{"data":"Offering","floor":15,"key":"SMITH"},{"data":"Battle Trance","floor":23,"key":"SMITH"},{"data":"Inflame","floor":32,"key":"SMITH"},{"data":"Limit Break","floor":40,"key":"SMITH"},{"data":"Inflame","floor":42,"key":"SMITH"},{"data":"Rage","floor":45,"key":"SMITH"},{"floor":49,"key":"REST"}],"neow_cost":"NO_GOLD","seed_source_timestamp":1108020786800144,"circlet_count":0,"master_deck":["Strike_R","Strike_R","Strike_R","Strike_R","Defend_R","Defend_R","Defend_R","Bash+1","Offering+1","Headbutt","Battle Trance+1","Disarm","Heavy Blade","Flame Barrier","Armaments+1","Inflame+1","Clothesline","Infernal Blade","Feed","True Grit","Flex","Body Slam","Rage+1","Disarm","Limit Break+1","Clothesline+1","Inflame+1","Twin Strike+1","Iron Wave+1","Twin Strike+1","Shrug It Off","Shrug It Off+1"],"relics":["Burning Blood","Blood Vial","Potion Belt","Art of War","Ectoplasm","Happy Flower","Tiny Chest","Anchor","Snecko Eye","Red Mask","Strawberry","PreservedInsect"],"potions_floor_usage":[10,18,27,30,33,36,44,46,50,50,50,50,50,50,50,50],"damage_taken":[{"damage":6,"enemies":"Cultist","floor":1,"turns":2},{"damage":6,"enemies":"Jaw Worm","floor":5,"turns":3},{"damage":27,"enemies":"3 Sentries","floor":7,"turns":9},{"damage":0,"enemies":"Small Slimes","floor":8,"turns":3},{"damage":15,"enemies":"Lagavulin","floor":10,"turns":6},{"damage":8,"enemies":"Gremlin Gang","floor":13,"turns":5},{"damage":10,"enemies":"2 Fungi Beasts","floor":14,"turns":2},{"damage":12,"enemies":"The Guardian","floor":16,"turns":10},{"damage":16,"enemies":"2 Thieves","floor":18,"turns":4},{"damage":6,"enemies":"Chosen","floor":19,"turns":3},{"damage":9,"enemies":"Centurion and Healer","floor":22,"turns":8},{"damage":22,"enemies":"Snecko","floor":24,"turns":6},{"damage":19,"enemies":"Shelled Parasite and Fungi","floor":25,"turns":5},{"damage":17,"enemies":"Book of Stabbing","floor":27,"turns":4},{"damage":9,"enemies":"Centurion and Healer","floor":28,"turns":6},{"damage":7,"enemies":"3 Cultists","floor":30,"turns":4},{"damage":6,"enemies":"Chosen and Byrds","floor":31,"turns":4},{"damage":42,"enemies":"Champ","floor":33,"turns":11},{"damage":0,"enemies":"Orb Walker","floor":35,"turns":3},{"damage":15,"enemies":"3 Darklings","floor":36,"turns":11},{"damage":4,"enemies":"4 Shapes","floor":38,"turns":7},{"damage":17,"enemies":"Jaw Worm Horde","floor":41,"turns":4},{"damage":16,"enemies":"Sphere and 2 Shapes","floor":44,"turns":5},{"damage":29,"enemies":"Nemesis","floor":46,"turns":5},{"damage":22,"enemies":"3 Darklings","floor":47,"turns":6},{"damage":22,"enemies":"Jaw Worm Horde","floor":48,"turns":5},{"damage":24,"enemies":"Time Eater","floor":50,"turns":9}],"seed_played":"4123741822268402057","potions_obtained":[{"floor":5,"key":"Energy Potion"},{"floor":10,"key":"Poison Potion"},{"floor":13,"key":"LiquidBronze"},{"floor":14,"key":"Energy Potion"},{"floor":18,"key":"SmokeBomb"},{"floor":22,"key":"Swift Potion"},{"floor":30,"key":"Explosive Potion"},{"floor":31,"key":"Weak Potion"},{"floor":33,"key":"Swift Potion"},{"floor":35,"key":"SkillPotion"},{"floor":36,"key":"EntropicBrew"},{"floor":47,"key":"Dexterity Potion"},{"floor":48,"key":"Block Potion"}],"is_trial":false,"path_per_floor":["M","?","?","$","M","R","E","M","T","E","R","$","M","M","R","B",null,"M","M","$","?","M","R","M","M","T","E","M","$","M","M","R","B",null,"M","M","?","M","?","R","M","R","T","M","R","E","M","M","R","B",null],"character_chosen":"IRONCLAD","items_purchased":["Battle Trance","Inflame","Anchor"],"campfire_rested":1,"item_purchase_floors":[4,12,29],"current_hp_per_floor":[80,73,73,73,73,73,52,60,60,53,53,53,53,51,51,47,80,70,76,76,76,78,78,67,59,59,54,57,57,61,67,67,36,111,114,105,105,112,112,112,106,106,113,108,108,87,76,66,107,106],"gold":0,"neow_bonus":"THREE_RARE_CARDS","is_prod":false,"is_daily":false,"chose_seed":false,"campfire_upgraded":8,"win_rate":0,"timestamp":1551913240,"path_taken":["M","?","?","$","M","R","E","M","T","E","R","?","M","M","R","BOSS","M","M","$","?","M","R","?","M","T","E","M","$","M","M","R","BOSS","M","M","?","M","?","R","M","R","T","M","R","E","M","M","R","BOSS"],"build_version":"2019-01-23","purchased_purges":1,"victory":true,"max_hp_per_floor":[80,80,80,80,80,80,80,80,80,80,80,80,80,80,80,80,80,80,84,84,84,87,87,90,93,93,97,101,101,104,108,108,111,111,114,114,114,117,117,117,120,120,127,130,130,130,133,137,137,137],"card_choices":[{"not_picked":["Reaper","Immolate"],"picked":"Offering","floor":0},{"not_picked":["Blood for Blood","Clash"],"picked":"Headbutt","floor":1},{"not_picked":["Warcry","True Grit"],"picked":"Disarm","floor":5},{"not_picked":["Bludgeon","Sever Soul"],"picked":"Heavy Blade","floor":7},{"not_picked":["Pommel Strike","Dual Wield"],"picked":"Flame Barrier","floor":8},{"not_picked":["Berserk","Wild Strike"],"picked":"Armaments","floor":10},{"not_picked":["Shockwave","Corruption"],"picked":"Clothesline","floor":13},{"not_picked":["Perfected Strike","Clothesline"],"picked":"Infernal Blade","floor":14},{"not_picked":["Fiend Fire","Demon Form"],"picked":"Feed","floor":16},{"not_picked":["Shockwave","Sever Soul","Clash"],"picked":"SKIP","floor":18},{"not_picked":["Armaments+1","Havoc","Dual Wield"],"picked":"SKIP","floor":19},{"not_picked":["Clash","Power Through"],"picked":"Flex","floor":22},{"not_picked":["Iron Wave","True Grit"],"picked":"Body Slam","floor":24},{"not_picked":["Blood for Blood","Flex","Warcry"],"picked":"SKIP","floor":25},{"not_picked":["Wild Strike","Disarm"],"picked":"Rage","floor":27},{"not_picked":["Shockwave","Thunderclap"],"picked":"Disarm","floor":28},{"not_picked":["Iron Wave","Combust","Infernal Blade"],"picked":"SKIP","floor":30},{"not_picked":["True Grit","Fiend Fire","Body Slam"],"picked":"SKIP","floor":31},{"not_picked":["Feed","Berserk"],"picked":"Limit Break","floor":33},{"not_picked":["Perfected Strike","Twin Strike+1"],"picked":"Clothesline+1","floor":35},{"not_picked":["Clothesline+1","Body Slam+1","Cleave+1"],"picked":"SKIP","floor":36},{"not_picked":["Corruption","Havoc+1"],"picked":"Inflame","floor":38},{"not_picked":["Bloodletting","Clothesline"],"picked":"Twin Strike+1","floor":41},{"not_picked":["Sever Soul","Infernal Blade"],"picked":"Iron Wave+1","floor":44},{"not_picked":["Armaments+1","Reckless Charge+1"],"picked":"Twin Strike+1","floor":46},{"not_picked":["Sever Soul","Headbutt+1"],"picked":"Shrug It Off","floor":47},{"not_picked":["Immolate","Anger"],"picked":"Shrug It Off+1","floor":48}],"player_experience":557282,"relics_obtained":[{"floor":7,"key":"Blood Vial"},{"floor":9,"key":"Potion Belt"},{"floor":10,"key":"Art of War"},{"floor":26,"key":"Happy Flower"},{"floor":27,"key":"Tiny Chest"},{"floor":43,"key":"Strawberry"},{"floor":46,"key":"PreservedInsect"}],"event_choices":[{"cards_removed":["Strike_R"],"damage_healed":0,"gold_gain":0,"player_choice":"Card Removal","damage_taken":7,"max_hp_gain":0,"max_hp_loss":0,"event_name":"Golden Wing","floor":2,"gold_loss":0},{"damage_healed":0,"gold_gain":175,"player_choice":"AGREE","damage_taken":0,"max_hp_gain":0,"max_hp_loss":0,"event_name":"Liars Game","floor":3,"gold_loss":0,"cards_obtained":["Doubt"]},{"damage_healed":0,"gold_gain":0,"player_choice":"1 cards matched","damage_taken":0,"max_hp_gain":0,"max_hp_loss":0,"event_name":"Match and Keep!","floor":21,"gold_loss":0,"cards_obtained":["True Grit"]},{"damage_healed":0,"gold_gain":0,"player_choice":"Paid","damage_taken":0,"relics_obtained":["Red Mask"],"max_hp_gain":0,"max_hp_loss":0,"event_name":"Tomb of Lord Red Mask","floor":37,"gold_loss":47},{"cards_removed":["Defend_R"],"damage_healed":0,"gold_gain":0,"player_choice":"Removed Skill","damage_taken":0,"max_hp_gain":0,"max_hp_loss":0,"event_name":"Falling","floor":39,"gold_loss":0}],"is_beta":false,"boss_relics":[{"not_picked":["Astrolabe","Eternal Feather"],"picked":"Ectoplasm"},{"not_picked":["Runic Pyramid","Coffee Dripper"],"picked":"Snecko Eye"}],"items_purged_floors":[4],"is_endless":false,"potions_floor_spawned":[5,10,13,14,18,22,30,31,33,35,36,47,48],"ascension_level":0}