{"gold_per_floor":[109,32,44,44,56,90,104,104,104,104,104],"floor_reached":11,"playtime":327,"items_purged":[],"score":139,"play_id":"38c3e7f4-0d5e-4718-b51d-dcbbeb6cf571","local_time":"20190811165257","is_ascension_mode":true,"campfire_choices":[{"floor":8,"key":"REST"}],"neow_cost":"NONE","seed_source_timestamp":83384100119000,"circlet_count":0,"master_deck":["AscendersBane","Strike_G","Strike_G","Strike_G","Strike_G","Strike_G","Defend_G","Defend_G","Defend_G","Defend_G","Defend_G","Survivor","Neutralize","Footwork","Deadly Poison","Quick Slash"],"relics":["Ring of the Snake","NeowsBlessing","Sundial","Pantograph","Golden Idol"],"potions_floor_usage":[6],"damage_taken":[{"damage":0,"enemies":"Cultist","floor":1,"turns":1},{"damage":0,"enemies":"Jaw Worm","floor":3,"turns":1},{"damage":0,"enemies":"2 Louse","floor":5,"turns":1},{"damage":21,"enemies":"Lagavulin","floor":6,"turns":7},{"damage":21,"enemies":"Large Slime","floor":7,"turns":9},{"damage":44,"enemies":"3 Sentries","floor":11,"turns":9}],"seed_played":"5287224930647765011","potions_obtained":[{"floor":3,"key":"Strength Potion"},{"floor":7,"key":"GamblersBrew"}],"is_trial":false,"path_per_floor":["M","$","M","?","M","E","M","R","T","?","E"],"character_chosen":"THE_SILENT","items_purchased":["Footwork"],"campfire_rested":1,"item_purchase_floors":[2],"current_hp_per_floor":[59,59,59,64,64,43,22,43,43,43,0],"gold":104,"neow_bonus":"THREE_ENEMY_KILL","is_prod":false,"is_daily":false,"chose_seed":false,"campfire_upgraded":0,"win_rate":0,"timestamp":1565556777,"path_taken":["M","?","M","?","M","E","M","R","T","?","E"],"build_version":"2019-07-17","purchased_purges":0,"victory":false,"max_hp_per_floor":[66,66,66,71,71,71,71,71,71,64,64],"card_choices":[{"not_picked":["Blade Dance","Endless Agony","Accuracy"],"picked":"SKIP","floor":1},{"not_picked":["Dagger Throw","Bane"],"picked":"Deadly Poison","floor":3},{"not_picked":["Prepared","Bouncing Flask"],"picked":"Quick Slash","floor":5},{"not_picked":["Riddle With Holes","Accuracy","Wraith Form v2"],"picked":"SKIP","floor":6},{"not_picked":["Bane","Slice","Dodge and Roll"],"picked":"SKIP","floor":7}],"player_experience":688489,"relics_obtained":[{"floor":6,"key":"Sundial"},{"floor":9,"key":"Pantograph"}],"event_choices":[{"damage_healed":0,"gold_gain":0,"player_choice":"Donut","damage_taken":0,"max_hp_gain":5,"max_hp_loss":0,"event_name":"Big Fish","floor":4,"gold_loss":0},{"damage_healed":0,"gold_gain":0,"player_choice":"Lose Max HP","damage_taken":0,"relics_obtained":["Golden Idol"],"max_hp_gain":0,"max_hp_loss":7,"event_name":"Golden Idol","floor":10,"gold_loss":0}],"is_beta":false,"boss_relics":[],"items_purged_floors":[],"is_endless":false,"potions_floor_spawned":[3,7],"killed_by":"3 Sentries","ascension_level":18}