{"gold_per_floor":[114,114,114,114,9,40,113,145,172,190,190,202,236,250,250,350,350,364,364,364,378,303,336,352,386,386,400,417,429,429,429,429,429],"floor_reached":33,"playtime":1883,"items_purged":[],"score":550,"play_id":"eaa80cc1-fd02-4689-bbda-64c1a48a6997","local_time":"20190316183451","is_ascension_mode":true,"campfire_choices":[{"data":"Perfected Strike","floor":11,"key":"SMITH"},{"data":"Rampage","floor":15,"key":"SMITH"},{"data":"Perfected Strike","floor":30,"key":"SMITH"},{"data":"Combust","floor":32,"key":"SMITH"}],"neow_cost":"NONE","seed_source_timestamp":331146318709587,"circlet_count":0,"master_deck":["AscendersBane","Strike_R","Strike_R+1","Strike_R+1","Strike_R","Strike_R","Defend_R+1","Defend_R+1","Bash+1","Perfected Strike+1","Combust+1","Perfected Strike+1","Rampage+1","Headbutt","Battle Trance","Shrug It Off","Inflame","Double Tap","Flex+1","Rupture","RitualDagger","Shrug It Off+1","Sword Boomerang+1","Spot Weakness+1","Heavy Blade","Offering"],"relics":["Burning Blood","NeowsBlessing","Mummified Hand","War Paint","Anchor","Orichalcum","Pen Nib","Eternal Feather","Oddly Smooth Stone","Blood Vial","Bottled Lightning"],"potions_floor_usage":[24,25,27,29,33],"damage_taken":[{"damage":0,"enemies":"Cultist","floor":1,"turns":1},{"damage":0,"enemies":"Gremlin Nob","floor":6,"turns":1},{"damage":1,"enemies":"3 Sentries","floor":8,"turns":1},{"damage":2,"enemies":"Jaw Worm","floor":10,"turns":2},{"damage":0,"enemies":"2 Louse","floor":12,"turns":2},{"damage":13,"enemies":"Gremlin Nob","floor":13,"turns":3},{"damage":1,"enemies":"Looter","floor":14,"turns":2},{"damage":49,"enemies":"The Guardian","floor":16,"turns":7},{"damage":2,"enemies":"Chosen","floor":18,"turns":3},{"damage":15,"enemies":"Shell Parasite","floor":21,"turns":5},{"damage":38,"enemies":"Book of Stabbing","floor":23,"turns":4},{"damage":0,"enemies":"Cultist and Chosen","floor":24,"turns":4},{"damage":19,"enemies":"Gremlin Leader","floor":25,"turns":5},{"damage":12,"enemies":"Sentry and Sphere","floor":27,"turns":5},{"damage":7,"enemies":"Snake Plant","floor":28,"turns":3},{"damage":3,"enemies":"Centurion and Healer","floor":29,"turns":4},{"damage":64,"enemies":"Collector","floor":33,"turns":5}],"seed_played":"5969079225014858768","potions_obtained":[{"floor":1,"key":"EssenceOfSteel"},{"floor":8,"key":"PowerPotion"},{"floor":24,"key":"SpeedPotion"},{"floor":28,"key":"Explosive Potion"},{"floor":29,"key":"BloodPotion"}],"is_trial":false,"path_per_floor":["M","?","T","?","$","E","?","E","T","M","R","M","E","M","R","B",null,"M","?","?","M","?","E","M","E","T","M","M","M","R","?","R","B"],"character_chosen":"IRONCLAD","items_purchased":["Combust","Perfected Strike"],"campfire_rested":0,"item_purchase_floors":[5,5],"current_hp_per_floor":[78,62,62,62,62,68,68,73,73,77,77,80,73,78,78,35,69,73,73,67,58,58,26,32,19,19,15,16,21,36,36,51,0],"gold":429,"neow_bonus":"THREE_ENEMY_KILL","is_prod":false,"is_daily":false,"chose_seed":false,"campfire_upgraded":4,"win_rate":0,"timestamp":1552761291,"path_taken":["M","?","?","?","$","E","?","E","T","M","R","M","E","M","R","BOSS","M","?","?","?","?","E","M","E","T","M","M","M","R","?","R","BOSS"],"build_version":"2019-01-23","purchased_purges":0,"victory":false,"max_hp_per_floor":[80,80,80,80,80,80,80,80,80,80,80,80,80,80,80,80,80,80,80,80,80,80,80,80,80,80,80,80,80,80,80,80,80],"card_choices":[{"not_picked":["Bloodletting","True Grit"],"picked":"Perfected Strike","floor":1},{"not_picked":["Bloodletting","Fire Breathing"],"picked":"Rampage","floor":6},{"not_picked":["Intimidate","Havoc"],"picked":"Headbutt","floor":8},{"not_picked":["Wild Strike","Iron Wave"],"picked":"Battle Trance","floor":10},{"not_picked":["Clash","Armaments","Ghostly Armor"],"picked":"SKIP","floor":12},{"not_picked":["Cleave","Infernal Blade"],"picked":"Shrug It Off","floor":13},{"not_picked":["Dropkick","Anger"],"picked":"Inflame","floor":14},{"not_picked":["Reaper","Limit Break"],"picked":"Double Tap","floor":16},{"not_picked":["Warcry","Reckless Charge"],"picked":"Flex+1","floor":18},{"not_picked":["Iron Wave","Entrench+1"],"picked":"Shrug It Off+1","floor":21},{"not_picked":["Wild Strike","Fire Breathing"],"picked":"Sword Boomerang+1","floor":23},{"not_picked":["Cleave","Thunderclap","Clash+1"],"picked":"SKIP","floor":24},{"not_picked":["Sword Boomerang","Ghostly Armor"],"picked":"Spot Weakness+1","floor":25},{"not_picked":["Thunderclap","Combust"],"picked":"Heavy Blade","floor":27},{"not_picked":["Warcry","Rage","Hemokinesis"],"picked":"SKIP","floor":28},{"not_picked":["Intimidate","Flex+1"],"picked":"Offering","floor":29}],"player_experience":637968,"relics_obtained":[{"floor":3,"key":"Mummified Hand"},{"floor":6,"key":"War Paint"},{"floor":8,"key":"Anchor"},{"floor":9,"key":"Orichalcum"},{"floor":13,"key":"Pen Nib"},{"floor":23,"key":"Oddly Smooth Stone"},{"floor":25,"key":"Blood Vial"},{"floor":26,"key":"Bottled Lightning"}],"event_choices":[{"damage_healed":0,"gold_gain":0,"player_choice":"Entered Light","damage_taken":16,"max_hp_gain":0,"max_hp_loss":0,"event_name":"Shining Light","floor":2,"gold_loss":0,"cards_upgraded":["Strike_R","Strike_R"]},{"damage_healed":0,"gold_gain":0,"player_choice":"Grow","damage_taken":0,"max_hp_gain":0,"max_hp_loss":0,"event_name":"Living Wall","floor":4,"gold_loss":0,"cards_upgraded":["Bash"]},{"damage_healed":0,"gold_gain":73,"player_choice":"Gained Gold","damage_taken":0,"max_hp_gain":0,"max_hp_loss":0,"event_name":"Golden Wing","floor":7,"gold_loss":0},{"damage_healed":0,"gold_gain":0,"player_choice":"Read","damage_taken":0,"max_hp_gain":0,"max_hp_loss":0,"event_name":"The Library","floor":19,"gold_loss":0,"cards_obtained":["Rupture"]},{"damage_healed":0,"gold_gain":0,"player_choice":"Joined the Cult","damage_taken":6,"max_hp_gain":0,"max_hp_loss":0,"event_name":"Nest","floor":20,"gold_loss":0,"cards_obtained":["RitualDagger"]},{"cards_removed":["Defend_R"],"damage_healed":0,"gold_gain":0,"player_choice":"Gave Gold","damage_taken":0,"max_hp_gain":0,"max_hp_loss":0,"event_name":"Beggar","floor":22,"gold_loss":75},{"cards_removed":["Defend_R"],"damage_healed":0,"gold_gain":0,"player_choice":"Offered Basic","damage_taken":0,"max_hp_gain":0,"max_hp_loss":0,"event_name":"Bonfire Elementals","floor":31,"gold_loss":0}],"is_beta":false,"boss_relics":[{"not_picked":["White Beast Statue","Runic Cube"],"picked":"Eternal Feather"}],"items_purged_floors":[],"is_endless":false,"potions_floor_spawned":[1,8,14,18,21,24,28,29],"killed_by":"Collector","ascension_level":11}