{"gold_per_floor":[109,119,119,143,75,75,116,132,132,148,0,0,0,41,41,134,134,152,196,219,219],"floor_reached":21,"playtime":3081,"items_purged":["Strike_B"],"score":418,"play_id":"8a7bb1ec-7de4-4b90-ac35-0f77429de973","local_time":"20190406181105","is_ascension_mode":true,"campfire_choices":[{"data":"Rip and Tear","floor":6,"key":"SMITH"},{"floor":12,"key":"REST"},{"floor":15,"key":"REST"}],"neow_cost":"NONE","seed_source_timestamp":757054055609559,"circlet_count":0,"master_deck":["AscendersBane","Strike_B","Strike_B","Strike_B","Defend_B","Defend_B","Defend_B","Defend_B","Zap","Dualcast","Sweeping Beam","Lockon","Rip and Tear+1","Ball Lightning","Darkness","Ball Lightning","Fission","Genetic Algorithm+1","Cold Snap","Coolheaded"],"relics":["Cursed Key","Golden Idol","Lantern","Du-Vu Doll","Black Star","Red Mask"],"potions_floor_usage":[14,16,20],"damage_taken":[{"damage":1,"enemies":"Cultist","floor":1,"turns":3},{"damage":0,"enemies":"Small Slimes","floor":2,"turns":3},{"damage":4,"enemies":"Jaw Worm","floor":4,"turns":3},{"damage":31,"enemies":"Gremlin Nob","floor":7,"turns":4},{"damage":3,"enemies":"Blue Slaver","floor":8,"turns":2},{"damage":14,"enemies":"Lots of Slimes","floor":10,"turns":3},{"damage":20,"enemies":"3 Sentries","floor":14,"turns":4},{"damage":0,"enemies":"Slime Boss","floor":16,"turns":4},{"damage":0,"enemies":"3 Byrds","floor":18,"turns":4},{"damage":39,"enemies":"Masked Bandits","floor":19,"turns":4},{"damage":11,"enemies":"2 Thieves","floor":20,"turns":4},{"damage":18,"enemies":"Snecko","floor":21,"turns":3}],"seed_played":"607143688328087949","potions_obtained":[{"floor":7,"key":"AttackPotion"},{"floor":8,"key":"GamblersBrew"},{"floor":14,"key":"EssenceOfSteel"}],"is_trial":false,"path_per_floor":["M","M","?","M","$","R","E","M","T","M","$","R","$","E","R","B",null,"M","?","M","M"],"character_chosen":"DEFECT","items_purchased":["Rip and Tear","FocusPotion"],"campfire_rested":2,"item_purchase_floors":[5,11],"current_hp_per_floor":[63,63,63,59,59,59,28,25,25,11,11,30,30,10,29,29,55,55,16,5,0],"gold":219,"neow_bonus":"BOSS_RELIC","is_prod":false,"is_daily":false,"chose_seed":false,"campfire_upgraded":1,"win_rate":0,"timestamp":1554570665,"path_taken":["M","?","?","M","$","R","E","M","T","M","$","R","?","E","R","BOSS","M","?","M","M"],"build_version":"2019-01-23","purchased_purges":1,"victory":false,"max_hp_per_floor":[71,71,64,64,64,64,64,64,64,64,64,64,64,64,64,64,64,64,64,64,64],"card_choices":[{"not_picked":["Rebound","Coolheaded"],"picked":"Sweeping Beam","floor":1},{"not_picked":["Beam Cell","Gash","Stack"],"picked":"SKIP","floor":2},{"not_picked":["Double Energy","Leap"],"picked":"Lockon","floor":4},{"not_picked":["Rebound","FTL"],"picked":"Ball Lightning","floor":7},{"not_picked":["Melter","Stack"],"picked":"Darkness","floor":8},{"not_picked":["Tempest","Beam Cell","Compile Driver"],"picked":"SKIP","floor":10},{"not_picked":["Chill","Turbo"],"picked":"Ball Lightning","floor":14},{"not_picked":["Seek","Hyperbeam"],"picked":"Fission","floor":16},{"not_picked":["Rebound","Sweeping Beam"],"picked":"Genetic Algorithm+1","floor":18},{"not_picked":["Hologram","Sweeping Beam+1"],"picked":"Cold Snap","floor":19},{"not_picked":["Compile Driver","Barrage"],"picked":"Coolheaded","floor":20}],"player_experience":732297,"relics_obtained":[{"floor":7,"key":"Lantern"},{"floor":14,"key":"Du-Vu Doll"},{"floor":19,"key":"Red Mask"}],"event_choices":[{"damage_healed":0,"gold_gain":0,"player_choice":"Lose Max HP","damage_taken":0,"relics_obtained":["Golden Idol"],"max_hp_gain":0,"max_hp_loss":7,"event_name":"Golden Idol","floor":3,"gold_loss":0},{"damage_healed":0,"gold_gain":0,"player_choice":"Fought Bandits","damage_taken":0,"max_hp_gain":0,"max_hp_loss":0,"event_name":"Masked Bandits","floor":19,"gold_loss":0}],"is_beta":false,"boss_relics":[{"not_picked":["Runic Pyramid","Lizard Tail"],"picked":"Black Star"}],"items_purged_floors":[11],"is_endless":false,"potions_floor_spawned":[7,8,14],"killed_by":"Snecko","ascension_level":15}