{"gold_per_floor":[114,114,64,79,94,109,109,124,174,189,189,264,294,20,20,120,120,135,135,160,175,190,220,220,250,300,315,315,15,15,15,15,115,115,130,205,305,305,55,55,85,85,85,100,0,50,80,95,95,95],"floor_reached":51,"playtime":3615,"items_purged":["Havoc","Pain"],"score":941,"play_id":"76980a30-ade2-483f-83d0-0270560477dd","local_time":"20190801161108","daily_mods":["Insanity","Time Dilation","Night Terrors"],"is_ascension_mode":false,"campfire_choices":[{"data":"Flex","floor":7,"key":"SMITH"},{"data":"Spot Weakness","floor":11,"key":"SMITH"},{"data":"Flex","floor":15,"key":"SMITH"},{"floor":24,"key":"DIG"},{"floor":28,"key":"DIG"},{"floor":30,"key":"DIG"},{"floor":32,"key":"DIG"},{"data":"Limit Break","floor":40,"key":"SMITH"},{"floor":42,"key":"DIG"},{"floor":49,"key":"DIG"}],"neow_cost":"","seed_source_timestamp":0,"circlet_count":0,"master_deck":["Clash","Spot Weakness+1","Iron Wave","Carnage","Anger","Battle Trance","Body Slam","Shrug It Off","Pommel Strike","Disarm","Iron Wave","True Grit","Infernal Blade","Armaments","Cleave","Hemokinesis","Clash","Metallicize","Ghostly Armor","Warcry","Rampage","Clothesline","Iron Wave","Intimidate","Flex+1","Iron Wave","Combust","Cleave","True Grit","Clothesline","Clash","Reckless Charge+1","Sword Boomerang","Iron Wave","Headbutt","Heavy Blade","Heavy Blade","Shrug It Off","Warcry","Anger","Bloodletting","Flex+1","Anger","Spot Weakness","Wild Strike","Headbutt","Sentinel","Clash","Impervious","Flex","Limit Break+1","Flex","Cleave+1","Immolate+1","Rage","Immolate","Limit Break+1","Parasite","Reaper","Pain","Feel No Pain+1","Seeing Red+1"],"special_seed":18109,"relics":["Burning Blood","Bag of Marbles","Oddly Smooth Stone","Bag of Preparation","Runic Cube","Boot","Shovel","Thread and Needle","Mango","Whetstone","Orichalcum","Pen Nib","Lantern","Toxic Egg 2","Torii","Question Card","Cursed Key","Letter Opener","Charon\u0027s Ashes","Darkstone Periapt","Mercury Hourglass","Blood Vial","Meat on the Bone","Regal Pillow","Vajra","Kunai"],"potions_floor_usage":[33,33,48],"damage_taken":[{"damage":2,"enemies":"Small Slimes","floor":1,"turns":3},{"damage":0,"enemies":"Jaw Worm","floor":4,"turns":1},{"damage":0,"enemies":"2 Louse","floor":5,"turns":2},{"damage":0,"enemies":"Blue Slaver","floor":6,"turns":2},{"damage":0,"enemies":"Large Slime","floor":8,"turns":1},{"damage":0,"enemies":"Exordium Thugs","floor":10,"turns":4},{"damage":15,"enemies":"Lagavulin","floor":13,"turns":3},{"damage":5,"enemies":"Hexaghost","floor":16,"turns":4},{"damage":0,"enemies":"3 Byrds","floor":18,"turns":2},{"damage":4,"enemies":"Chosen","floor":21,"turns":2},{"damage":4,"enemies":"Centurion and Healer","floor":22,"turns":5},{"damage":27,"enemies":"Book of Stabbing","floor":23,"turns":5},{"damage":20,"enemies":"Gremlin Leader","floor":25,"turns":3},{"damage":3,"enemies":"Snake Plant","floor":27,"turns":3},{"damage":59,"enemies":"Automaton","floor":33,"turns":7},{"damage":3,"enemies":"3 Shapes","floor":35,"turns":2},{"damage":2,"enemies":"Mind Bloom Boss Battle","floor":37,"turns":4},{"damage":44,"enemies":"Giant Head","floor":41,"turns":8},{"damage":0,"enemies":"3 Darklings","floor":44,"turns":1},{"damage":6,"enemies":"Nemesis","floor":47,"turns":5},{"damage":37,"enemies":"Transient","floor":48,"turns":5},{"damage":26,"enemies":"Awakened One","floor":50,"turns":7}],"seed_played":"-2020215649627898400","potions_obtained":[{"floor":4,"key":"Fire Potion"},{"floor":6,"key":"Regen Potion"},{"floor":10,"key":"GamblersBrew"},{"floor":33,"key":"Weak Potion"},{"floor":35,"key":"GamblersBrew"}],"is_trial":false,"path_per_floor":["M","?","?","M","M","M","R","M","T","M","R","?","E","$","R","B",null,"M","?","T","M","M","E","R","E","T","M","R","$","R","T","R","B",null,"M","T","?","?","$","R","E","R","T","M","$","T","E","M","R","B",null],"character_chosen":"IRONCLAD","items_purchased":["Flex","Bag of Preparation","Pen Nib","Lantern","Darkstone Periapt"],"campfire_rested":0,"item_purchase_floors":[14,14,29,29,39],"current_hp_per_floor":[80,73,73,79,80,80,80,80,80,80,80,69,60,60,60,61,80,80,80,80,80,80,59,59,59,59,62,62,62,62,62,62,9,94,94,94,94,94,94,94,56,56,62,70,70,76,78,62,62,100],"gold":95,"neow_bonus":"","is_prod":false,"is_daily":true,"chose_seed":false,"campfire_upgraded":4,"win_rate":0,"timestamp":1564665068,"path_taken":["M","?","?","M","M","M","R","M","T","M","R","?","E","?","R","BOSS","M","?","?","?","M","E","R","E","T","M","R","$","R","?","R","BOSS","M","?","?","?","$","R","E","R","T","?","?","?","E","M","R","BOSS"],"build_version":"2019-07-17","purchased_purges":2,"victory":true,"max_hp_per_floor":[80,80,80,80,80,80,80,80,80,80,80,80,80,80,80,80,80,80,80,80,80,80,80,80,94,94,94,94,94,94,94,94,94,94,94,94,94,94,94,94,94,94,100,100,100,106,106,106,106,106],"card_choices":[{"not_picked":["Disarm","Searing Blow","Twin Strike"],"picked":"SKIP","floor":1},{"not_picked":["Whirlwind","Burning Pact","Shrug It Off"],"picked":"SKIP","floor":4},{"not_picked":["Sword Boomerang","Heavy Blade","True Grit"],"picked":"SKIP","floor":5},{"not_picked":["Corruption","Pommel Strike","Iron Wave"],"picked":"SKIP","floor":6},{"not_picked":["Sever Soul","Searing Blow","Cleave"],"picked":"SKIP","floor":8},{"not_picked":["Clothesline","Sever Soul"],"picked":"Clash","floor":10},{"not_picked":["Hemokinesis","Iron Wave"],"picked":"Impervious","floor":13},{"not_picked":["Berserk","Feed"],"picked":"Limit Break","floor":16},{"not_picked":["Clothesline","Metallicize"],"picked":"Flex","floor":18},{"not_picked":["Heavy Blade","Clothesline"],"picked":"Cleave+1","floor":21},{"not_picked":["Evolve","Iron Wave","Headbutt"],"picked":"SKIP","floor":22},{"not_picked":["True Grit","Dropkick+1"],"picked":"Immolate","floor":23},{"not_picked":["Brutality","Burning Pact"],"picked":"Rage","floor":25},{"not_picked":["Sentinel+1","Twin Strike+1","Headbutt+1"],"picked":"SKIP","floor":27},{"not_picked":["Bludgeon","Exhume+1","Feed"],"picked":"Immolate","floor":33},{"not_picked":["Headbutt","Sword Boomerang+1","True Grit+1","Searing Blow"],"picked":"SKIP","floor":35},{"not_picked":["Wild Strike+1","Dual Wield+1","Sword Boomerang","Thunderclap"],"picked":"SKIP","floor":41},{"not_picked":["Searing Blow+1","Power Through+1","Havoc+1"],"picked":"Reaper","floor":44},{"not_picked":["Iron Wave","Barricade","Ghostly Armor+1"],"picked":"Feel No Pain+1","floor":47},{"not_picked":["Heavy Blade","Perfected Strike+1","Twin Strike"],"picked":"Seeing Red+1","floor":48}],"player_experience":143292,"relics_obtained":[{"floor":9,"key":"Bag of Marbles"},{"floor":13,"key":"Oddly Smooth Stone"},{"floor":20,"key":"Boot"},{"floor":23,"key":"Shovel"},{"floor":24,"key":"Thread and Needle"},{"floor":25,"key":"Mango"},{"floor":26,"key":"Whetstone"},{"floor":28,"key":"Orichalcum"},{"floor":30,"key":"Toxic Egg 2"},{"floor":31,"key":"Torii"},{"floor":32,"key":"Question Card"},{"floor":36,"key":"Letter Opener"},{"floor":37,"key":"Charon\u0027s Ashes"},{"floor":41,"key":"Mercury Hourglass"},{"floor":42,"key":"Blood Vial"},{"floor":43,"key":"Meat on the Bone"},{"floor":46,"key":"Regal Pillow"},{"floor":47,"key":"Vajra"},{"floor":49,"key":"Kunai"}],"event_choices":[{"cards_removed":["Sever Soul"],"damage_healed":0,"gold_gain":0,"player_choice":"Card Removal","damage_taken":7,"max_hp_gain":0,"max_hp_loss":0,"event_name":"Golden Wing","floor":2,"gold_loss":0},{"cards_removed":["Clash"],"damage_healed":0,"gold_gain":0,"player_choice":"Card Removal","damage_taken":0,"max_hp_gain":0,"max_hp_loss":0,"event_name":"The Cleric","floor":3,"gold_loss":50},{"damage_healed":0,"gold_gain":75,"player_choice":"Gather Gold","damage_taken":11,"max_hp_gain":0,"max_hp_loss":0,"event_name":"World of Goop","floor":12,"gold_loss":0},{"damage_healed":0,"gold_gain":0,"player_choice":"Ignored","damage_taken":0,"max_hp_gain":0,"max_hp_loss":0,"event_name":"Ghosts","floor":19,"gold_loss":0},{"damage_healed":0,"gold_gain":0,"player_choice":"Fight","damage_taken":0,"max_hp_gain":0,"max_hp_loss":0,"event_name":"MindBloom","floor":37,"gold_loss":0},{"damage_healed":0,"gold_gain":0,"player_choice":"Copied","damage_taken":0,"max_hp_gain":0,"max_hp_loss":0,"event_name":"Duplicator","floor":38,"gold_loss":0,"cards_obtained":["Limit Break"]}],"is_beta":false,"boss_relics":[{"not_picked":["Lizard Tail","Fusion Hammer"],"picked":"Runic Cube"},{"not_picked":["Runic Dome","Calling Bell"],"picked":"Cursed Key"}],"items_purged_floors":[14,45],"is_endless":false,"potions_floor_spawned":[4,6,10,21,33,35,41],"ascension_level":0}