{"gold_per_floor":[112,287,298,379,224,224,224,224,251,251,284,284,300,312,312,414,414,426,446,446,458,488,500,512],"floor_reached":24,"playtime":1401,"items_purged":["Doubt"],"score":204,"play_id":"0676a9e2-cd5a-49ed-9ca2-e47cebc33b50","local_time":"20190730202543","is_ascension_mode":true,"campfire_choices":[{"data":"Loop","floor":6,"key":"SMITH"},{"data":"Zap","floor":12,"key":"SMITH"},{"floor":15,"key":"REST"},{"data":"Creative AI","floor":23,"key":"SMITH"}],"neow_cost":"NONE","seed_source_timestamp":1669024279564800,"circlet_count":0,"master_deck":["Strike_B","Strike_B","Strike_B+1","Defend_B+1","Defend_B","Defend_B+1","Defend_B","Zap+1","Dualcast+1","Stack","FTL","Loop+1","Leap","Lockon+1","Cold Snap","Stack","Creative AI+1","Leap","Undo+1","Writhe"],"relics":["Cracked Core","Gremlin Horn","Orichalcum","Smiling Mask","Whetstone","Cursed Key","MawBank","NlothsMask"],"potions_floor_usage":[],"damage_taken":[{"damage":1,"enemies":"2 Louse","floor":1,"turns":2},{"damage":1,"enemies":"Jaw Worm","floor":3,"turns":3},{"damage":16,"enemies":"Gremlin Nob","floor":11,"turns":4},{"damage":0,"enemies":"Small Slimes","floor":13,"turns":3},{"damage":5,"enemies":"2 Fungi Beasts","floor":14,"turns":2},{"damage":11,"enemies":"The Guardian","floor":16,"turns":10},{"damage":25,"enemies":"Spheric Guardian","floor":18,"turns":6},{"damage":3,"enemies":"Shell Parasite","floor":19,"turns":4},{"damage":14,"enemies":"Cultist and Chosen","floor":22,"turns":8},{"damage":34,"enemies":"Book of Stabbing","floor":24,"turns":6}],"seed_played":"6586035315172796242","potions_obtained":[{"floor":3,"key":"SmokeBomb"},{"floor":19,"key":"AttackPotion"}],"is_trial":false,"path_per_floor":["M","?","M","T","$","R","?","?","T","?","E","R","M","M","R","B",null,"M","M","?","?","M","R","E"],"character_chosen":"DEFECT","items_purchased":["Loop"],"campfire_rested":1,"item_purchase_floors":[5],"current_hp_per_floor":[74,74,73,73,73,73,58,58,58,46,30,30,30,25,47,36,75,50,47,47,47,33,33,0],"gold":512,"neow_bonus":"UPGRADE_CARD","is_prod":false,"is_daily":false,"chose_seed":false,"campfire_upgraded":3,"win_rate":0,"timestamp":1564507543,"path_taken":["M","?","M","?","$","R","?","?","T","?","E","R","?","M","R","BOSS","M","M","?","?","M","R","E"],"build_version":"2019-07-17","purchased_purges":1,"victory":false,"max_hp_per_floor":[75,75,75,75,75,75,75,75,75,75,75,75,75,75,75,75,75,75,75,75,75,75,75,75],"card_choices":[{"not_picked":["Compile Driver","Steam"],"picked":"Stack","floor":1},{"not_picked":["Stack","Reinforced Body"],"picked":"FTL","floor":3},{"not_picked":["Barrage","Hologram"],"picked":"Lockon","floor":11},{"not_picked":["Leap","Conserve Battery"],"picked":"Cold Snap","floor":13},{"not_picked":["Force Field","Genetic Algorithm"],"picked":"Stack","floor":14},{"not_picked":["Rainbow","Thunder Strike"],"picked":"Creative AI","floor":16},{"not_picked":["Go for the Eyes","Ball Lightning"],"picked":"Leap","floor":18},{"not_picked":["Turbo","Steam Power"],"picked":"Undo+1","floor":19},{"not_picked":["Recycle","Ball Lightning","Rip and Tear"],"picked":"SKIP","floor":22}],"player_experience":126180,"relics_obtained":[{"floor":4,"key":"Gremlin Horn"},{"floor":9,"key":"Orichalcum"},{"floor":11,"key":"Whetstone"}],"event_choices":[{"damage_healed":0,"gold_gain":175,"player_choice":"AGREE","damage_taken":0,"max_hp_gain":0,"max_hp_loss":0,"event_name":"Liars Game","floor":2,"gold_loss":0,"cards_obtained":["Doubt"]},{"damage_healed":0,"gold_gain":0,"player_choice":"Entered Light","damage_taken":15,"max_hp_gain":0,"max_hp_loss":0,"event_name":"Shining Light","floor":7,"gold_loss":0,"cards_upgraded":["Defend_B","Defend_B"]},{"damage_healed":0,"gold_gain":0,"cards_transformed":["Strike_B"],"player_choice":"Change","damage_taken":0,"max_hp_gain":0,"max_hp_loss":0,"event_name":"Living Wall","floor":8,"gold_loss":0,"cards_obtained":["Leap"]},{"damage_healed":0,"gold_gain":0,"player_choice":"Success","damage_taken":12,"relics_obtained":["Smiling Mask"],"max_hp_gain":0,"max_hp_loss":0,"event_name":"Scrap Ooze","floor":10,"gold_loss":0},{"damage_healed":0,"gold_gain":0,"player_choice":"Opened","damage_taken":0,"relics_obtained":["MawBank"],"max_hp_gain":0,"max_hp_loss":0,"event_name":"The Mausoleum","floor":20,"gold_loss":0,"cards_obtained":["Writhe"]},{"damage_healed":0,"gold_gain":0,"player_choice":"Trade","damage_taken":0,"relics_obtained":["NlothsMask"],"max_hp_gain":0,"max_hp_loss":0,"event_name":"FaceTrader","floor":21,"gold_loss":0}],"is_beta":false,"boss_relics":[{"not_picked":["Velvet Choker","Fusion Hammer"],"picked":"Cursed Key"}],"items_purged_floors":[5],"is_endless":false,"potions_floor_spawned":[3,19],"killed_by":"Book of Stabbing","ascension_level":1}