{"gold_per_floor":[117,133,308,288,141,141,174,174,174,186,225,247,209,48,48,126,126,110,110,160,73,84,84,113,130,206,206],"floor_reached":27,"playtime":1221,"items_purged":["Doubt","Strike_G"],"score":391,"play_id":"95be4777-6549-4357-aa17-66a5dc1ebdc4","local_time":"20190729103518","is_ascension_mode":true,"campfire_choices":[{"data":"Footwork","floor":6,"key":"SMITH"},{"data":"Dash","floor":8,"key":"SMITH"},{"data":"Dagger Throw","floor":10,"key":"SMITH"},{"data":"Noxious Fumes","floor":15,"key":"SMITH"},{"data":"Acrobatics","floor":23,"key":"SMITH"}],"neow_cost":"NONE","seed_source_timestamp":676094670671800,"circlet_count":0,"master_deck":["AscendersBane","Strike_G","Strike_G","Strike_G","Defend_G","Defend_G","Defend_G","Defend_G","Defend_G","Survivor","Neutralize+1","Dagger Throw+1","Footwork+1","Dash+1","Backflip","Acrobatics+1","Deadly Poison","Noxious Fumes+1","Glass Knife","Leg Sweep","Acrobatics","Footwork","Underhanded Strike","Footwork"],"relics":["Ring of the Snake","Letter Opener","MawBank","Bag of Marbles","HoveringKite","Lantern","Tiny Chest"],"potions_floor_usage":[4,11,16,27],"damage_taken":[{"damage":1,"enemies":"Small Slimes","floor":1,"turns":4},{"damage":0,"enemies":"Jaw Worm","floor":2,"turns":7},{"damage":9,"enemies":"Lagavulin","floor":7,"turns":9},{"damage":24,"enemies":"Gremlin Nob","floor":11,"turns":4},{"damage":0,"enemies":"Cultist","floor":12,"turns":3},{"damage":3,"enemies":"The Guardian","floor":16,"turns":10},{"damage":6,"enemies":"2 Thieves","floor":18,"turns":4},{"damage":2,"enemies":"Shell Parasite","floor":22,"turns":7},{"damage":18,"enemies":"Book of Stabbing","floor":24,"turns":8},{"damage":18,"enemies":"Snecko","floor":25,"turns":6},{"damage":22,"enemies":"Gremlin Leader","floor":27,"turns":2}],"seed_played":"7353446307225344417","potions_obtained":[{"floor":1,"key":"SteroidPotion"},{"floor":4,"key":"Fruit Juice"},{"floor":11,"key":"Swift Potion"},{"floor":25,"key":"Swift Potion"}],"is_trial":false,"path_per_floor":["M","M","?","?","$","R","E","R","T","R","E","M","?","$","R","B",null,"M","?","?","$","M","R","E","M","T","E"],"character_chosen":"THE_SILENT","items_purchased":["Dash","Noxious Fumes","Footwork","Underhanded Strike"],"campfire_rested":0,"item_purchase_floors":[5,14,21,21],"current_hp_per_floor":[62,62,62,67,67,67,58,58,58,58,34,34,34,34,34,31,64,58,58,58,58,56,56,38,20,20,0],"gold":206,"neow_bonus":"UPGRADE_CARD","is_prod":false,"is_daily":false,"chose_seed":false,"campfire_upgraded":5,"win_rate":0,"timestamp":1564410918,"path_taken":["M","M","?","?","$","R","E","R","T","R","E","?","?","?","R","BOSS","M","?","?","$","M","R","E","?","T","E"],"build_version":"2019-07-17","purchased_purges":2,"victory":false,"max_hp_per_floor":[70,70,70,75,75,75,75,75,75,75,75,75,75,75,75,75,75,75,75,75,75,75,75,75,75,75,75],"card_choices":[{"not_picked":["Heel Hook","Flying Knee"],"picked":"Dagger Throw","floor":1},{"not_picked":["Backflip","Cloak And Dagger"],"picked":"Footwork","floor":2},{"not_picked":["Sucker Punch","Cloak And Dagger"],"picked":"Backflip","floor":7},{"not_picked":["Prepared","Endless Agony"],"picked":"Acrobatics","floor":11},{"not_picked":["Prepared","Distraction"],"picked":"Deadly Poison","floor":12},{"not_picked":["Doppelganger","Wraith Form v2"],"picked":"Glass Knife","floor":16},{"not_picked":["Dagger Throw","Choke"],"picked":"Leg Sweep","floor":18},{"not_picked":["Dagger Throw","Choke"],"picked":"Footwork","floor":22},{"not_picked":["Blade Dance","Crippling Poison","Underhanded Strike"],"picked":"SKIP","floor":24},{"not_picked":["Sucker Punch","Dodge and Roll","Dagger Throw"],"picked":"SKIP","floor":25}],"player_experience":581971,"relics_obtained":[{"floor":7,"key":"Letter Opener"},{"floor":9,"key":"MawBank"},{"floor":11,"key":"Bag of Marbles"},{"floor":24,"key":"Lantern"},{"floor":26,"key":"Tiny Chest"}],"event_choices":[{"damage_healed":0,"gold_gain":175,"player_choice":"AGREE","damage_taken":0,"max_hp_gain":0,"max_hp_loss":0,"event_name":"Liars Game","floor":3,"gold_loss":0,"cards_obtained":["Doubt"]},{"damage_healed":0,"gold_gain":0,"player_choice":"Bought 1 Potion","damage_taken":0,"max_hp_gain":0,"max_hp_loss":0,"event_name":"The Woman in Blue","floor":4,"gold_loss":0},{"cards_removed":["Strike_G"],"damage_healed":0,"gold_gain":0,"player_choice":"Card Removal","damage_taken":0,"max_hp_gain":0,"max_hp_loss":0,"event_name":"The Cleric","floor":13,"gold_loss":50},{"damage_healed":0,"gold_gain":0,"player_choice":"Read","damage_taken":0,"max_hp_gain":0,"max_hp_loss":0,"event_name":"The Library","floor":19,"gold_loss":0,"cards_obtained":["Acrobatics"]},{"damage_healed":0,"gold_gain":100,"player_choice":"Bet on Murderer","damage_taken":0,"max_hp_gain":0,"max_hp_loss":0,"event_name":"The Joust","floor":20,"gold_loss":50}],"is_beta":false,"boss_relics":[{"not_picked":["Velvet Choker","Ectoplasm"],"picked":"HoveringKite"}],"items_purged_floors":[5,14],"is_endless":false,"potions_floor_spawned":[1,11,25],"killed_by":"Gremlin Leader","ascension_level":13}