{"gold_per_floor":[115,133,133,133,133,161,161,180,180,180,192,226,245,224,224,326,326,343,343,363,380,409,439,439,364,390,403,255,255,170,189,189,293,293,303,303,319,338,99,133,533,553,553,553,568,568,578,589,589,589,589,589,16,41,41],"floor_reached":55,"playtime":5513,"items_purged":["Defend_G","Strike_G"],"score":789,"play_id":"14274090-8a43-4be4-bc46-93eea4d599da","local_time":"20190404224545","is_ascension_mode":true,"campfire_choices":[{"data":"Cloak And Dagger","floor":7,"key":"SMITH"},{"data":"Terror","floor":10,"key":"SMITH"},{"data":"Accuracy","floor":15,"key":"SMITH"},{"floor":24,"key":"REST"},{"data":"Footwork","floor":29,"key":"SMITH"},{"floor":32,"key":"REST"},{"data":"A Thousand Cuts","floor":44,"key":"SMITH"},{"floor":46,"key":"RECALL"},{"floor":49,"key":"REST"},{"data":"Calculated Gamble","floor":52,"key":"SMITH"}],"neow_cost":"NONE","seed_source_timestamp":118513134386750,"circlet_count":0,"master_deck":["Defend_G","Defend_G","Defend_G","Strike_G","Strike_G","Survivor","Neutralize","Accuracy+1","Cloak And Dagger+1","Terror+1","Acrobatics","Outmaneuver","Blade Dance","Calculated Gamble+1","Venomology","Dodge and Roll+1","Noxious Fumes","PiercingWail","Blade Dance","Backflip","Quick Slash+1","Outmaneuver+1","Blade Dance","Footwork+1","A Thousand Cuts+1","Cloak And Dagger+1","Infinite Blades+1","Infinite Blades","Choke","Infinite Blades","Acrobatics","Prepared+1"],"relics":["Ring of the Snake","NeowsBlessing","Gremlin Horn","Snake Skull","Orichalcum","Bottled Tornado","WristBlade","Red Mask","Pear","Oddly Smooth Stone","Darkstone Periapt","Busted Crown","Mercury Hourglass","Pen Nib","Old Coin","Paper Crane","Bag of Preparation","Letter Opener","Mummified Hand"],"potions_floor_usage":[13,16,16,21,23,23,33,40,42,50,50,54],"damage_taken":[{"damage":0,"enemies":"Cultist","floor":1,"turns":1},{"damage":0,"enemies":"Jaw Worm","floor":2,"turns":1},{"damage":0,"enemies":"Gremlin Nob","floor":6,"turns":1},{"damage":0,"enemies":"Small Slimes","floor":8,"turns":4},{"damage":2,"enemies":"Blue Slaver","floor":11,"turns":4},{"damage":19,"enemies":"Lagavulin","floor":12,"turns":11},{"damage":14,"enemies":"Large Slime","floor":13,"turns":8},{"damage":30,"enemies":"The Guardian","floor":16,"turns":12},{"damage":14,"enemies":"3 Byrds","floor":18,"turns":6},{"damage":2,"enemies":"Shell Parasite","floor":20,"turns":4},{"damage":13,"enemies":"Chosen and Byrds","floor":21,"turns":5},{"damage":30,"enemies":"Masked Bandits","floor":22,"turns":4},{"damage":15,"enemies":"Slavers","floor":23,"turns":7},{"damage":0,"enemies":"Cultist and Chosen","floor":27,"turns":4},{"damage":14,"enemies":"Snake Plant","floor":31,"turns":3},{"damage":61,"enemies":"Collector","floor":33,"turns":9},{"damage":2,"enemies":"3 Darklings","floor":35,"turns":4},{"damage":0,"enemies":"Orb Walker","floor":37,"turns":2},{"damage":15,"enemies":"3 Darklings","floor":38,"turns":4},{"damage":32,"enemies":"Reptomancer","floor":40,"turns":5},{"damage":17,"enemies":"Mind Bloom Boss Battle","floor":41,"turns":3},{"damage":15,"enemies":"Transient","floor":42,"turns":5},{"damage":0,"enemies":"Spire Growth","floor":45,"turns":2},{"damage":0,"enemies":"Jaw Worm Horde","floor":47,"turns":2},{"damage":17,"enemies":"Sphere and 2 Shapes","floor":48,"turns":3},{"damage":25,"enemies":"Donu and Deca","floor":50,"turns":9},{"damage":72,"enemies":"Shield and Spear","floor":54,"turns":6},{"damage":74,"enemies":"The Heart","floor":55,"turns":5}],"seed_played":"-1057520481757176201","potions_obtained":[{"floor":1,"key":"EssenceOfSteel"},{"floor":2,"key":"Fire Potion"},{"floor":12,"key":"Poison Potion"},{"floor":13,"key":"AttackPotion"},{"floor":20,"key":"LiquidBronze"},{"floor":21,"key":"FairyPotion"},{"floor":27,"key":"AttackPotion"},{"floor":40,"key":"Regen Potion"},{"floor":48,"key":"Dexterity Potion"}],"is_trial":false,"path_per_floor":["M","M","?","T","?","E","R","M","T","R","M","E","M","?","R","B",null,"M","?","M","M","?","E","R","?","T","M","$","R","?","M","R","B",null,"M","?","M","M","$","E","?","M","T","R","M","R","M","M","R","B",null,"R","$","E","B"],"character_chosen":"THE_SILENT","items_purchased":["Footwork","Mercury Hourglass","Infinite Blades","Bag of Preparation","Letter Opener","Acrobatics"],"campfire_rested":3,"item_purchase_floors":[28,39,53,53,53,53],"current_hp_per_floor":[70,70,75,75,72,72,72,72,72,72,70,51,37,37,37,7,75,61,61,59,46,16,11,36,36,36,36,36,36,36,22,47,8,85,83,83,83,68,68,36,19,19,19,19,19,19,19,2,27,2,85,85,85,13,0],"gold":41,"neow_bonus":"THREE_ENEMY_KILL","is_prod":false,"is_daily":false,"chose_seed":false,"campfire_upgraded":6,"win_rate":0,"timestamp":1554407145,"path_taken":["M","M","?","?","?","E","R","M","T","R","M","E","M","?","R","BOSS","M","?","M","M","?","E","R","?","T","M","$","R","?","M","R","BOSS","M","?","M","?","$","E","?","M","T","R","M","R","M","M","R","BOSS","R","$","E","BOSS"],"build_version":"2019-01-23","purchased_purges":2,"victory":false,"max_hp_per_floor":[70,70,75,75,75,75,75,75,75,75,75,75,75,75,75,75,75,75,75,75,75,75,85,85,85,85,85,85,85,85,85,85,85,85,85,85,85,85,85,85,85,85,85,85,85,85,85,85,85,85,85,85,85,85,85],"card_choices":[{"not_picked":["Escape Plan","Cloak And Dagger"],"picked":"Accuracy","floor":1},{"not_picked":["Dodge and Roll","Calculated Gamble"],"picked":"Cloak And Dagger","floor":2},{"not_picked":["Reflex","PiercingWail"],"picked":"Terror","floor":6},{"not_picked":["Dagger Throw","Caltrops"],"picked":"Acrobatics","floor":8},{"not_picked":["Dagger Throw","Acrobatics"],"picked":"Outmaneuver","floor":11},{"not_picked":["Caltrops","Flying Knee"],"picked":"Blade Dance","floor":12},{"not_picked":["Catalyst","Outmaneuver"],"picked":"Calculated Gamble","floor":13},{"not_picked":["Die Die Die","Doppelganger"],"picked":"Venomology","floor":16},{"not_picked":["Dagger Spray","Quick Slash"],"picked":"Dodge and Roll+1","floor":18},{"not_picked":["Outmaneuver+1","Dodge and Roll"],"picked":"Blade Dance","floor":20},{"not_picked":["Eviscerate","Crippling Poison"],"picked":"Backflip","floor":21},{"not_picked":["Dodge and Roll","Riddle With Holes"],"picked":"Quick Slash+1","floor":22},{"not_picked":["Riddle With Holes","Flying Knee+1"],"picked":"Outmaneuver+1","floor":23},{"not_picked":["Tactician","Deadly Poison"],"picked":"Blade Dance","floor":27},{"not_picked":["Bane","Poisoned Stab","Outmaneuver"],"picked":"SKIP","floor":31},{"not_picked":["Adrenaline","Wraith Form v2"],"picked":"A Thousand Cuts","floor":33},{"not_picked":["Dagger Spray"],"picked":"SKIP","floor":35},{"not_picked":["Outmaneuver"],"picked":"SKIP","floor":37},{"not_picked":["Poisoned Stab"],"picked":"SKIP","floor":38},{"not_picked":["Poisoned Stab"],"picked":"SKIP","floor":40},{"not_picked":[],"picked":"Infinite Blades+1","floor":41},{"not_picked":[],"picked":"Infinite Blades","floor":42},{"not_picked":["Underhanded Strike"],"picked":"SKIP","floor":45},{"not_picked":["Die Die Die"],"picked":"SKIP","floor":47},{"not_picked":[],"picked":"Choke","floor":48},{"not_picked":[],"picked":"Prepared+1","floor":54}],"player_experience":46730,"relics_obtained":[{"floor":4,"key":"Gremlin Horn"},{"floor":6,"key":"Orichalcum"},{"floor":12,"key":"Bottled Tornado"},{"floor":22,"key":"Red Mask"},{"floor":23,"key":"Pear"},{"floor":26,"key":"Oddly Smooth Stone"},{"floor":40,"key":"Pen Nib"},{"floor":41,"key":"Old Coin"},{"floor":43,"key":"Paper Crane"},{"floor":54,"key":"Mummified Hand"}],"event_choices":[{"damage_healed":0,"gold_gain":0,"player_choice":"Donut","damage_taken":0,"max_hp_gain":5,"max_hp_loss":0,"event_name":"Big Fish","floor":3,"gold_loss":0},{"damage_healed":0,"gold_gain":0,"player_choice":"Success","damage_taken":3,"relics_obtained":["Snake Skull"],"max_hp_gain":0,"max_hp_loss":0,"event_name":"Scrap Ooze","floor":5,"gold_loss":0},{"damage_healed":0,"gold_gain":0,"player_choice":"Left Gold","damage_taken":0,"max_hp_gain":0,"max_hp_loss":0,"event_name":"World of Goop","floor":14,"gold_loss":21},{"damage_healed":0,"gold_gain":0,"cards_transformed":["Strike_G","Defend_G"],"player_choice":"Became Test Subject","damage_taken":0,"max_hp_gain":0,"max_hp_loss":0,"event_name":"Drug Dealer","floor":19,"gold_loss":0,"cards_obtained":["Noxious Fumes","PiercingWail"]},{"damage_healed":0,"gold_gain":0,"player_choice":"Fought Bandits","damage_taken":0,"max_hp_gain":0,"max_hp_loss":0,"event_name":"Masked Bandits","floor":22,"gold_loss":0},{"cards_removed":["Strike_G"],"damage_healed":0,"gold_gain":0,"player_choice":"Gave Gold","damage_taken":0,"max_hp_gain":0,"max_hp_loss":0,"event_name":"Beggar","floor":25,"gold_loss":75},{"damage_healed":0,"gold_gain":0,"player_choice":"Obtained Relic","damage_taken":0,"relics_obtained":["Darkstone Periapt"],"max_hp_gain":0,"max_hp_loss":0,"event_name":"Addict","floor":30,"gold_loss":85},{"damage_healed":0,"gold_gain":0,"player_choice":"Copied","damage_taken":0,"max_hp_gain":0,"max_hp_loss":0,"event_name":"Duplicator","floor":36,"gold_loss":0,"cards_obtained":["Cloak And Dagger"]},{"damage_healed":0,"gold_gain":0,"player_choice":"Fight","damage_taken":0,"max_hp_gain":0,"max_hp_loss":0,"event_name":"MindBloom","floor":41,"gold_loss":0}],"is_beta":false,"boss_relics":[{"not_picked":["White Beast Statue","Runic Pyramid"],"picked":"WristBlade"},{"not_picked":["Sozu","Snecko Eye"],"picked":"Busted Crown"}],"items_purged_floors":[28,53],"is_endless":false,"potions_floor_spawned":[1,2,12,13,20,21,22,27,35,40,48],"killed_by":"The Heart","ascension_level":1}