{"gold_per_floor":[115,115,37,53,53,91,91,154,181,205,249,268,350,368,368,466,466,482,482,495,519,540,540,556,572,617,636,636,650,684,684,684,777,777,791,815,815,840,840,876,876,421,421,434,458,180,234,261,261,261,261,261,261,132,168,168],"floor_reached":56,"playtime":5998,"items_purged":["Strike_B","Strike_B","Parasite"],"score":1863,"play_id":"b5953eae-f5b3-4ed9-89f0-e678158fa959","local_time":"20190713092733","is_ascension_mode":true,"campfire_choices":[{"data":"Sweeping Beam","floor":15.0,"key":"SMITH"},{"data":"Coolheaded","floor":23.0,"key":"SMITH"},{"floor":28.0,"key":"REST"},{"floor":32.0,"key":"REST"},{"data":"Seek","floor":41.0,"key":"SMITH"},{"floor":49.0,"key":"RECALL"},{"data":"Seek","floor":53.0,"key":"SMITH"}],"neow_cost":"NONE","seed_source_timestamp":206419372846916,"circlet_count":0,"master_deck":["AscendersBane","Strike_B","Defend_B","Defend_B+1","Defend_B+1","Defend_B","Dualcast","Ball Lightning","Rip and Tear","Melter","Sweeping Beam+1","Self Repair+1","Leap","Conserve Battery","Seek+1","Coolheaded+1","FTL","Consume+1","Electrodynamics+1","Coolheaded","Static Discharge+1","Auto Shields","Seek+1","Leap+1","Finesse","Conserve Battery+1","Buffer+1","Capacitor+1","Doom and Gloom+1","Creative AI+1","Chill"],"special_seed":0,"relics":["Cracked Core","Vajra","Golden Idol","Potion Belt","Frozen Egg 2","Smiling Mask","Tiny Chest","Pen Nib","War Paint","Darkstone Periapt","Velvet Choker","Question Card","PreservedInsect","Oddly Smooth Stone","Cables","Letter Opener","Empty Cage","Dodecahedron","OrangePellets","Runic Capacitor","Strawberry","Lantern","Centennial Puzzle"],"potions_floor_usage":[56,56,56],"damage_taken":[{"damage":1.0,"enemies":"Cultist","floor":1.0,"turns":4.0},{"damage":0.0,"enemies":"Jaw Worm","floor":4.0,"turns":3.0},{"damage":8.0,"enemies":"Gremlin Nob","floor":6.0,"turns":3.0},{"damage":18.0,"enemies":"3 Sentries","floor":8.0,"turns":4.0},{"damage":8.0,"enemies":"Small Slimes","floor":10.0,"turns":2.0},{"damage":6.0,"enemies":"Gremlin Nob","floor":11.0,"turns":3.0},{"damage":1.0,"enemies":"Looter","floor":12.0,"turns":3.0},{"damage":0.0,"enemies":"Red Slaver","floor":14.0,"turns":3.0},{"damage":27.0,"enemies":"The Guardian","floor":16.0,"turns":10.0},{"damage":0.0,"enemies":"Spheric Guardian","floor":18.0,"turns":2.0},{"damage":36.0,"enemies":"3 Byrds","floor":20.0,"turns":4.0},{"damage":1.0,"enemies":"Cultist and Chosen","floor":22.0,"turns":5.0},{"damage":33.0,"enemies":"Snecko","floor":24.0,"turns":5.0},{"damage":0.0,"enemies":"Centurion and Healer","floor":25.0,"turns":7.0},{"damage":4.0,"enemies":"Snake Plant","floor":27.0,"turns":4.0},{"damage":29.0,"enemies":"Shelled Parasite and Fungi","floor":29.0,"turns":4.0},{"damage":12.0,"enemies":"Book of Stabbing","floor":30.0,"turns":3.0},{"damage":25.0,"enemies":"Automaton","floor":33.0,"turns":7.0},{"damage":15.0,"enemies":"Orb Walker","floor":35.0,"turns":4.0},{"damage":2.0,"enemies":"3 Darklings","floor":36.0,"turns":4.0},{"damage":19.0,"enemies":"Maw","floor":38.0,"turns":8.0},{"damage":23.0,"enemies":"Reptomancer","floor":40.0,"turns":6.0},{"damage":0.0,"enemies":"Writhing Mass","floor":44.0,"turns":10.0},{"damage":0.0,"enemies":"Spire Growth","floor":45.0,"turns":6.0},{"damage":33.0,"enemies":"Awakened One","floor":50.0,"turns":23.0},{"damage":39.0,"enemies":"Donu and Deca","floor":51.0,"turns":13.0},{"damage":51.0,"enemies":"Shield and Spear","floor":55.0,"turns":7.0},{"damage":37,"enemies":"The Heart","floor":56,"turns":6}],"seed_played":"7075486992484504557","potions_obtained":[{"floor":6.0,"key":"EssenceOfSteel"},{"floor":8.0,"key":"Energy Potion"},{"floor":10.0,"key":"SpeedPotion"},{"floor":11.0,"key":"Dexterity Potion"},{"floor":12.0,"key":"FearPotion"},{"floor":18.0,"key":"SteroidPotion"},{"floor":25.0,"key":"GamblersBrew"},{"floor":27.0,"key":"Weak Potion"},{"floor":38.0,"key":"Poison Potion"},{"floor":40.0,"key":"Weak Potion"},{"floor":44.0,"key":"EssenceOfSteel"}],"is_trial":false,"path_per_floor":["M","?","$","M","T","E","?","E","T","M","E","M","T","M","R","B",null,"M","T","M","T","M","R","M","M","T","M","R","M","E","T","R","B",null,"M","M","?","M","?","E","R","$","T","M","M","$","T","T","R","B","B",null,"R","$","E","B"],"character_chosen":"DEFECT","items_purchased":["Rip and Tear","Capacitor+1","OrangePellets","FocusPotion","Regen Potion","Runic Capacitor","FocusPotion"],"campfire_rested":2,"item_purchase_floors":[3,42,42,42,42,46,54],"current_hp_per_floor":[63,63,63,63,63,55,37,19,19,21,25,34,34,34,34,17,52,62,62,36,36,45,45,22,32,32,38,57,38,36,36,55,40,58,53,61,56,47,47,34,34,34,34,65,70,70,77,77,77,54,35,67,67,67,26,0],"gold":168,"neow_bonus":"RANDOM_COMMON_RELIC","is_prod":false,"is_daily":false,"chose_seed":false,"campfire_upgraded":4,"win_rate":0,"timestamp":1563006453,"path_taken":["M","?","$","M","?","E","?","E","T","M","E","M","?","M","R","BOSS","M","?","M","?","M","R","M","M","T","M","R","M","E","?","R","BOSS","M","M","?","M","?","E","R","?","T","M","M","$","?","?","R","BOSS","BOSS","R","$","E","BOSS"],"build_version":"2019-07-05","purchased_purges":3,"victory":false,"max_hp_per_floor":[71,64,64,64,64,64,64,64,64,64,64,64,64,64,64,64,64,64,64,64,64,64,64,64,64,64,64,64,64,64,64,64,64,64,64,64,64,64,64,64,64,64,64,70,70,70,77,77,77,77,77,77,77,74,74,74],"card_choices":[{"not_picked":["Lockon","Cold Snap"],"picked":"Ball Lightning","floor":1.0},{"not_picked":["Blizzard","Streamline"],"picked":"Melter","floor":4.0},{"not_picked":["Lockon","Chill"],"picked":"Sweeping Beam","floor":6.0},{"not_picked":["Conserve Battery","Amplify"],"picked":"Self Repair+1","floor":8.0},{"not_picked":["Beam Cell","Barrage"],"picked":"Leap","floor":10.0},{"not_picked":["Steam Power","Hyperbeam","Go for the Eyes"],"picked":"SKIP","floor":11.0},{"not_picked":["Steam Power","Redo"],"picked":"Conserve Battery","floor":12.0},{"not_picked":["Streamline","Compile Driver","Hologram"],"picked":"SKIP","floor":14.0},{"not_picked":["All For One","Hyperbeam"],"picked":"Seek","floor":16.0},{"not_picked":["Ball Lightning","Streamline"],"picked":"Coolheaded","floor":18.0},{"not_picked":["Compile Driver","Hologram","Cold Snap"],"picked":"FTL","floor":20.0},{"not_picked":["Turbo","Rebound","Reprogram","Barrage"],"picked":"SKIP","floor":22.0},{"not_picked":["Stack","Rebound","Barrage"],"picked":"Consume+1","floor":24.0},{"not_picked":["Leap","Hologram+1","Coolheaded"],"picked":"Electrodynamics+1","floor":25.0},{"not_picked":["Tempest","Compile Driver","Heatsinks+1"],"picked":"Coolheaded","floor":27.0},{"not_picked":["Stack","Rebound+1","Gash"],"picked":"Static Discharge+1","floor":29.0},{"not_picked":["Gash","Streamline","Ball Lightning"],"picked":"Auto Shields","floor":30.0},{"not_picked":["Rainbow","Electrodynamics+1","Amplify"],"picked":"Seek","floor":33.0},{"not_picked":["Gash","Streamline","Redo"],"picked":"Leap+1","floor":35.0},{"not_picked":["Gash","Coolheaded","Streamline","Compile Driver"],"picked":"SKIP","floor":36.0},{"not_picked":["Flash of Steel","Deep Breath","Discovery"],"picked":"Finesse","floor":37.0},{"not_picked":["Darkness","Compile Driver+1","Consume+1"],"picked":"Conserve Battery+1","floor":38.0},{"not_picked":["Force Field","Double Energy+1","Static Discharge+1"],"picked":"Buffer+1","floor":40.0},{"not_picked":["Sweeping Beam","Coolheaded","Ball Lightning"],"picked":"Doom and Gloom+1","floor":44.0},{"not_picked":["Go for the Eyes","Conserve Battery","Streamline"],"picked":"Creative AI+1","floor":45.0},{"not_picked":["Scrape+1","Genetic Algorithm","Conserve Battery"],"picked":"Chill","floor":55.0}],"player_experience":1014803,"relics_obtained":[{"floor":5.0,"key":"Potion Belt"},{"floor":6.0,"key":"Frozen Egg 2"},{"floor":8.0,"key":"Tiny Chest"},{"floor":9.0,"key":"Pen Nib"},{"floor":11.0,"key":"War Paint"},{"floor":13.0,"key":"Darkstone Periapt"},{"floor":19.0,"key":"Question Card"},{"floor":21.0,"key":"PreservedInsect"},{"floor":26.0,"key":"Oddly Smooth Stone"},{"floor":30.0,"key":"Cables"},{"floor":31.0,"key":"Letter Opener"},{"floor":40.0,"key":"Dodecahedron"},{"floor":47.0,"key":"Strawberry"},{"floor":48.0,"key":"Lantern"},{"floor":55.0,"key":"Centennial Puzzle"}],"event_choices":[{"damage_healed":0.0,"max_hp_gain":0.0,"max_hp_loss":7.0,"gold_gain":0.0,"event_name":"Golden Idol","player_choice":"Lose Max HP","floor":2.0,"gold_loss":0.0,"damage_taken":0.0,"relics_obtained":["Golden Idol"]},{"damage_healed":0.0,"max_hp_gain":0.0,"max_hp_loss":0.0,"gold_gain":0.0,"event_name":"Scrap Ooze","player_choice":"Success","floor":7.0,"gold_loss":0.0,"damage_taken":18.0,"relics_obtained":["Smiling Mask"]},{"damage_healed":0.0,"max_hp_gain":0.0,"max_hp_loss":0.0,"gold_gain":0.0,"event_name":"SensoryStone","player_choice":"Memory 2","floor":37.0,"gold_loss":0.0,"damage_taken":5.0},{"damage_healed":0.0,"max_hp_gain":0.0,"max_hp_loss":0.0,"gold_gain":0.0,"event_name":"Tomb of Lord Red Mask","player_choice":"Ignored","floor":39.0,"gold_loss":0.0,"damage_taken":0.0}],"is_beta":false,"boss_relics":[{"not_picked":["Orrery","Ectoplasm"],"picked":"Velvet Choker"},{"not_picked":["Nuclear Battery","Eternal Feather"],"picked":"Empty Cage"}],"items_purged_floors":[42,46,54],"is_endless":false,"potions_floor_spawned":[6,8,10,11,12,18,25,27,38,40,44],"killed_by":"The Heart","ascension_level":20}