{"gold_per_floor":[113,44,144,163,183,183,196,196,196,196,212,212,224,240,240,343,343,362,362,373,227,245,245,245,145,145,145,159,159,171,185,185,185],"floor_reached":33,"playtime":1530,"items_purged":["Bite","Bite"],"score":241,"play_id":"b660bee8-faeb-4fa3-911d-fdecd2cda21c","local_time":"20190226002422","is_ascension_mode":false,"campfire_choices":[{"data":"Rampage","floor":6,"key":"SMITH"},{"data":"Bash","floor":10,"key":"SMITH"},{"data":"True Grit","floor":12,"key":"SMITH"},{"data":"Clash","floor":15,"key":"SMITH"},{"data":"Metallicize","floor":23,"key":"SMITH"},{"data":"Defend_R","floor":29,"key":"SMITH"},{"data":"Bite","floor":32,"key":"SMITH"}],"neow_cost":"NONE","seed_source_timestamp":340751220470747,"circlet_count":0,"master_deck":["Defend_R+1","Defend_R","Defend_R","Bash+1","Rampage+1","True Grit+1","Sentinel","Dropkick","Clash+1","Cleave+1","Bite+1","Bite","Bite","Metallicize+1","Rupture+1"],"relics":["Busted Crown"],"potions_floor_usage":[16,22,33,33,33],"damage_taken":[{"damage":0,"enemies":"Cultist","floor":1,"turns":3},{"damage":0,"enemies":"2 Louse","floor":4,"turns":2},{"damage":0,"enemies":"Small Slimes","floor":5,"turns":3},{"damage":0,"enemies":"Exordium Thugs","floor":7,"turns":4},{"damage":0,"enemies":"Looter","floor":11,"turns":2},{"damage":8,"enemies":"Large Slime","floor":13,"turns":6},{"damage":0,"enemies":"Red Slaver","floor":14,"turns":3},{"damage":46,"enemies":"Hexaghost","floor":16,"turns":9},{"damage":2,"enemies":"Chosen","floor":18,"turns":5},{"damage":21,"enemies":"Shell Parasite","floor":20,"turns":5},{"damage":5,"enemies":"3 Cultists","floor":22,"turns":6},{"damage":0,"enemies":"Snecko","floor":28,"turns":5},{"damage":10,"enemies":"Cultist and Chosen","floor":30,"turns":4},{"damage":5,"enemies":"Shelled Parasite and Fungi","floor":31,"turns":7},{"damage":84,"enemies":"Automaton","floor":33,"turns":10}],"seed_played":"-1273330608857384655","potions_obtained":[{"floor":1,"key":"SpeedPotion"},{"floor":7,"key":"Poison Potion"},{"floor":18,"key":"Energy Potion"},{"floor":28,"key":"PowerPotion"},{"floor":30,"key":"Block Potion"}],"is_trial":false,"path_per_floor":["M","$","?","M","M","R","M","?","T","R","M","R","M","M","R","B",null,"M","?","M","$","M","R","?","$","T","?","M","R","M","M","R","B"],"character_chosen":"IRONCLAD","items_purchased":["Rampage","Metallicize"],"campfire_rested":0,"item_purchase_floors":[2,21],"current_hp_per_floor":[80,80,80,80,80,80,80,80,80,80,80,80,72,72,72,26,80,78,56,39,39,48,48,48,48,48,48,52,52,50,53,53,0],"gold":185,"neow_bonus":"BOSS_RELIC","is_prod":false,"is_daily":false,"chose_seed":false,"campfire_upgraded":7,"win_rate":0,"timestamp":1551140662,"path_taken":["M","?","?","M","?","R","M","?","T","R","M","R","M","M","R","BOSS","M","?","M","$","M","R","?","$","T","?","M","R","M","M","R","BOSS"],"build_version":"2019-01-23","purchased_purges":2,"victory":false,"max_hp_per_floor":[80,80,80,80,80,80,80,80,80,80,80,80,80,80,80,80,80,80,56,56,56,56,56,56,56,56,56,56,56,56,56,56,56],"card_choices":[{"not_picked":["Bloodletting"],"picked":"SKIP","floor":1},{"not_picked":["Thunderclap"],"picked":"SKIP","floor":4},{"not_picked":["Wild Strike"],"picked":"SKIP","floor":5},{"not_picked":[],"picked":"True Grit","floor":7},{"not_picked":["Anger"],"picked":"SKIP","floor":11},{"not_picked":[],"picked":"Dropkick","floor":13},{"not_picked":[],"picked":"Clash","floor":14},{"not_picked":[],"picked":"Cleave+1","floor":18},{"not_picked":["Iron Wave"],"picked":"SKIP","floor":20},{"not_picked":["Thunderclap"],"picked":"SKIP","floor":22},{"not_picked":["Sentinel"],"picked":"SKIP","floor":28},{"not_picked":["Wild Strike+1"],"picked":"SKIP","floor":30},{"not_picked":[],"picked":"Rupture+1","floor":31}],"player_experience":502783,"relics_obtained":[],"event_choices":[{"damage_healed":0,"gold_gain":100,"player_choice":"Pray","damage_taken":0,"max_hp_gain":0,"max_hp_loss":0,"event_name":"Golden Shrine","floor":3,"gold_loss":0},{"damage_healed":0,"gold_gain":0,"player_choice":"1 cards matched","damage_taken":0,"max_hp_gain":0,"max_hp_loss":0,"event_name":"Match and Keep!","floor":8,"gold_loss":0,"cards_obtained":["Sentinel"]},{"damage_healed":0,"gold_gain":0,"player_choice":"Became a vampire","damage_taken":0,"max_hp_gain":0,"max_hp_loss":24,"event_name":"Vampires","floor":19,"gold_loss":0,"cards_obtained":["Bite","Bite","Bite","Bite","Bite"]},{"cards_removed":["Defend_R"],"damage_healed":0,"gold_gain":0,"player_choice":"Elegance","damage_taken":0,"max_hp_gain":0,"max_hp_loss":0,"event_name":"Back to Basics","floor":24,"gold_loss":0},{"damage_healed":0,"gold_gain":0,"player_choice":"Ignored","damage_taken":0,"max_hp_gain":0,"max_hp_loss":0,"event_name":"Ghosts","floor":27,"gold_loss":0}],"is_beta":false,"boss_relics":[{"not_picked":["Tiny House","Velvet Choker","Cursed Key"]}],"items_purged_floors":[21,25],"is_endless":false,"potions_floor_spawned":[1,7,18,28,30],"killed_by":"Automaton","ascension_level":0}