{"path_per_floor":["M","M","?","?","?","E","R","E","T","?","M","$","?","M","R","B",null,"M","?","M","?","$","R","?","$","T","R","T","R","E","M","R","B",null,"M","?","T","M","?","R","?","R","T","?","$","?","M","M","R","B"],"character_chosen":"THE_SILENT","items_purchased":["Tools of the Trade","Leg Sweep","Whetstone","Snake Skull","Flash of Steel","Night Terror","Block Potion"],"gold_per_floor":[118,132,132,132,307,341,341,371,439,439,449,32,32,49,49,150,150,170,170,182,182,30,30,30,30,30,30,100,100,132,151,151,254,254,265,265,290,303,303,303,303,303,303,303,32,79,96,116,116,116],"floor_reached":51,"campfire_rested":1,"playtime":4726,"current_hp_per_floor":[70,70,56,56,56,56,56,42,42,42,41,41,34,35,35,25,59,43,43,44,44,44,44,28,28,28,28,28,49,49,51,51,45,64,55,55,55,57,48,48,48,48,48,48,48,50,60,68,68,67],"items_purged":["Strike_G","Riddle With Holes"],"gold":116,"score":671,"play_id":"2ca66c7d-7eed-45d3-8cdf-784518759366","is_prod":false,"is_daily":false,"is_ascension_mode":true,"campfire_upgraded":8,"path_taken":["M","M","?","?","?","E","R","E","T","?","?","$","?","M","R","BOSS","M","?","M","?","?","R","?","$","T","R","?","R","E","M","R","BOSS","M","?","?","?","?","R","?","R","T","?","$","?","M","M","R","BOSS"],"build_version":"2018-02-12-PROD1","purchased_purges":3,"victory":true,"master_deck":["Survivor+1","Neutralize+1","Blur+1","Die Die Die","Quick Slash+1","Noxious Fumes+1","Tools of the Trade+1","Leg Sweep+1","Poisoned Stab","Endless Agony+1","Catalyst+1","Flying Knee","Underhanded Strike","Quick Slash","PiercingWail+1","Backflip+1","Prepared+1","Bane+1","After Image+1","Backflip+1","Outmaneuver+1","Madness+1","Madness+1","Flash of Steel","Night Terror+1","Flying Knee+1"],"max_hp_per_floor":[70,70,70,70,70,70,70,70,70,70,70,70,70,70,70,70,70,70,70,70,70,70,70,70,70,70,70,70,70,70,70,70,70,70,70,70,70,70,70,70,70,70,70,70,70,70,70,70,70,70],"relics":["Ring of the Snake","NeowsBlessing","Ancient Tea Set","Bag of Preparation","Smiling Mask","Whetstone","Blood Vial","Pandora\u0027s Box","Snake Skull","Nilry\u0027s Codex","Ice Cream","Toxic Egg 2","Cursed Key","Anchor","Thread and Needle","Bird Faced Urn"],"card_choices":[{"not_picked":["Dodge and Roll","Bane"],"picked":"Blur"},{"not_picked":["Deflect","Underhanded Strike"],"picked":"Die Die Die"},{"not_picked":["Slice","Finisher"],"picked":"Quick Slash"},{"not_picked":["PiercingWail","Flechettes"],"picked":"Noxious Fumes"},{"not_picked":["Cloak And Dagger","Poisoned Stab"],"picked":"PiercingWail"},{"not_picked":["Deadly Poison","Heel Hook"],"picked":"Backflip"},{"not_picked":["Predator","After Image"],"picked":"Prepared"},{"not_picked":["Infinite Blades","PiercingWail"],"picked":"Bane"},{"not_picked":["Tools of the Trade","Unload"],"picked":"After Image"},{"not_picked":["Slice","Deadly Poison"],"picked":"Backflip"},{"not_picked":["Cloak And Dagger","Slice"],"picked":"Outmaneuver"},{"not_picked":["Dagger Throw","Deflect"],"picked":"Flying Knee"}],"player_experience":165441,"potions_floor_usage":[8,14,30,31,48,50,50,50],"damage_taken":[{"damage":0,"enemies":"Cultist","floor":1,"turns":1},{"damage":0,"enemies":"Small Slimes","floor":2,"turns":1},{"damage":0,"enemies":"3 Sentries","floor":6,"turns":1},{"damage":14,"enemies":"Gremlin Nob","floor":8,"turns":4},{"damage":1,"enemies":"Jaw Worm","floor":11,"turns":4},{"damage":7,"enemies":"3 Louse","floor":14,"turns":2},{"damage":12,"enemies":"Hexaghost","floor":16,"turns":12},{"damage":18,"enemies":"2 Thieves","floor":18,"turns":3},{"damage":1,"enemies":"Shell Parasite","floor":20,"turns":5},{"damage":2,"enemies":"Book of Stabbing","floor":30,"turns":4},{"damage":0,"enemies":"3 Cultists","floor":31,"turns":4},{"damage":8,"enemies":"Champ","floor":33,"turns":8},{"damage":11,"enemies":"Orb Walker","floor":35,"turns":4},{"damage":0,"enemies":"3 Darklings","floor":38,"turns":5},{"damage":0,"enemies":"Mysterious Sphere","floor":46,"turns":4},{"damage":0,"enemies":"Maw","floor":47,"turns":5},{"damage":0,"enemies":"Sphere and 2 Shapes","floor":48,"turns":5},{"damage":3,"enemies":"Donu and Deca","floor":50,"turns":8}],"event_choices":[{"event_name":"Shining Light","player_choice":"Entered Light","floor":3,"damage_taken":0},{"event_name":"Accursed Blacksmith","player_choice":"Forge","floor":4,"damage_taken":0},{"event_name":"Liars Game","player_choice":"agreed","floor":5,"damage_taken":0},{"event_name":"Purifier","player_choice":"One Purge","floor":10,"damage_taken":0},{"event_name":"Scrap Ooze","player_choice":"success","floor":13,"damage_taken":7},{"event_name":"Vampires","player_choice":"Ignored","floor":19,"damage_taken":0},{"event_name":"Back to Basics","player_choice":"Elegance","floor":21,"damage_taken":0},{"event_name":"Cursed Tome","player_choice":"Obtained Book","floor":24,"damage_taken":0},{"event_name":"Winding Halls","player_choice":"Embrace Madness","floor":39,"damage_taken":0},{"event_name":"Tomb of Lord Red Mask","player_choice":"Ignored","floor":41,"damage_taken":0},{"event_name":"Fountain of Cleansing","player_choice":"Removed Curse","floor":44,"damage_taken":0},{"event_name":"Mysterious Sphere","player_choice":"Fight","floor":46,"damage_taken":0}],"boss_relics":[{"not_picked":["Runic Dome","White Beast Statue"],"picked":"Pandora\u0027s Box"},{"not_picked":["Tiny House","Philosopher\u0027s Stone"],"picked":"Cursed Key"}],"potions_floor_spawned":[2,11,20,47],"seed_played":"1550927329347743953","ascension_level":5,"is_trial":false}