{"gold_per_floor":[109,109,126,136,147,147,180,210,210,224,224,238,255,255,255,352,352,368,368,435,446,463,463],"floor_reached":23,"playtime":1936,"items_purged":[],"score":207,"play_id":"086e0238-f04c-4d31-ab17-f99f087ea78d","local_time":"20190421152702","is_ascension_mode":true,"campfire_choices":[{"data":"Defragment","floor":11,"key":"SMITH"},{"data":"Electrodynamics","floor":15,"key":"SMITH"}],"neow_cost":"NONE","seed_source_timestamp":451616546420625,"circlet_count":0,"master_deck":["Strike_B+1","Defend_B","Defend_B","Zap","Dualcast","Go for the Eyes+1","Defragment+1","Conserve Battery","Beam Cell","Force Field","Leap","Leap","Electrodynamics+1","Static Discharge","Biased Cognition","Rebound+1","Chill+1","Fusion+1","FTL","Self Repair","Leap"],"relics":["Cracked Core","Whetstone","Odd Mushroom","Astrolabe","SsserpentHead"],"potions_floor_usage":[7,7,7,16,16,21],"damage_taken":[{"damage":0,"enemies":"2 Louse","floor":1,"turns":3},{"damage":0,"enemies":"Cultist","floor":3,"turns":3},{"damage":2,"enemies":"Small Slimes","floor":4,"turns":3},{"damage":8,"enemies":"2 Fungi Beasts","floor":5,"turns":3},{"damage":11,"enemies":"Gremlin Nob","floor":7,"turns":4},{"damage":19,"enemies":"The Mushroom Lair","floor":8,"turns":5},{"damage":2,"enemies":"Red Slaver","floor":10,"turns":3},{"damage":7,"enemies":"Lots of Slimes","floor":12,"turns":5},{"damage":6,"enemies":"Gremlin Gang","floor":13,"turns":3},{"damage":5,"enemies":"The Guardian","floor":16,"turns":11},{"damage":8,"enemies":"3 Byrds","floor":18,"turns":4},{"damage":1,"enemies":"Shell Parasite","floor":20,"turns":4},{"damage":17,"enemies":"Cultist and Chosen","floor":21,"turns":7},{"damage":21,"enemies":"Snake Plant","floor":22,"turns":4},{"damage":36,"enemies":"Book of Stabbing","floor":23,"turns":4}],"seed_played":"1342826434590943935","potions_obtained":[{"floor":2,"key":"AttackPotion"},{"floor":2,"key":"Weak Potion"},{"floor":2,"key":"GamblersBrew"},{"floor":4,"key":"SkillPotion"},{"floor":8,"key":"Weak Potion"},{"floor":12,"key":"SteroidPotion"},{"floor":13,"key":"Regen Potion"},{"floor":21,"key":"Dexterity Potion"}],"is_trial":false,"path_per_floor":["M","?","M","M","M","$","E","?","T","M","R","M","M","?","R","B",null,"M","?","M","M","M","E"],"character_chosen":"DEFECT","items_purchased":[],"campfire_rested":0,"item_purchase_floors":[],"current_hp_per_floor":[75,75,75,73,65,65,54,35,35,33,33,26,20,20,20,30,75,67,67,66,49,28,0],"gold":463,"neow_bonus":"REMOVE_CARD","is_prod":false,"is_daily":false,"chose_seed":false,"campfire_upgraded":2,"win_rate":0,"timestamp":1555849622,"path_taken":["M","?","M","?","M","$","E","?","T","M","R","M","M","?","R","BOSS","M","?","?","M","M","E"],"build_version":"2019-01-23","purchased_purges":0,"victory":false,"max_hp_per_floor":[75,75,75,75,75,75,75,75,75,75,75,75,75,75,75,75,75,75,75,75,75,75,75],"card_choices":[{"not_picked":["Doom and Gloom","Turbo"],"picked":"Go for the Eyes","floor":1},{"not_picked":["Sunder","BootSequence"],"picked":"Defragment","floor":3},{"not_picked":["Reinforced Body","Turbo"],"picked":"Conserve Battery","floor":4},{"not_picked":["Gash","Thunder Strike"],"picked":"Beam Cell","floor":5},{"not_picked":["Turbo","Gash"],"picked":"Force Field","floor":7},{"not_picked":["Rip and Tear","Tempest"],"picked":"Leap","floor":8},{"not_picked":["Compile Driver","Gash"],"picked":"Leap","floor":10},{"not_picked":["Heatsinks","Streamline"],"picked":"Electrodynamics","floor":12},{"not_picked":["Streamline","Scrape"],"picked":"Static Discharge","floor":13},{"not_picked":["Meteor Strike","Thunder Strike"],"picked":"Biased Cognition","floor":16},{"not_picked":["Redo","Compile Driver"],"picked":"FTL","floor":18},{"not_picked":["Rip and Tear+1","Steam+1","Streamline"],"picked":"SKIP","floor":20},{"not_picked":["Rebound","Compile Driver"],"picked":"Self Repair","floor":21},{"not_picked":["Redo","Sweeping Beam"],"picked":"Leap","floor":22}],"player_experience":105725,"relics_obtained":[{"floor":7,"key":"Whetstone"},{"floor":8,"key":"Odd Mushroom"}],"event_choices":[{"damage_healed":0,"gold_gain":0,"player_choice":"Got Potions","damage_taken":0,"max_hp_gain":0,"max_hp_loss":0,"event_name":"Lab","floor":2,"gold_loss":0},{"damage_healed":0,"gold_gain":0,"player_choice":"Fought Mushrooms","damage_taken":0,"max_hp_gain":0,"max_hp_loss":0,"event_name":"Mushrooms","floor":8,"gold_loss":0},{"cards_removed":["Strike_B"],"damage_healed":0,"gold_gain":0,"player_choice":"Offered Basic","damage_taken":0,"max_hp_gain":0,"max_hp_loss":0,"event_name":"Bonfire Elementals","floor":14,"gold_loss":0},{"damage_healed":0,"gold_gain":0,"player_choice":"Trade","damage_taken":0,"relics_obtained":["SsserpentHead"],"max_hp_gain":0,"max_hp_loss":0,"event_name":"FaceTrader","floor":19,"gold_loss":0}],"is_beta":false,"boss_relics":[{"not_picked":["Lizard Tail","Busted Crown"],"picked":"Astrolabe"}],"items_purged_floors":[],"is_endless":false,"potions_floor_spawned":[4,5,8,12,13,21],"killed_by":"Book of Stabbing","ascension_level":1}