{"gold_per_floor":[13,13,33,79,254,254,279,279,302,12,22,22,50,63,63,166,166,184,199,215,233,233,260,277,277,346,346,379,379,413,249,249,349,349,367,367,379,390,7,32,32,62,133,165,165,199,199,49,49,49,49,49,10,42,42],"floor_reached":56,"playtime":5949,"items_purged":["Doubt","Intimidate"],"score":1824,"play_id":"e6b275e1-4a6c-4e18-b5ff-35453385fa1d","local_time":"20190815224322","is_ascension_mode":true,"campfire_choices":[{"data":"Bash","floor":6.0,"key":"SMITH"},{"data":"Impervious","floor":8.0,"key":"SMITH"},{"data":"Armaments","floor":15.0,"key":"SMITH"},{"data":"Shockwave","floor":27.0,"key":"SMITH"},{"data":"1","floor":29.0,"key":"LIFT"},{"data":"2","floor":32.0,"key":"LIFT"},{"data":"3","floor":41.0,"key":"LIFT"},{"floor":47.0,"key":"RECALL"},{"data":"Metallicize","floor":49.0,"key":"SMITH"},{"data":"Metallicize","floor":52.0,"key":"SMITH"}],"neow_cost":"NO_GOLD","seed_source_timestamp":3809590744900,"circlet_count":0,"master_deck":["Defend_R","Defend_R","Defend_R","Defend_R","Bash+1","Armaments+1","Twin Strike","Impervious+1","Armaments+1","Juggernaut","Feel No Pain","Shockwave","Barricade","Clothesline","Bite","Bite","Bite","Bite","Bite","Juggernaut","Shockwave+1","Bludgeon","Uppercut+1","Metallicize","Metallicize+1","Bludgeon","Entrench","Ghostly Armor","Body Slam","Metallicize+1"],"special_seed":0,"relics":["Burning Blood","Orichalcum","The Courier","MawBank","Gambling Chip","Anchor","Snecko Eye","Smiling Mask","Sundial","Girya","Pantograph","Velvet Choker","Mercury Hourglass","Happy Flower","Question Card","Bronze Scales","Kunai","Vajra","Bag of Marbles","StoneCalendar"],"potions_floor_usage":[55,55,55],"damage_taken":[{"damage":6.0,"enemies":"Cultist","floor":1.0,"turns":4.0},{"damage":2.0,"enemies":"Jaw Worm","floor":3.0,"turns":5.0},{"damage":33.0,"enemies":"Lagavulin","floor":7.0,"turns":10.0},{"damage":0.0,"enemies":"2 Louse","floor":11.0,"turns":2.0},{"damage":8.0,"enemies":"3 Sentries","floor":13.0,"turns":7.0},{"damage":0.0,"enemies":"Large Slime","floor":14.0,"turns":5.0},{"damage":30.0,"enemies":"Hexaghost","floor":16.0,"turns":11.0},{"damage":0.0,"enemies":"Spheric Guardian","floor":18.0,"turns":4.0},{"damage":0.0,"enemies":"Shell Parasite","floor":19.0,"turns":5.0},{"damage":2.0,"enemies":"Shelled Parasite and Fungi","floor":20.0,"turns":8.0},{"damage":0.0,"enemies":"3 Cultists","floor":21.0,"turns":6.0},{"damage":0.0,"enemies":"Gremlin Leader","floor":23.0,"turns":8.0},{"damage":2.0,"enemies":"Centurion and Healer","floor":24.0,"turns":8.0},{"damage":12.0,"enemies":"Book of Stabbing","floor":28.0,"turns":5.0},{"damage":0.0,"enemies":"Gremlin Leader","floor":30.0,"turns":5.0},{"damage":0.0,"enemies":"Champ","floor":33.0,"turns":9.0},{"damage":19.0,"enemies":"3 Darklings","floor":35.0,"turns":9.0},{"damage":0.0,"enemies":"3 Shapes","floor":37.0,"turns":3.0},{"damage":11.0,"enemies":"3 Darklings","floor":38.0,"turns":7.0},{"damage":3.0,"enemies":"Nemesis","floor":40.0,"turns":7.0},{"damage":0.0,"enemies":"Giant Head","floor":42.0,"turns":9.0},{"damage":16.0,"enemies":"Reptomancer","floor":44.0,"turns":4.0},{"damage":3.0,"enemies":"Nemesis","floor":46.0,"turns":5.0},{"damage":29.0,"enemies":"Awakened One","floor":50.0,"turns":11.0},{"damage":18,"enemies":"Shield and Spear","floor":54,"turns":5},{"damage":35,"enemies":"The Heart","floor":55,"turns":8}],"seed_played":"6901495272499714247","potions_obtained":[{"floor":1.0,"key":"Energy Potion"},{"floor":7.0,"key":"Fire Potion"},{"floor":13.0,"key":"SpeedPotion"},{"floor":14.0,"key":"GamblersBrew"},{"floor":16.0,"key":"Regen Potion"},{"floor":20.0,"key":"LiquidBronze"},{"floor":33.0,"key":"SteroidPotion"},{"floor":38.0,"key":"LiquidBronze"},{"floor":44.0,"key":"SneckoOil"}],"is_trial":false,"path_per_floor":["M","?","M","T","?","R","E","R","T","$","M","?","E","M","R","B",null,"M","M","M","M","?","E","M","?","T","R","E","R","E","$","R","B",null,"M","?","M","M","$","E","R","E","T","E","?","E","R","$","R","B",null,"R","$","E","B",null],"character_chosen":"IRONCLAD","items_purchased":["Gambling Chip","Metallicize","Metallicize","Mercury Hourglass","Ghostly Armor","Happy Flower","Metallicize","Bag of Marbles","Energy Potion"],"campfire_rested":0,"item_purchase_floors":[10,31,31,39,39,39,48,48,53],"current_hp_per_floor":[72,72,76,76,76,76,49,49,49,49,55,55,53,59,59,35,69,75,80,80,80,56,56,56,47,47,47,61,61,61,61,61,61,61,61,61,61,61,61,61,61,61,61,58,58,58,58,58,58,56,58,58,58,57,44],"gold":42,"neow_bonus":"REMOVE_TWO","is_prod":false,"is_daily":false,"chose_seed":false,"campfire_upgraded":6,"win_rate":0,"timestamp":1565898202,"path_taken":["M","?","M","?","?","R","E","R","T","$","M","?","E","M","R","BOSS","M","M","?","M","?","E","M","?","T","R","E","R","E","$","R","BOSS","M","?","M","?","$","E","R","E","T","E","?","E","R","$","R","BOSS","R","$","E","BOSS"],"build_version":"2019-07-17","purchased_purges":2,"victory":true,"max_hp_per_floor":[80,80,80,80,80,80,80,80,80,80,80,80,80,80,80,80,80,80,80,80,80,56,56,56,61,61,61,61,61,61,61,61,61,61,61,61,61,61,61,61,61,61,61,61,58,58,58,58,58,58,58,58,58,58,58],"card_choices":[{"not_picked":["Infernal Blade","Pommel Strike"],"picked":"Armaments","floor":1.0},{"not_picked":["Pummel","Infernal Blade"],"picked":"Twin Strike","floor":3.0},{"not_picked":["Flex","Iron Wave"],"picked":"Impervious","floor":7.0},{"not_picked":["Clothesline","Warcry"],"picked":"Intimidate","floor":11.0},{"not_picked":["Evolve","Headbutt"],"picked":"Feel No Pain","floor":13.0},{"not_picked":["Sword Boomerang","True Grit"],"picked":"Shockwave","floor":14.0},{"not_picked":["Berserk","Juggernaut"],"picked":"Barricade","floor":16.0},{"not_picked":["Intimidate+1","Warcry+1","Evolve"],"picked":"SKIP","floor":18.0},{"not_picked":["Headbutt","Hemokinesis","True Grit"],"picked":"SKIP","floor":19.0},{"not_picked":["Ghostly Armor","Twin Strike+1"],"picked":"Clothesline","floor":20.0},{"not_picked":["Warcry","Wild Strike","Flex"],"picked":"SKIP","floor":21.0},{"not_picked":["Battle Trance+1","Sword Boomerang"],"picked":"Juggernaut","floor":23.0},{"not_picked":["Perfected Strike","Inflame"],"picked":"Shockwave","floor":24.0},{"not_picked":["Wild Strike+1","True Grit+1"],"picked":"Bludgeon","floor":28.0},{"not_picked":["Twin Strike","Disarm"],"picked":"Uppercut+1","floor":30.0},{"not_picked":["Dark Embrace","Limit Break"],"picked":"Bludgeon","floor":33.0},{"not_picked":["Havoc+1","Cleave","Searing Blow+1"],"picked":"SKIP","floor":35.0},{"not_picked":["Headbutt","Seeing Red","Searing Blow"],"picked":"SKIP","floor":37.0},{"not_picked":["Evolve+1","Heavy Blade+1","Cleave"],"picked":"SKIP","floor":38.0},{"not_picked":["Perfected Strike","Twin Strike","Thunderclap"],"picked":"SKIP","floor":40.0},{"not_picked":["Infernal Blade+1","Uppercut+1","Pommel Strike+1"],"picked":"Body Slam","floor":42.0},{"not_picked":["Iron Wave","Dual Wield","Seeing Red","Twin Strike+1"],"picked":"SKIP","floor":44.0},{"not_picked":["Power Through","Heavy Blade+1","Combust","Twin Strike"],"picked":"SKIP","floor":46.0},{"not_picked":["Inflame+1","Ghostly Armor","Heavy Blade+1","Power Through+1"],"picked":"SKIP","floor":54}],"player_experience":218909,"relics_obtained":[{"floor":4.0,"key":"Orichalcum"},{"floor":7.0,"key":"The Courier"},{"floor":9.0,"key":"MawBank"},{"floor":13.0,"key":"Anchor"},{"floor":23.0,"key":"Smiling Mask"},{"floor":26.0,"key":"Sundial"},{"floor":28.0,"key":"Girya"},{"floor":30.0,"key":"Pantograph"},{"floor":40.0,"key":"Question Card"},{"floor":42.0,"key":"Bronze Scales"},{"floor":44.0,"key":"Kunai"},{"floor":46.0,"key":"Vajra"},{"floor":54,"key":"StoneCalendar"}],"event_choices":[{"damage_healed":0.0,"max_hp_gain":0.0,"max_hp_loss":0.0,"gold_gain":0.0,"event_name":"Living Wall","player_choice":"Grow","floor":2.0,"gold_loss":0.0,"damage_taken":0.0,"cards_upgraded":["Armaments"]},{"damage_healed":0.0,"max_hp_gain":0.0,"max_hp_loss":0.0,"gold_gain":175.0,"event_name":"Liars Game","player_choice":"AGREE","floor":5.0,"gold_loss":0.0,"damage_taken":0.0,"cards_obtained":["Doubt"]},{"damage_healed":0.0,"max_hp_gain":0.0,"max_hp_loss":0.0,"gold_gain":0.0,"event_name":"Match and Keep!","player_choice":"2 cards matched","floor":12.0,"gold_loss":0.0,"damage_taken":0.0,"cards_obtained":["Armaments","Juggernaut"]},{"damage_healed":0.0,"max_hp_gain":0.0,"max_hp_loss":24.0,"gold_gain":0.0,"event_name":"Vampires","player_choice":"Became a vampire","floor":22.0,"gold_loss":0.0,"damage_taken":0.0,"cards_obtained":["Bite","Bite","Bite","Bite","Bite"]},{"damage_healed":0.0,"max_hp_gain":5.0,"max_hp_loss":0.0,"gold_gain":0.0,"event_name":"Forgotten Altar","player_choice":"Shed Blood","floor":25.0,"gold_loss":0.0,"damage_taken":14.0},{"damage_healed":0.0,"max_hp_gain":0.0,"max_hp_loss":0.0,"gold_gain":0.0,"event_name":"Match and Keep!","player_choice":"1 cards matched","floor":36.0,"gold_loss":0.0,"damage_taken":0.0,"cards_obtained":["Entrench"]},{"damage_healed":0.0,"max_hp_gain":0.0,"max_hp_loss":3.0,"gold_gain":0.0,"event_name":"Winding Halls","player_choice":"Max HP","floor":45.0,"gold_loss":0.0,"damage_taken":0.0}],"is_beta":false,"boss_relics":[{"not_picked":["Fusion Hammer","Runic Cube"],"picked":"Snecko Eye"},{"not_picked":["Orrery","Sozu"],"picked":"Velvet Choker"}],"items_purged_floors":[10,31],"is_endless":false,"potions_floor_spawned":[1,7,13,14,16,20,21,33,38,44,46,54],"ascension_level":7}