{"path_per_floor":["M","?","M","M","M","E","?","E","T","?","M","R","?","$","R"],"character_chosen":"IRONCLAD","items_purchased":[],"gold_per_floor":[112,112,127,145,159,192,192,220,244,244,260,260,260,185,185],"floor_reached":16,"campfire_rested":1,"playtime":1610,"current_hp_per_floor":[80,80,80,72,67,37,37,38,38,31,32,59,64,64,64],"items_purged":["Strike_R"],"gold":185,"play_id":"3b7e5677-2c05-4f20-9a46-d4e14f467289","is_prod":false,"is_daily":false,"is_ascension_mode":false,"campfire_upgraded":1,"path_taken":["M","?","M","?","M","E","?","E","T","?","M","R","?","$","R","BOSS"],"build_version":"2018-02-01-PROD3","purchased_purges":1,"victory":false,"master_deck":["Strike_R","Strike_R","Defend_R","Defend_R","Defend_R","Defend_R","Bash","Sever Soul","Dropkick","Headbutt","Second Wind","Offering","Battle Trance","Feel No Pain","Warcry+1","Warcry"],"max_hp_per_floor":[80,80,80,80,80,80,80,90,90,90,90,90,95,95,95],"relics":["Burning Blood","Prayer Wheel","Bottled Lightning","Pear","Dream Catcher"],"card_choices":[{"not_picked":["Flex","Sword Boomerang"],"picked":"Sever Soul"},{"not_picked":["Inflame","Headbutt"],"picked":"Dropkick"},{"not_picked":["Pummel","Flex"],"picked":"Headbutt"},{"not_picked":["Cleave","Sword Boomerang"],"picked":"Second Wind"},{"not_picked":["Rage","Second Wind"],"picked":"Offering"},{"not_picked":["Bludgeon","Second Wind"],"picked":"Battle Trance"},{"not_picked":["Cleave","Twin Strike"],"picked":"Feel No Pain"},{"not_picked":["Searing Blow","Shrug It Off"],"picked":"Warcry"},{"not_picked":["Combust","Flame Barrier"],"picked":"Warcry"}],"player_experience":52696,"potions_floor_usage":[6,11,16,16],"damage_taken":[{"damage":1,"enemies":"Jaw Worm","floor":1,"turns":3},{"damage":6,"enemies":"Cultist","floor":3,"turns":3},{"damage":14,"enemies":"Blue Slaver","floor":4,"turns":3},{"damage":11,"enemies":"Gremlin Gang","floor":5,"turns":7},{"damage":36,"enemies":"Lagavulin","floor":6,"turns":4},{"damage":15,"enemies":"Gremlin Nob","floor":8,"turns":4},{"damage":5,"enemies":"Exordium Thugs","floor":11,"turns":6},{"damage":64,"enemies":"The Guardian","floor":16,"turns":9}],"event_choices":[{"event_name":"Purifier","player_choice":"One Purge","floor":2,"damage_taken":0},{"event_name":"The Woman in Blue","player_choice":"Bought 0 Potions","floor":7,"damage_taken":0},{"event_name":"Golden Wing","player_choice":"Card Removal","floor":10,"damage_taken":0},{"event_name":"Big Fish","player_choice":"Donut","floor":13,"damage_taken":0}],"boss_relics":[],"potions_floor_spawned":[3,4,8,11],"seed_played":"6006212098309101741","killed_by":"The Guardian","ascension_level":0,"is_trial":false}