{"gold_per_floor":[114,114,189,204,219,249,264,279,304,334,349,349],"floor_reached":12,"playtime":751,"items_purged":[],"score":92,"play_id":"4db53658-b662-4630-8ff1-1bb477199f3b","local_time":"20180623191143","daily_mods":["Diverse","Time Dilation","Hoarder"],"is_ascension_mode":false,"campfire_choices":[],"neow_cost":"","seed_source_timestamp":3441984664839072,"circlet_count":0,"master_deck":["Defend_G","Defend_G","Defend_G","Defend_G","Defend_G","Strike_G","Strike_G","Strike_G","Strike_G","Strike_G","Survivor","Neutralize","Melter","Melter","Melter","Double Energy","Double Energy","Double Energy","Noxious Fumes","Noxious Fumes","Noxious Fumes","Ghostly Armor","Ghostly Armor","Ghostly Armor"],"special_seed":17705,"relics":["Ring of the Snake","Ancient Tea Set","Happy Flower","Du-Vu Doll"],"potions_floor_usage":[],"damage_taken":[{"damage":0,"enemies":"Small Slimes","floor":1,"turns":3},{"damage":0,"enemies":"2 Louse","floor":4,"turns":4},{"damage":3,"enemies":"Jaw Worm","floor":5,"turns":3},{"damage":20,"enemies":"3 Sentries","floor":6,"turns":8},{"damage":0,"enemies":"3 Louse","floor":7,"turns":2},{"damage":3,"enemies":"Exordium Wildlife","floor":8,"turns":3},{"damage":21,"enemies":"Gremlin Nob","floor":10,"turns":4},{"damage":16,"enemies":"Lots of Slimes","floor":11,"turns":3},{"damage":8,"enemies":"Red Slaver","floor":12,"turns":1}],"seed_played":"3243282396606865900","potions_obtained":[{"floor":1,"key":"Energy Potion"},{"floor":6,"key":"Ancient Potion"},{"floor":10,"key":"FearPotion"}],"is_trial":false,"path_per_floor":["M","?","?","M","M","E","M","M","T","E","M"],"character_chosen":"THE_SILENT","items_purchased":[],"campfire_rested":0,"item_purchase_floors":[],"current_hp_per_floor":[70,75,64,64,61,41,41,38,38,17,1,0],"gold":349,"neow_bonus":"","is_prod":false,"is_daily":true,"chose_seed":false,"campfire_upgraded":0,"win_rate":0,"timestamp":1529777503,"path_taken":["M","?","?","M","M","E","M","M","T","E","?","?"],"build_version":"2018-06-21v2","purchased_purges":0,"victory":false,"max_hp_per_floor":[70,75,75,75,75,75,75,75,75,75,75,75],"card_choices":[{"not_picked":["Tempest","Sweeping Beam","Sword Boomerang"],"picked":"SKIP","floor":1},{"not_picked":["Ball Lightning","Conserve Battery","Anger"],"picked":"SKIP","floor":4},{"not_picked":["Outmaneuver","Dash"],"picked":"Melter","floor":5},{"not_picked":["Rupture","Armaments"],"picked":"Double Energy","floor":6},{"not_picked":["Storm","Ball Lightning"],"picked":"Noxious Fumes","floor":7},{"not_picked":["Pommel Strike","Meteor Strike","Heavy Blade"],"picked":"SKIP","floor":8},{"not_picked":["Prepared","Fiend Fire","Barrage"],"picked":"SKIP","floor":10},{"not_picked":["Riddle With Holes","White Noise"],"picked":"Ghostly Armor","floor":11}],"player_experience":304348,"relics_obtained":[{"floor":6,"key":"Ancient Tea Set"},{"floor":9,"key":"Happy Flower"},{"floor":10,"key":"Du-Vu Doll"}],"event_choices":[{"event_name":"Big Fish","player_choice":"Donut","floor":2,"damage_taken":0},{"event_name":"World of Goop","player_choice":"Gather Gold","floor":3,"damage_taken":0}],"boss_relics":[],"items_purged_floors":[],"is_endless":false,"potions_floor_spawned":[1,6,10],"killed_by":"Red Slaver","ascension_level":0}