{"gold_per_floor":[113,213,225,37,55,88,107,107,155,155,171,189,219,219,219,297,297,312,212,212],"floor_reached":20,"playtime":2312,"items_purged":["Strike_R","Strike_R"],"score":368,"play_id":"d07321aa-f199-4999-822b-c44aef08f449","local_time":"20190702131741","is_ascension_mode":true,"campfire_choices":[{"floor":10,"key":"REST"},{"data":"Disarm","floor":15,"key":"SMITH"}],"neow_cost":"NONE","seed_source_timestamp":59469454937899,"circlet_count":0,"master_deck":["AscendersBane","Strike_R","Strike_R","Defend_R","Defend_R","Defend_R","Defend_R","Bash","Clothesline","Uppercut","Battle Trance","Corruption","True Grit","Disarm+1","Feed","Anger","Limit Break","Exhume","Inflame"],"relics":["Burning Blood","NeowsBlessing","Bottled Lightning","Bag of Marbles","Potion Belt","Ancient Tea Set","Runic Pyramid"],"potions_floor_usage":[6,13,13],"damage_taken":[{"damage":0,"enemies":"Jaw Worm","floor":1,"turns":1},{"damage":0,"enemies":"Cultist","floor":3,"turns":1},{"damage":0,"enemies":"Small Slimes","floor":5,"turns":1},{"damage":43,"enemies":"Gremlin Nob","floor":6,"turns":5},{"damage":16,"enemies":"Red Slaver","floor":7,"turns":6},{"damage":7,"enemies":"Looter","floor":11,"turns":3},{"damage":4,"enemies":"Blue Slaver","floor":12,"turns":4},{"damage":9,"enemies":"Lagavulin","floor":13,"turns":7},{"damage":32,"enemies":"The Guardian","floor":16,"turns":13},{"damage":17,"enemies":"Spheric Guardian","floor":18,"turns":6},{"damage":69,"enemies":"Masked Bandits","floor":20,"turns":4}],"seed_played":"-4219202075649723989","potions_obtained":[{"floor":3,"key":"FearPotion"},{"floor":5,"key":"Poison Potion"},{"floor":12,"key":"SteroidPotion"}],"is_trial":false,"path_per_floor":["M","?","M","$","M","E","M","?","T","R","M","M","E","?","R","B",null,"M","$","?"],"character_chosen":"IRONCLAD","items_purchased":["Battle Trance","Corruption"],"campfire_rested":1,"item_purchase_floors":[4,4],"current_hp_per_floor":[74,74,75,75,75,38,28,28,28,50,49,54,54,43,43,17,65,57,57,0],"gold":212,"neow_bonus":"THREE_ENEMY_KILL","is_prod":false,"is_daily":false,"chose_seed":false,"campfire_upgraded":1,"win_rate":0,"timestamp":1562069861,"path_taken":["M","?","?","$","M","E","?","?","T","R","M","?","E","?","R","BOSS","M","$","?"],"build_version":"2019-07-01","purchased_purges":2,"victory":false,"max_hp_per_floor":[75,75,75,75,75,75,75,75,75,75,75,78,81,81,81,81,81,84,84,87],"card_choices":[{"not_picked":["Armaments","Infernal Blade"],"picked":"Clothesline","floor":1},{"not_picked":["Blood for Blood","Cleave"],"picked":"Uppercut","floor":3},{"not_picked":["Twin Strike","Warcry"],"picked":"True Grit","floor":5},{"not_picked":["Clothesline","Ghostly Armor"],"picked":"Disarm","floor":6},{"not_picked":["Heavy Blade","Second Wind","Iron Wave"],"picked":"SKIP","floor":7},{"not_picked":["Inflame","Armaments"],"picked":"Feed","floor":11},{"not_picked":["Perfected Strike","Heavy Blade"],"picked":"Anger","floor":12},{"not_picked":["Battle Trance","Bloodletting"],"picked":"Limit Break","floor":13},{"not_picked":["Juggernaut","Brutality"],"picked":"Exhume","floor":16},{"not_picked":["Perfected Strike","Havoc"],"picked":"Inflame","floor":18}],"player_experience":992776,"relics_obtained":[{"floor":6,"key":"Bottled Lightning"},{"floor":9,"key":"Bag of Marbles"},{"floor":13,"key":"Potion Belt"}],"event_choices":[{"damage_healed":0,"gold_gain":100,"player_choice":"Gold","damage_taken":0,"max_hp_gain":0,"max_hp_loss":0,"event_name":"Wheel of Change","floor":2,"gold_loss":0},{"cards_removed":["Strike_R"],"damage_healed":0,"gold_gain":0,"player_choice":"Purged","damage_taken":0,"max_hp_gain":0,"max_hp_loss":0,"event_name":"Purifier","floor":8,"gold_loss":0},{"damage_healed":0,"gold_gain":0,"player_choice":"Success","damage_taken":11,"relics_obtained":["Ancient Tea Set"],"max_hp_gain":0,"max_hp_loss":0,"event_name":"Scrap Ooze","floor":14,"gold_loss":0},{"damage_healed":0,"gold_gain":0,"player_choice":"Fought Bandits","damage_taken":0,"max_hp_gain":0,"max_hp_loss":0,"event_name":"Masked Bandits","floor":20,"gold_loss":0}],"is_beta":false,"boss_relics":[{"not_picked":["Pandora\u0027s Box","Orrery"],"picked":"Runic Pyramid"}],"items_purged_floors":[4,19],"is_endless":false,"potions_floor_spawned":[3,5,12],"killed_by":"Masked Bandits","ascension_level":20}