{"gold_per_floor":[114,114,114,114,129,169,188,224,250,39,4,4,4,22,22,152,152,92,92,7,7,7,7,7,7,7,7,7,7,7,7,7,7],"floor_reached":33,"playtime":2986,"items_purged":[],"score":450,"play_id":"5cd9f3bf-b3d6-4964-8a4f-71f6c36b38b4","local_time":"20190311215210","is_ascension_mode":true,"campfire_choices":[{"data":"After Image","floor":12,"key":"SMITH"},{"floor":15,"key":"REST"},{"data":"Noxious Fumes","floor":23,"key":"SMITH"},{"data":"Catalyst","floor":25,"key":"SMITH"},{"data":"Neutralize","floor":30,"key":"SMITH"},{"floor":32,"key":"REST"}],"neow_cost":"NONE","seed_source_timestamp":258786864822073,"circlet_count":0,"master_deck":["AscendersBane","Defend_G","Defend_G","Defend_G","Defend_G+1","Defend_G","Strike_G","Strike_G","Strike_G","Strike_G+1","Survivor","Neutralize+1","Caltrops","Finisher","Cloak And Dagger","Bullet Time","Dagger Spray","After Image+1","Bouncing Flask","Deadly Poison","Noxious Fumes+1","Catalyst+1","Malaise","PiercingWail","Deflect+1","PiercingWail","Dagger Throw","Expertise","Infinite Blades","Dash"],"relics":["Ring of the Snake","NeowsBlessing","Golden Idol","Smiling Mask","Orichalcum","Anchor","Ectoplasm","Shuriken","Ornamental Fan","Pear"],"potions_floor_usage":[8,19,27,28,28,33,33],"damage_taken":[{"damage":0,"enemies":"Jaw Worm","floor":1,"turns":1},{"damage":0,"enemies":"Small Slimes","floor":5,"turns":1},{"damage":0,"enemies":"3 Sentries","floor":6,"turns":1},{"damage":2,"enemies":"2 Louse","floor":7,"turns":4},{"damage":25,"enemies":"Gremlin Nob","floor":8,"turns":4},{"damage":0,"enemies":"Red Slaver","floor":14,"turns":4},{"damage":17,"enemies":"Hexaghost","floor":16,"turns":8},{"damage":12,"enemies":"2 Thieves","floor":18,"turns":4},{"damage":2,"enemies":"Colosseum Slavers","floor":19,"turns":7},{"damage":0,"enemies":"Chosen","floor":22,"turns":5},{"damage":3,"enemies":"Centurion and Healer","floor":24,"turns":7},{"damage":7,"enemies":"Cultist and Chosen","floor":27,"turns":7},{"damage":2,"enemies":"Slavers","floor":28,"turns":6},{"damage":10,"enemies":"Snake Plant","floor":29,"turns":5},{"damage":17,"enemies":"3 Cultists","floor":31,"turns":6},{"damage":59,"enemies":"Automaton","floor":33,"turns":6}],"seed_played":"-7162969189511847344","potions_obtained":[{"floor":1,"key":"AttackPotion"},{"floor":6,"key":"Ancient Potion"},{"floor":8,"key":"GhostInAJar"},{"floor":16,"key":"GhostInAJar"},{"floor":22,"key":"Dexterity Potion"},{"floor":27,"key":"Block Potion"},{"floor":31,"key":"SkillPotion"}],"is_trial":false,"path_per_floor":["M","?","?","?","M","E","M","E","T","$","$","R","?","M","R","B",null,"M","?","?","?","M","R","M","R","T","M","E","M","R","M","R","B"],"character_chosen":"THE_SILENT","items_purchased":["After Image","Bouncing Flask","Deadly Poison","Noxious Fumes"],"campfire_rested":2,"item_purchase_floors":[10,10,10,11],"current_hp_per_floor":[63,49,49,49,49,49,47,22,22,22,22,22,15,15,34,17,53,41,39,39,39,39,39,36,36,36,29,37,27,27,10,32,0],"gold":7,"neow_bonus":"THREE_ENEMY_KILL","is_prod":false,"is_daily":false,"chose_seed":false,"campfire_upgraded":4,"win_rate":0,"timestamp":1552341130,"path_taken":["M","?","?","?","M","E","M","E","T","?","$","R","?","M","R","BOSS","M","?","?","?","?","R","M","R","T","M","E","M","R","M","R","BOSS"],"build_version":"2019-01-23","purchased_purges":0,"victory":false,"max_hp_per_floor":[70,70,70,65,65,65,65,65,65,65,65,65,65,65,65,65,65,65,65,65,65,65,65,65,65,65,65,75,75,75,75,75,75],"card_choices":[{"not_picked":["Escape Plan","Backflip"],"picked":"Caltrops","floor":1},{"not_picked":["Backflip","Acrobatics"],"picked":"Finisher","floor":5},{"not_picked":["Underhanded Strike","Catalyst"],"picked":"Cloak And Dagger","floor":6},{"not_picked":["Sucker Punch","Eviscerate"],"picked":"Bullet Time","floor":7},{"not_picked":["Deflect","Cloak And Dagger"],"picked":"Dagger Spray","floor":8},{"not_picked":["Poisoned Stab","Underhanded Strike"],"picked":"Catalyst","floor":14},{"not_picked":["Unload","Venomology"],"picked":"Malaise","floor":16},{"not_picked":["Accuracy+1","Outmaneuver"],"picked":"PiercingWail","floor":18},{"not_picked":["Choke","Dagger Throw"],"picked":"Deflect+1","floor":22},{"not_picked":["Heel Hook","Prepared"],"picked":"PiercingWail","floor":24},{"not_picked":["Prepared","Outmaneuver+1"],"picked":"Dagger Throw","floor":27},{"not_picked":["Caltrops","Flechettes"],"picked":"Expertise","floor":28},{"not_picked":["Quick Slash","Poisoned Stab+1"],"picked":"Infinite Blades","floor":29},{"not_picked":["Venomology","Poisoned Stab"],"picked":"Dash","floor":31}],"player_experience":610261,"relics_obtained":[{"floor":6,"key":"Smiling Mask"},{"floor":8,"key":"Orichalcum"},{"floor":9,"key":"Anchor"},{"floor":26,"key":"Ornamental Fan"},{"floor":28,"key":"Pear"}],"event_choices":[{"damage_healed":0,"gold_gain":0,"player_choice":"Entered Light","damage_taken":14,"max_hp_gain":0,"max_hp_loss":0,"event_name":"Shining Light","floor":2,"gold_loss":0,"cards_upgraded":["Defend_G","Strike_G"]},{"damage_healed":0,"gold_gain":0,"player_choice":"Ignored","damage_taken":0,"max_hp_gain":0,"max_hp_loss":0,"event_name":"Liars Game","floor":3,"gold_loss":0},{"damage_healed":0,"gold_gain":0,"player_choice":"Lose Max HP","damage_taken":0,"relics_obtained":["Golden Idol"],"max_hp_gain":0,"max_hp_loss":5,"event_name":"Golden Idol","floor":4,"gold_loss":0},{"cards_removed":["Strike_G"],"damage_healed":0,"gold_gain":0,"player_choice":"Card Removal","damage_taken":7,"max_hp_gain":0,"max_hp_loss":0,"event_name":"Golden Wing","floor":13,"gold_loss":0},{"damage_healed":0,"gold_gain":0,"player_choice":"Fight","damage_taken":0,"max_hp_gain":0,"max_hp_loss":0,"event_name":"Colosseum","floor":19,"gold_loss":0},{"damage_healed":0,"gold_gain":0,"player_choice":"Fled From Nobs","damage_taken":0,"max_hp_gain":0,"max_hp_loss":0,"event_name":"Colosseum","floor":19,"gold_loss":0},{"damage_healed":0,"gold_gain":0,"player_choice":"Obtained Relic","damage_taken":0,"relics_obtained":["Shuriken"],"max_hp_gain":0,"max_hp_loss":0,"event_name":"Addict","floor":20,"gold_loss":85},{"damage_healed":0,"gold_gain":0,"player_choice":"Leave","damage_taken":0,"max_hp_gain":0,"max_hp_loss":0,"event_name":"FaceTrader","floor":21,"gold_loss":0}],"is_beta":false,"boss_relics":[{"not_picked":["HoveringKite","White Beast Statue"],"picked":"Ectoplasm"}],"items_purged_floors":[],"is_endless":false,"potions_floor_spawned":[1,6,8,16,22,24,27,31],"killed_by":"Automaton","ascension_level":10}