{"gold_per_floor":[109,184,184,111,111,142,161,179,226,236,250,250,269,281,281,281],"floor_reached":16,"playtime":1709,"items_purged":[],"score":109,"play_id":"e23543e8-f3d4-4ed2-a1a6-31d44852ea54","local_time":"20190412185523","is_ascension_mode":true,"campfire_choices":[{"data":"Double Energy","floor":12,"key":"SMITH"},{"data":"Zap","floor":15,"key":"SMITH"}],"neow_cost":"TEN_PERCENT_HP_LOSS","seed_source_timestamp":82754497448955,"circlet_count":0,"master_deck":["Strike_B+1","Strike_B","Strike_B","Strike_B","Defend_B","Defend_B+1","Defend_B","Defend_B","Zap+1","Dualcast","Glacier","Heatsinks","Double Energy+1","Conserve Battery","Go for the Eyes","Go for the Eyes","Force Field","Leap","Conserve Battery"],"relics":["Cracked Core","Bird Faced Urn","Potion Belt","The Courier","Orichalcum"],"potions_floor_usage":[16,16],"damage_taken":[{"damage":2,"enemies":"2 Louse","floor":1,"turns":2},{"damage":12,"enemies":"Lagavulin","floor":6,"turns":16},{"damage":0,"enemies":"Jaw Worm","floor":7,"turns":5},{"damage":0,"enemies":"Cultist","floor":8,"turns":4},{"damage":0,"enemies":"Exordium Wildlife","floor":10,"turns":5},{"damage":6,"enemies":"Lots of Slimes","floor":11,"turns":6},{"damage":1,"enemies":"2 Fungi Beasts","floor":13,"turns":4},{"damage":0,"enemies":"Large Slime","floor":14,"turns":9},{"damage":35,"enemies":"Slime Boss","floor":16,"turns":13}],"seed_played":"-4610539365664649317","potions_obtained":[{"floor":1,"key":"FocusPotion"},{"floor":10,"key":"LiquidBronze"},{"floor":13,"key":"Dexterity Potion"}],"is_trial":false,"path_per_floor":["M","?","?","$","?","E","M","M","T","M","M","R","M","M","R","B"],"character_chosen":"DEFECT","items_purchased":["Heatsinks"],"campfire_rested":0,"item_purchase_floors":[4],"current_hp_per_floor":[66,55,41,41,38,28,30,32,32,34,30,30,31,33,33,0],"gold":281,"neow_bonus":"ONE_RARE_RELIC","is_prod":false,"is_daily":false,"chose_seed":false,"campfire_upgraded":2,"win_rate":0,"timestamp":1555084523,"path_taken":["M","?","?","?","?","E","M","M","T","M","M","R","?","M","R","BOSS"],"build_version":"2019-01-23","purchased_purges":0,"victory":false,"max_hp_per_floor":[68,68,68,68,68,68,68,68,68,68,68,68,68,68,68,68],"card_choices":[{"not_picked":["Undo","Fusion"],"picked":"Glacier","floor":1},{"not_picked":["Doom and Gloom","Go for the Eyes"],"picked":"Double Energy","floor":6},{"not_picked":["Stack","Steam"],"picked":"Conserve Battery","floor":7},{"not_picked":["Compile Driver","Turbo"],"picked":"Go for the Eyes","floor":8},{"not_picked":["Stack","Skim"],"picked":"Go for the Eyes","floor":10},{"not_picked":["Amplify","Hologram"],"picked":"Force Field","floor":11},{"not_picked":["Ball Lightning","Beam Cell"],"picked":"Leap","floor":13},{"not_picked":["Steam","Ball Lightning"],"picked":"Conserve Battery","floor":14}],"player_experience":81679,"relics_obtained":[{"floor":6,"key":"The Courier"},{"floor":9,"key":"Orichalcum"}],"event_choices":[{"damage_healed":0,"gold_gain":75,"player_choice":"Gather Gold","damage_taken":11,"max_hp_gain":0,"max_hp_loss":0,"event_name":"World of Goop","floor":2,"gold_loss":0},{"damage_healed":0,"gold_gain":0,"player_choice":"Entered Light","damage_taken":14,"max_hp_gain":0,"max_hp_loss":0,"event_name":"Shining Light","floor":3,"gold_loss":0,"cards_upgraded":["Defend_B","Strike_B"]},{"damage_healed":0,"gold_gain":0,"player_choice":"Success","damage_taken":3,"relics_obtained":["Potion Belt"],"max_hp_gain":0,"max_hp_loss":0,"event_name":"Scrap Ooze","floor":5,"gold_loss":0}],"is_beta":false,"boss_relics":[],"items_purged_floors":[],"is_endless":false,"potions_floor_spawned":[1,10,13],"killed_by":"Slime Boss","ascension_level":1}