{"gold_per_floor":[114,114,129,129,129,167,186,40,40,71,83,114,126,157,169,181],"floor_reached":16,"playtime":1085,"items_purged":[],"score":102,"play_id":"4287fe7e-dc19-4cc9-b5be-76b2d7e9028f","local_time":"20190730200158","daily_mods":["Chimera","Green Cards","Binary"],"is_ascension_mode":false,"campfire_choices":[{"floor":13,"key":"REST"},{"floor":15,"key":"REST"}],"neow_cost":"","seed_source_timestamp":0,"circlet_count":0,"master_deck":["Bash+1","Survivor","Zap","Strike_R","Strike_G","Strike_B+1","Defend_R","Defend_G","Defend_B","Hologram","Regret","Dagger Throw","Coolheaded","Mayhem","Melter","Footwork","Dagger Spray"],"special_seed":18107,"relics":["Cracked Core","The Courier","PreservedInsect","Golden Idol","Whetstone","MawBank"],"potions_floor_usage":[16],"damage_taken":[{"damage":0,"enemies":"Jaw Worm","floor":1,"turns":4},{"damage":2,"enemies":"Cultist","floor":3,"turns":4},{"damage":39,"enemies":"3 Sentries","floor":6,"turns":8},{"damage":2,"enemies":"2 Louse","floor":7,"turns":3},{"damage":3,"enemies":"Red Slaver","floor":10,"turns":4},{"damage":9,"enemies":"Looter","floor":12,"turns":5},{"damage":6,"enemies":"2 Fungi Beasts","floor":14,"turns":3},{"damage":44,"enemies":"Slime Boss","floor":16,"turns":11}],"seed_played":"7146555234678977931","potions_obtained":[{"floor":7,"key":"Weak Potion"},{"floor":10,"key":"GamblersBrew"}],"is_trial":false,"path_per_floor":["M","?","M","?","?","E","M","$","T","M","$","M","R","M","R","B"],"character_chosen":"DEFECT","items_purchased":["Mayhem"],"campfire_rested":2,"item_purchase_floors":[8],"current_hp_per_floor":[75,75,73,73,55,16,14,14,14,11,11,2,24,18,40,0],"gold":181,"neow_bonus":"","is_prod":false,"is_daily":true,"chose_seed":false,"campfire_upgraded":0,"win_rate":0,"timestamp":1564506118,"path_taken":["M","?","?","?","?","E","M","$","T","M","$","M","R","M","R","BOSS"],"build_version":"2019-07-17","purchased_purges":0,"victory":false,"max_hp_per_floor":[75,75,75,75,75,75,75,75,75,75,75,75,75,75,75,75],"card_choices":[{"not_picked":["Rebound"],"picked":"Blade Dance","floor":1},{"not_picked":["Hello World"],"picked":"Hologram","floor":3},{"not_picked":["Barrage"],"picked":"Dagger Throw","floor":6},{"not_picked":["Tactician"],"picked":"Coolheaded","floor":7},{"not_picked":["Turbo"],"picked":"Melter","floor":10},{"not_picked":["Catalyst"],"picked":"Footwork","floor":12},{"not_picked":["Die Die Die"],"picked":"Dagger Spray","floor":14}],"player_experience":125095,"relics_obtained":[{"floor":6,"key":"Whetstone"},{"floor":9,"key":"MawBank"}],"event_choices":[{"cards_removed":["Blade Dance"],"damage_healed":0,"gold_gain":0,"player_choice":"Gave Card","damage_taken":0,"relics_obtained":["The Courier"],"max_hp_gain":0,"max_hp_loss":0,"event_name":"WeMeetAgain","floor":2,"gold_loss":0},{"damage_healed":0,"gold_gain":0,"player_choice":"Box","damage_taken":0,"relics_obtained":["PreservedInsect"],"max_hp_gain":0,"max_hp_loss":0,"event_name":"Big Fish","floor":4,"gold_loss":0,"cards_obtained":["Regret"]},{"damage_healed":0,"gold_gain":0,"player_choice":"Take Damage","damage_taken":18,"relics_obtained":["Golden Idol"],"max_hp_gain":0,"max_hp_loss":0,"event_name":"Golden Idol","floor":5,"gold_loss":0}],"is_beta":false,"boss_relics":[],"items_purged_floors":[],"is_endless":false,"potions_floor_spawned":[7,10],"killed_by":"Slime Boss","ascension_level":0}