{"gold_per_floor":[117,117,128,141,106,106,136,150,150,167,167,167,182,182,182,281,281,294,294,321,339,40,40],"floor_reached":23,"playtime":1684,"items_purged":[],"score":220,"play_id":"b409b409-997a-4ad5-a614-478c5458f9bb","local_time":"20180623120023","is_ascension_mode":true,"campfire_choices":[{"data":"Fusion","floor":6,"key":"SMITH"},{"floor":12,"key":"REST"},{"floor":15,"key":"REST"}],"neow_cost":"NONE","seed_source_timestamp":3415184263626804,"circlet_count":0,"master_deck":["Strike_B+1","Strike_B","Strike_B","Strike_B","Defend_B","Defend_B","Defend_B+1","Defend_B","Zap","Dualcast","Genetic Algorithm","Sweeping Beam","Fusion+1","Defragment","Hologram","Beam Cell","Rainbow","Double Energy","Creative AI","Tempest+1","Reinforced Body"],"relics":["Cracked Core","Boot","Dream Catcher","Ornamental Fan","Lizard Tail","Red Mask","Bottled Tornado"],"potions_floor_usage":[7,10,16,23],"damage_taken":[{"damage":7,"enemies":"Jaw Worm","floor":1,"turns":4},{"damage":1,"enemies":"Cultist","floor":3,"turns":4},{"damage":13,"enemies":"Small Slimes","floor":4,"turns":3},{"damage":30,"enemies":"3 Sentries","floor":7,"turns":7},{"damage":9,"enemies":"Blue Slaver","floor":8,"turns":4},{"damage":8,"enemies":"2 Fungi Beasts","floor":10,"turns":3},{"damage":9,"enemies":"Exordium Thugs","floor":13,"turns":3},{"damage":16,"enemies":"Hexaghost","floor":16,"turns":9},{"damage":13,"enemies":"Chosen","floor":18,"turns":7},{"damage":88,"floor":20,"turns":5},{"damage":10,"enemies":"Shell Parasite","floor":21,"turns":9},{"damage":16,"enemies":"Gremlin Leader","floor":23,"turns":2}],"seed_played":"-4883792361915373076","potions_obtained":[{"floor":1,"key":"GamblersBrew"},{"floor":2,"key":"FairyPotion"},{"floor":2,"key":"PowerPotion"},{"floor":7,"key":"Poison Potion"},{"floor":8,"key":"PowerPotion"}],"is_trial":false,"path_per_floor":["M","?","M","M","?","R","E","M","T","M","?","R","M","$","R","B",null,"M","?","?","M","$"],"character_chosen":"DEFECT","items_purchased":["Bottled Tornado","Dexterity Potion"],"campfire_rested":2,"item_purchase_floors":[22,22],"current_hp_per_floor":[68,68,67,54,72,72,42,33,33,25,10,32,23,23,45,29,75,62,48,22,12,12,0],"gold":40,"neow_bonus":"RANDOM_COMMON_RELIC","is_prod":false,"is_daily":false,"chose_seed":false,"campfire_upgraded":1,"win_rate":0,"timestamp":1529751623,"path_taken":["M","?","M","M","?","R","E","?","T","M","?","R","M","$","R","BOSS","M","?","?","M","$","E"],"build_version":"2018-06-21v2","purchased_purges":0,"victory":false,"max_hp_per_floor":[75,75,75,75,75,75,75,75,75,75,75,75,75,75,75,75,75,75,80,80,80,80,80],"card_choices":[{"not_picked":["White Noise","Steam"],"picked":"Genetic Algorithm","floor":1},{"not_picked":["Barrage","Steam Power"],"picked":"Sweeping Beam","floor":3},{"not_picked":["Chill","Barrage"],"picked":"Fusion","floor":4},{"not_picked":["Steam Power","Scrape"],"picked":"Defragment","floor":7},{"not_picked":["Rebound","Redo","Turbo"],"picked":"SKIP","floor":8},{"not_picked":["Hologram","Tempest","Storm"],"picked":"SKIP","floor":10},{"not_picked":["Tempest","Storm"],"picked":"Hologram","floor":10},{"not_picked":["Compile Driver","Static Discharge"],"picked":"Beam Cell","floor":12},{"not_picked":["Steam","Hologram"],"picked":"Rainbow","floor":13},{"not_picked":["Genetic Algorithm","Hologram"],"picked":"Double Energy","floor":15},{"not_picked":["Amplify","Multi-Cast"],"picked":"Creative AI","floor":16},{"not_picked":["Leap","Loop"],"picked":"Tempest+1","floor":18},{"not_picked":["Undo+1","Redo"],"picked":"Reinforced Body","floor":20},{"not_picked":["Go for the Eyes","Beam Cell","Rainbow"],"picked":"SKIP","floor":21}],"player_experience":302664,"relics_obtained":[{"floor":7,"key":"Dream Catcher"},{"floor":9,"key":"Ornamental Fan"},{"floor":20,"key":"Red Mask"}],"event_choices":[{"event_name":"The Lab","player_choice":"Got Potions","floor":2,"damage_taken":0},{"event_name":"The Cleric","player_choice":"Healed","floor":5,"damage_taken":0},{"event_name":"Shining Light","player_choice":"Entered Light","floor":11,"damage_taken":0},{"event_name":"Forgotten Altar","player_choice":"Shed Blood","floor":19,"damage_taken":0},{"event_name":"Masked Bandits","player_choice":"Fought over 294 gold","floor":20,"damage_taken":0}],"boss_relics":[{"not_picked":["Black Star","Philosopher\u0027s Stone"],"picked":"Lizard Tail"}],"items_purged_floors":[],"is_endless":false,"potions_floor_spawned":[1,7,8],"killed_by":"Gremlin Leader","ascension_level":3}