{"gold_per_floor":[110,127,127,127,127,161,175,175,201,276,45,83,97,115,115,240,240,254,254,254,269,269,269,283,283],"floor_reached":25,"playtime":1375,"items_purged":["Regret"],"score":271,"play_id":"6cb95783-4269-4993-9e17-a92f3b815513","local_time":"20190801180612","is_ascension_mode":true,"campfire_choices":[{"data":"Armaments","floor":8,"key":"SMITH"},{"data":"True Grit","floor":15,"key":"SMITH"},{"floor":23,"key":"REST"}],"neow_cost":"NONE","seed_source_timestamp":1833485057966720,"circlet_count":0,"master_deck":["Strike_R","Strike_R","Strike_R","Strike_R","Defend_R","Defend_R","Defend_R+1","Defend_R+1","Bash","Headbutt","Heavy Blade","Juggernaut","Injury","Armaments+1","True Grit+1","Inflame","Iron Wave","Rage","Barricade","Regret","Decay","Normality","Iron Wave","Shrug It Off","Rampage+1","Pommel Strike"],"relics":["Burning Blood","NeowsBlessing","Bloody Idol","Happy Flower","Bottled Flame","Pen Nib","Bag of Marbles","Paper Frog","Calling Bell","War Paint","Matryoshka","Ginger","Red Skull"],"potions_floor_usage":[16,21],"damage_taken":[{"damage":0,"enemies":"Jaw Worm","floor":1,"turns":1},{"damage":0,"enemies":"Small Slimes","floor":2,"turns":1},{"damage":0,"enemies":"Lagavulin","floor":6,"turns":1},{"damage":5,"enemies":"2 Louse","floor":7,"turns":4},{"damage":19,"enemies":"Gremlin Nob","floor":12,"turns":4},{"damage":19,"enemies":"Exordium Wildlife","floor":13,"turns":5},{"damage":0,"enemies":"Large Slime","floor":14,"turns":4},{"damage":30,"enemies":"Hexaghost","floor":16,"turns":9},{"damage":33,"enemies":"Spheric Guardian","floor":18,"turns":6},{"damage":48,"enemies":"3 Byrds","floor":21,"turns":7},{"damage":26,"enemies":"Snake Plant","floor":24,"turns":2},{"damage":34,"enemies":"Sentry and Sphere","floor":25,"turns":3}],"seed_played":"1911781669452070364","potions_obtained":[{"floor":6,"key":"Poison Potion"},{"floor":7,"key":"Regen Potion"},{"floor":21,"key":"PowerPotion"}],"is_trial":false,"path_per_floor":["M","M","?","?","?","E","M","R","T","?","$","E","M","M","R","B",null,"M","?","?","M","?","R","M","M"],"character_chosen":"IRONCLAD","items_purchased":["Bag of Marbles"],"campfire_rested":1,"item_purchase_floors":[11],"current_hp_per_floor":[80,80,80,80,80,80,80,80,80,69,69,56,43,49,49,40,80,53,53,53,16,16,40,25,0],"gold":283,"neow_bonus":"THREE_ENEMY_KILL","is_prod":false,"is_daily":false,"chose_seed":false,"campfire_upgraded":2,"win_rate":0,"timestamp":1564671972,"path_taken":["M","M","?","?","?","E","M","R","T","?","$","E","M","M","R","BOSS","M","?","?","M","?","R","M","M"],"build_version":"2019-07-17","purchased_purges":1,"victory":false,"max_hp_per_floor":[80,80,80,80,80,80,80,80,80,80,80,80,80,80,80,80,80,80,80,80,80,80,80,80,80],"card_choices":[{"not_picked":["True Grit","Evolve"],"picked":"Headbutt","floor":1},{"not_picked":["Havoc","Hemokinesis"],"picked":"Heavy Blade","floor":2},{"not_picked":["Bloodletting","Cleave"],"picked":"Armaments","floor":6},{"not_picked":["Wild Strike","Iron Wave"],"picked":"True Grit","floor":7},{"not_picked":["Reckless Charge","Uppercut"],"picked":"Inflame","floor":12},{"not_picked":["Sever Soul","Dark Embrace"],"picked":"Iron Wave","floor":13},{"not_picked":["Anger","True Grit"],"picked":"Rage","floor":14},{"not_picked":["Dark Embrace","Double Tap"],"picked":"Barricade","floor":16},{"not_picked":["Headbutt","Intimidate"],"picked":"Iron Wave","floor":18},{"not_picked":["Iron Wave+1","Twin Strike"],"picked":"Rampage+1","floor":21},{"not_picked":["Dark Embrace","Havoc"],"picked":"Pommel Strike","floor":24}],"player_experience":148351,"relics_obtained":[{"floor":6,"key":"Bottled Flame"},{"floor":9,"key":"Pen Nib"},{"floor":12,"key":"Paper Frog"},{"floor":17,"key":"War Paint"},{"floor":17,"key":"Matryoshka"},{"floor":17,"key":"Ginger"}],"event_choices":[{"damage_healed":0,"gold_gain":0,"cards_transformed":["Strike_R"],"player_choice":"Change","damage_taken":0,"max_hp_gain":0,"max_hp_loss":0,"event_name":"Living Wall","floor":3,"gold_loss":0,"cards_obtained":["Juggernaut"]},{"damage_healed":0,"gold_gain":0,"player_choice":"Take Wound","damage_taken":0,"relics_obtained":["Golden Idol"],"max_hp_gain":0,"max_hp_loss":0,"event_name":"Golden Idol","floor":4,"gold_loss":0,"cards_obtained":["Injury"]},{"damage_healed":0,"gold_gain":0,"player_choice":"Box","damage_taken":0,"relics_obtained":["Happy Flower"],"max_hp_gain":0,"max_hp_loss":0,"event_name":"Big Fish","floor":5,"gold_loss":0,"cards_obtained":["Regret"]},{"damage_healed":0,"gold_gain":75,"player_choice":"Gather Gold","damage_taken":11,"max_hp_gain":0,"max_hp_loss":0,"event_name":"World of Goop","floor":10,"gold_loss":0},{"damage_healed":0,"gold_gain":0,"player_choice":"Read","damage_taken":0,"max_hp_gain":0,"max_hp_loss":0,"event_name":"The Library","floor":19,"gold_loss":0,"cards_obtained":["Shrug It Off"]},{"damage_healed":0,"gold_gain":0,"player_choice":"Gave Idol","damage_taken":0,"relics_obtained":["Bloody Idol"],"max_hp_gain":0,"max_hp_loss":0,"event_name":"Forgotten Altar","floor":20,"relics_lost":["Golden Idol"],"gold_loss":0},{"damage_healed":0,"gold_gain":0,"player_choice":"Opened","damage_taken":0,"relics_obtained":["Red Skull"],"max_hp_gain":0,"max_hp_loss":0,"event_name":"The Mausoleum","floor":22,"gold_loss":0}],"is_beta":false,"boss_relics":[{"not_picked":["Philosopher\u0027s Stone","Busted Crown"],"picked":"Calling Bell"}],"items_purged_floors":[11],"is_endless":false,"potions_floor_spawned":[6,7,21],"killed_by":"Sentry and Sphere","ascension_level":3}