{"path_per_floor":["M","?","?","M","?","E","R","M","T","E","$","M","R","?","R","B",null,"M","M","?","M","M","E","R","E","T","$"],"character_chosen":"IRONCLAD","items_purchased":["Good Instincts","Dramatic Entrance","Blood Vial"],"gold_per_floor":[109,109,109,119,69,101,101,114,138,165,70,89,89,89,89,185,185,202,221,221,232,248,273,273,302,302,57],"floor_reached":28,"campfire_rested":1,"playtime":2879,"current_hp_per_floor":[80,80,85,85,85,64,64,68,68,66,66,60,60,60,60,34,72,74,58,58,37,35,22,47,11,11,11],"items_purged":[],"gold":57,"score":333,"play_id":"ddd78297-141c-43b2-a8ea-c9f3f5cdb63c","is_prod":false,"is_daily":false,"is_ascension_mode":true,"campfire_upgraded":3,"path_taken":["M","?","?","M","?","E","R","M","T","E","$","M","R","?","R","BOSS","M","M","?","M","?","E","R","E","T","$","M"],"build_version":"2018-02-15-PROD1","purchased_purges":1,"victory":false,"master_deck":["Strike_R","Strike_R","Strike_R","Defend_R","Defend_R","Defend_R","Bash","Shockwave","Entrench+1","Metallicize+1","Havoc+1","Body Slam+1","Good Instincts","Sentinel","Offering","Dual Wield","Mind Blast","Rupture","Exhume","True Grit","Seeing Red","Feed","Dramatic Entrance"],"max_hp_per_floor":[80,80,85,85,85,85,85,85,85,85,85,85,85,85,85,85,85,85,85,85,85,85,85,85,85,85,85],"relics":["Burning Blood","Dead Branch","Bronze Scales","Omamori","Sozu","Lantern","Mummified Hand","Dream Catcher","Blood Vial"],"card_choices":[{"not_picked":["Inflame","Pommel Strike"],"picked":"Shockwave"},{"not_picked":["Pommel Strike","Perfected Strike"],"picked":"Metallicize"},{"not_picked":["Inflame","Headbutt"],"picked":"Havoc"},{"not_picked":["Entrench","Juggernaut"],"picked":"Body Slam"},{"not_picked":["Uppercut","Second Wind"],"picked":"Sentinel"},{"not_picked":["Immolate","Bludgeon"],"picked":"Offering"},{"not_picked":["Anger","Entrench"],"picked":"Dual Wield"},{"not_picked":["Iron Wave","Clash"],"picked":"True Grit"},{"not_picked":["Perfected Strike","Wild Strike"],"picked":"Seeing Red"},{"not_picked":["Clothesline","Havoc"],"picked":"Feed"}],"player_experience":185349,"potions_floor_usage":[6,6,16],"damage_taken":[{"damage":5,"enemies":"Small Slimes","floor":1,"turns":4},{"damage":1,"enemies":"Cultist","floor":4,"turns":4},{"damage":27,"enemies":"Gremlin Nob","floor":6,"turns":4},{"damage":2,"enemies":"Jaw Worm","floor":8,"turns":5},{"damage":26,"enemies":"3 Sentries","floor":10,"turns":6},{"damage":12,"enemies":"Looter","floor":12,"turns":3},{"damage":32,"enemies":"Slime Boss","floor":16,"turns":11},{"damage":4,"enemies":"2 Thieves","floor":18,"turns":3},{"damage":22,"enemies":"Spheric Guardian","floor":19,"turns":4},{"damage":33,"enemies":"Slaver and Parasite","floor":21,"turns":5},{"damage":8,"enemies":"3 Cultists","floor":22,"turns":3},{"damage":19,"enemies":"Book of Stabbing","floor":23,"turns":4},{"damage":42,"enemies":"Gremlin Leader","floor":25,"turns":5},{"damage":20,"enemies":"Snecko","floor":28,"turns":3}],"event_choices":[{"event_name":"Transmorgrifier","player_choice":"Transform","floor":2,"damage_taken":0},{"event_name":"Big Fish","player_choice":"Donut","floor":3,"damage_taken":0},{"event_name":"The Cleric","player_choice":"Card Removal","floor":5,"damage_taken":0},{"event_name":"Accursed Blacksmith","player_choice":"Forge","floor":14,"damage_taken":0},{"event_name":"Match and Keep!","player_choice":"3 cards matched","floor":20,"damage_taken":0}],"boss_relics":[{"not_picked":["Pandora\u0027s Box","Question Card"],"picked":"Sozu"}],"potions_floor_spawned":[1,4,10,16,21,22],"seed_played":"606464642121986798","killed_by":"Snecko","ascension_level":5,"is_trial":false}