{"gold_per_floor":[109,121,139,64,64,64,77,77,77,107,107,137,151,151],"floor_reached":14,"playtime":526,"items_purged":[],"score":200,"play_id":"3097e627-2afb-4ff2-93ee-c48d9adf5861","local_time":"20190427090806","is_ascension_mode":true,"campfire_choices":[{"floor":6,"key":"REST"},{"floor":8,"key":"REST"},{"floor":11,"key":"REST"}],"neow_cost":"NONE","seed_source_timestamp":391856197850429,"circlet_count":0,"master_deck":["AscendersBane","Strike_B","Strike_B","Strike_B+1","Defend_B","Defend_B","Defend_B","Defend_B","Zap","Dualcast","Go for the Eyes","Sweeping Beam","Doom and Gloom+1","Ball Lightning+1","Capacitor","Creative AI","Self Repair"],"relics":["Cracked Core","Molten Egg 2","Whetstone","Vajra","Letter Opener"],"potions_floor_usage":[12,14],"damage_taken":[{"damage":10,"enemies":"Small Slimes","floor":1,"turns":3},{"damage":0,"enemies":"2 Louse","floor":2,"turns":2},{"damage":1,"enemies":"Cultist","floor":3,"turns":3},{"damage":9,"enemies":"Looter","floor":7,"turns":3},{"damage":15,"enemies":"Lagavulin","floor":10,"turns":6},{"damage":5,"enemies":"3 Sentries","floor":12,"turns":3},{"damage":29,"enemies":"Large Slime","floor":13,"turns":4},{"damage":30,"enemies":"Lagavulin","floor":14,"turns":5}],"seed_played":"4686733419351883473","potions_obtained":[{"floor":10,"key":"SkillPotion"},{"floor":13,"key":"AttackPotion"}],"is_trial":false,"path_per_floor":["M","M","M","?","?","R","M","R","T","E","R","E","M","E"],"character_chosen":"DEFECT","items_purchased":[],"campfire_rested":3,"item_purchase_floors":[],"current_hp_per_floor":[61,61,60,60,4,27,18,41,41,26,49,44,15,0],"gold":151,"neow_bonus":"TEN_PERCENT_HP_BONUS","is_prod":false,"is_daily":false,"chose_seed":false,"campfire_upgraded":0,"win_rate":0,"timestamp":1556352486,"path_taken":["M","M","M","?","?","R","M","R","T","E","R","E","M","E"],"build_version":"2019-01-23","purchased_purges":0,"victory":false,"max_hp_per_floor":[78,78,78,78,78,78,78,78,78,78,78,78,78,78],"card_choices":[{"not_picked":["Streamline","Force Field"],"picked":"Go for the Eyes","floor":1},{"not_picked":["Storm","Gash"],"picked":"Sweeping Beam","floor":2},{"not_picked":["Chaos","Stack"],"picked":"Doom and Gloom","floor":3},{"not_picked":["Gash+1","Capacitor"],"picked":"Ball Lightning+1","floor":7},{"not_picked":["Leap","Cold Snap+1"],"picked":"Capacitor","floor":10},{"not_picked":["Streamline+1","Rebound+1"],"picked":"Creative AI","floor":12},{"not_picked":["Hologram","Turbo"],"picked":"Self Repair","floor":13}],"player_experience":888080,"relics_obtained":[{"floor":9,"key":"Whetstone"},{"floor":10,"key":"Vajra"},{"floor":12,"key":"Letter Opener"}],"event_choices":[{"cards_removed":["Strike_B"],"damage_healed":0,"gold_gain":0,"player_choice":"Card Removal","damage_taken":0,"max_hp_gain":0,"max_hp_loss":0,"event_name":"The Cleric","floor":4,"gold_loss":75},{"damage_healed":0,"gold_gain":0,"player_choice":"Success","damage_taken":56,"relics_obtained":["Molten Egg 2"],"max_hp_gain":0,"max_hp_loss":0,"event_name":"Scrap Ooze","floor":5,"gold_loss":0}],"is_beta":false,"boss_relics":[],"items_purged_floors":[],"is_endless":false,"potions_floor_spawned":[10,13],"killed_by":"Lagavulin","ascension_level":20}