{"path_per_floor":["M","?","?","M","?","E","R","M","T","E","M","R","M","M","R","B",null,"M","T","M","$","?","R","M","M","T","R","M","R","?","?","R","B",null,"M","M","?","M","?","E","R","E","T","M","R","E","M","M","R","B"],"character_chosen":"THE_SILENT","items_purchased":["Finisher"],"gold_per_floor":[110,110,185,203,203,228,228,240,264,291,302,302,322,332,332,435,435,435,435,375,261,161,161,161,161,161,161,161,161,161,161,161,161,161,161,161,0,0,0,0,0,0,0,0,0,0,0,0,0,0],"floor_reached":51,"campfire_rested":2,"playtime":8287,"current_hp_per_floor":[68,68,57,57,70,65,65,65,65,54,54,54,54,54,54,36,70,70,70,58,58,58,58,34,31,31,31,25,25,25,9,23,43,49,44,45,45,32,32,31,31,32,32,36,36,25,32,34,49,12],"items_purged":["Defend_G"],"gold":0,"score":627,"play_id":"680ebf04-8ddb-405f-be70-3987508934c4","is_prod":false,"is_daily":false,"is_ascension_mode":true,"campfire_upgraded":5,"path_taken":["M","?","?","M","?","E","R","?","T","E","M","R","M","M","R","BOSS","M","?","?","$","?","R","M","M","T","R","M","R","?","?","R","BOSS","M","M","?","M","?","E","R","E","T","M","R","E","M","M","R","BOSS"],"build_version":"2018-02-08-PROD1","purchased_purges":2,"victory":true,"master_deck":["Defend_G","Defend_G","Defend_G","Defend_G","Survivor","Neutralize+1","Adrenaline+1","Flying Knee","Deflect","Footwork+1","Prepared+1","Acrobatics","Well Laid Plans","Malaise","Backflip","Adrenaline","Slice","Outmaneuver","Finisher","J.A.X.","After Image+1","Backflip+1","Underhanded Strike","Bite","Bite","Bite","Bite","Bite","Necronomicurse","Tools of the Trade","Escape Plan","Predator","Dagger Spray+1","Outmaneuver","Infinite Blades+1","Expertise+1","Acrobatics+1","Riddle With Holes+1"],"max_hp_per_floor":[70,70,70,70,70,70,70,70,70,70,70,70,70,70,70,70,70,70,70,70,70,70,70,70,70,70,70,70,70,49,49,49,49,49,49,49,49,49,49,49,49,49,49,49,49,49,49,49,49,49],"relics":["Ring of the Snake","Pen Nib","Orichalcum","Oddly Smooth Stone","Ectoplasm","Girya","Snake Skull","Necronomicon","Question Card","Red Mask","Regal Pillow","Bottled Tornado","Blood Vial","Happy Flower"],"card_choices":[{"not_picked":["Flechettes","Poisoned Stab"],"picked":"Flying Knee"},{"not_picked":["Deadly Poison","Underhanded Strike"],"picked":"Deflect"},{"not_picked":["Venomology","Flying Knee"],"picked":"Footwork"},{"not_picked":["Caltrops","Bane"],"picked":"Prepared"},{"not_picked":["Flying Knee","Outmaneuver"],"picked":"Acrobatics"},{"not_picked":["Terror","Backflip"],"picked":"Well Laid Plans"},{"not_picked":["Dagger Throw","Underhanded Strike"],"picked":"Malaise"},{"not_picked":["Prepared","Dagger Spray"],"picked":"Backflip"},{"not_picked":["Corpse Explosion","Phantasmal Killer"],"picked":"Adrenaline"},{"not_picked":["Poisoned Stab","Sucker Punch"],"picked":"Slice"},{"not_picked":["Deadly Poison","Deflect"],"picked":"Outmaneuver"},{"not_picked":["Poisoned Stab","Dash"],"picked":"After Image"},{"not_picked":["Skewer","Prepared"],"picked":"Backflip"},{"not_picked":["Skewer","Bane"],"picked":"Underhanded Strike"},{"not_picked":["Adrenaline","Tactician"],"picked":"Tools of the Trade"},{"not_picked":["Leg Sweep","Backflip","Quick Slash"],"picked":"Escape Plan"},{"not_picked":["Quick Slash","Poisoned Stab","Underhanded Strike"],"picked":"Predator"},{"not_picked":["All Out Attack","Underhanded Strike","Leg Sweep"],"picked":"Riddle With Holes"},{"not_picked":["Well Laid Plans","Bane","PiercingWail"],"picked":"Dagger Spray"},{"not_picked":["Dagger Spray","Flying Knee","Caltrops"],"picked":"Outmaneuver"},{"not_picked":["Leg Sweep","All Out Attack","Heel Hook"],"picked":"Infinite Blades"},{"not_picked":["Doppelganger","Quick Slash","Endless Agony"],"picked":"Expertise"},{"not_picked":["Bane","Deflect","Poisoned Stab"],"picked":"Acrobatics"},{"not_picked":["PiercingWail","Slice","Acrobatics"],"picked":"Riddle With Holes"}],"player_experience":109928,"potions_floor_usage":[10,18,33,35,47,48,50],"damage_taken":[{"damage":2,"enemies":"Small Slimes","floor":1,"turns":5},{"damage":0,"enemies":"2 Louse","floor":4,"turns":2},{"damage":5,"enemies":"3 Sentries","floor":6,"turns":11},{"damage":0,"enemies":"Jaw Worm","floor":8,"turns":4},{"damage":11,"enemies":"Lagavulin","floor":10,"turns":11},{"damage":0,"enemies":"Looter","floor":11,"turns":3},{"damage":0,"enemies":"Large Slime","floor":13,"turns":6},{"damage":0,"enemies":"2 Fungi Beasts","floor":14,"turns":4},{"damage":18,"enemies":"Hexaghost","floor":16,"turns":19},{"damage":0,"enemies":"Shell Parasite","floor":18,"turns":7},{"damage":12,"enemies":"2 Thieves","floor":20,"turns":4},{"damage":24,"enemies":"Sentry and Sphere","floor":24,"turns":8},{"damage":3,"enemies":"3 Cultists","floor":25,"turns":5},{"damage":6,"enemies":"Snake Plant","floor":28,"turns":5},{"damage":6,"enemies":"Champ","floor":33,"turns":9},{"damage":14,"enemies":"3 Darklings","floor":35,"turns":5},{"damage":9,"enemies":"3 Shapes","floor":36,"turns":4},{"damage":25,"enemies":"3 Darklings","floor":38,"turns":5},{"damage":7,"enemies":"2 Orb Walkers","floor":40,"turns":5},{"damage":11,"enemies":"Giant Head","floor":42,"turns":7},{"damage":0,"enemies":"Sphere and 2 Shapes","floor":44,"turns":4},{"damage":17,"enemies":"2 Orb Walkers","floor":46,"turns":6},{"damage":3,"enemies":"4 Shapes","floor":47,"turns":3},{"damage":10,"enemies":"3 Darklings","floor":48,"turns":4},{"damage":45,"enemies":"Time Eater","floor":50,"turns":9}],"event_choices":[{"event_name":"Living Wall","player_choice":"Grow","floor":2,"damage_taken":0},{"event_name":"World of Goop","player_choice":"Gather Gold","floor":3,"damage_taken":0},{"event_name":"Big Fish","player_choice":"Banana","floor":5,"damage_taken":0},{"event_name":"Drug Dealer","player_choice":"Got JAXXED","floor":22,"damage_taken":0},{"event_name":"Vampires","player_choice":"Became a vampire","floor":30,"damage_taken":0},{"event_name":"Cursed Tome","player_choice":"Obtained Book","floor":31,"damage_taken":0},{"event_name":"Tomb of Lord Red Mask","player_choice":"Paid","floor":37,"damage_taken":0}],"boss_relics":[{"not_picked":["Snecko Eye","The Specimen"],"picked":"Ectoplasm"},{"not_picked":["Eternal Feather","Velvet Choker"],"picked":"Question Card"}],"potions_floor_spawned":[1,10,11,16,24,28,33,36,42,44,46,47],"seed_played":"7999643875689257262","ascension_level":1,"is_trial":false}