{"gold_per_floor":[119,194,194,208,208,208,220,237,263,288,315,348,11,39,39,134,134,150,75,75,88,103,103,135,135,135,235,235,261,191,206,206,308,308,325,343,187,200,200,234,259,271,333,345,390,419,447,52,52,52],"floor_reached":51,"playtime":5708,"items_purged":["Strike_R"],"score":713,"play_id":"c03424f7-31c6-4f80-bc53-56347cac159b","local_time":"20190817111140","is_ascension_mode":false,"campfire_choices":[{"data":"Bash","floor":6,"key":"SMITH"},{"data":"Rampage","floor":15,"key":"SMITH"},{"data":"Apotheosis","floor":23,"key":"SMITH"},{"data":"Metallicize","floor":25,"key":"SMITH"},{"data":"Feel No Pain","floor":28,"key":"SMITH"},{"data":"Body Slam","floor":32,"key":"SMITH"},{"data":"Inflame","floor":42,"key":"SMITH"},{"floor":49,"key":"REST"}],"neow_cost":"PERCENT_DAMAGE","seed_source_timestamp":131786008870500,"circlet_count":0,"master_deck":["Defend_R","Defend_R","Defend_R","Bash+1","Carnage+1","Warcry","Ghostly Armor","Rampage+1","Metallicize+1","Apotheosis+1","Headbutt","Impervious","Shockwave+1","Battle Trance","Second Wind+1","Feel No Pain+1","Inflame+1","Body Slam+1","Disarm","Reaper","Rage","Dramatic Entrance","Double Tap","Evolve","Madness","Madness","Iron Wave+1","Flash of Steel","Dark Embrace"],"relics":["Burning Blood","CultistMask","Blood Vial","Art of War","PreservedInsect","Anchor","Empty Cage","Orichalcum","Strawberry","Prayer Wheel","Self Forming Clay","Boot","Philosopher\u0027s Stone","Bronze Scales","MawBank","Ancient Tea Set","Bag of Preparation","Whetstone"],"potions_floor_usage":[10,12,16,16,24,33,33,45,50,50,50],"damage_taken":[{"damage":5,"enemies":"Cultist","floor":1,"turns":4},{"damage":0,"enemies":"Small Slimes","floor":4,"turns":5},{"damage":6,"enemies":"Jaw Worm","floor":7,"turns":4},{"damage":14,"enemies":"Exordium Wildlife","floor":8,"turns":4},{"damage":8,"enemies":"Gremlin Nob","floor":10,"turns":4},{"damage":16,"enemies":"Lagavulin","floor":12,"turns":5},{"damage":6,"enemies":"3 Sentries","floor":14,"turns":7},{"damage":35,"enemies":"The Guardian","floor":16,"turns":10},{"damage":1,"enemies":"Shell Parasite","floor":18,"turns":7},{"damage":17,"enemies":"Spheric Guardian","floor":21,"turns":4},{"damage":0,"enemies":"Chosen and Byrds","floor":22,"turns":8},{"damage":5,"enemies":"Book of Stabbing","floor":24,"turns":5},{"damage":12,"enemies":"Colosseum Slavers","floor":27,"turns":7},{"damage":21,"enemies":"Colosseum Nobs","floor":27,"turns":6},{"damage":16,"enemies":"Gremlin Leader","floor":29,"turns":7},{"damage":5,"enemies":"Centurion and Healer","floor":31,"turns":7},{"damage":46,"enemies":"Collector","floor":33,"turns":12},{"damage":11,"enemies":"3 Shapes","floor":35,"turns":6},{"damage":2,"enemies":"Orb Walker","floor":36,"turns":4},{"damage":33,"enemies":"Spire Growth","floor":38,"turns":5},{"damage":4,"enemies":"Giant Head","floor":40,"turns":7},{"damage":6,"enemies":"Sphere and 2 Shapes","floor":41,"turns":7},{"damage":29,"enemies":"Reptomancer","floor":45,"turns":6},{"damage":1,"enemies":"3 Darklings","floor":46,"turns":7},{"damage":11,"enemies":"Spire Growth","floor":47,"turns":5},{"damage":61,"enemies":"Time Eater","floor":50,"turns":10}],"seed_played":"-5420149576745795422","potions_obtained":[{"floor":4,"key":"AttackPotion"},{"floor":8,"key":"Block Potion"},{"floor":10,"key":"Explosive Potion"},{"floor":12,"key":"Fruit Juice"},{"floor":16,"key":"BloodPotion"},{"floor":18,"key":"Dexterity Potion"},{"floor":21,"key":"Ancient Potion"},{"floor":22,"key":"Explosive Potion"},{"floor":29,"key":"Swift Potion"},{"floor":38,"key":"PowerPotion"},{"floor":40,"key":"Ancient Potion"},{"floor":45,"key":"SkillPotion"}],"is_trial":false,"path_per_floor":["M","?","?","M","?","R","M","M","T","E","T","E","$","E","R","B",null,"M","?","?","M","M","R","E","R","T","?","R","E","$","M","R","B",null,"M","M","$","M","?","E","M","R","T","?","E","M","M","$","R","B",null],"character_chosen":"IRONCLAD","items_purchased":["Metallicize","Apotheosis","Inflame","Bronze Scales","Flash of Steel","Whetstone","Dark Embrace"],"campfire_rested":1,"item_purchase_floors":[13,13,30,37,48,48,48],"current_hp_per_floor":[57,46,46,52,52,52,52,44,44,44,44,41,41,43,43,16,85,85,85,85,74,82,82,85,85,92,73,73,65,65,68,68,53,92,92,92,92,72,72,82,84,84,84,72,66,73,77,77,92,66],"gold":52,"neow_bonus":"REMOVE_TWO","is_prod":false,"is_daily":false,"chose_seed":false,"campfire_upgraded":7,"win_rate":0,"timestamp":1566011500,"path_taken":["M","?","?","M","?","R","M","?","T","E","?","E","$","E","R","BOSS","M","?","?","M","M","R","E","R","T","?","R","E","?","?","R","BOSS","M","M","$","M","?","E","M","R","T","?","E","M","M","$","R","BOSS"],"build_version":"2019-07-17","purchased_purges":1,"victory":true,"max_hp_per_floor":[80,80,80,80,80,80,80,80,80,80,80,85,85,85,85,85,85,85,85,85,85,85,85,85,85,92,92,92,92,92,92,92,92,92,92,92,92,92,92,92,92,92,92,92,92,92,92,92,92,92],"card_choices":[{"not_picked":["Perfected Strike","Blood for Blood"],"picked":"Carnage","floor":1},{"not_picked":["Heavy Blade","Second Wind"],"picked":"Warcry","floor":4},{"not_picked":["Body Slam","Armaments"],"picked":"Ghostly Armor","floor":7},{"not_picked":["Whirlwind","Thunderclap","Power Through"],"picked":"SKIP","floor":8},{"not_picked":["Twin Strike","Thunderclap","Body Slam"],"picked":"SKIP","floor":10},{"not_picked":["Anger","Shockwave"],"picked":"Rampage","floor":12},{"not_picked":["Heavy Blade","Pommel Strike"],"picked":"Headbutt","floor":14},{"not_picked":["Berserk","Limit Break"],"picked":"Impervious","floor":16},{"not_picked":["Warcry","Reckless Charge+1"],"picked":"Shockwave+1","floor":18},{"not_picked":["Body Slam","Armaments+1"],"picked":"Battle Trance","floor":21},{"not_picked":["Rampage","Armaments+1"],"picked":"Second Wind+1","floor":22},{"not_picked":["Havoc","Barricade"],"picked":"Feel No Pain","floor":24},{"not_picked":["Clash","Twin Strike","Carnage"],"picked":"SKIP","floor":29},{"not_picked":["Sword Boomerang","Rampage"],"picked":"Body Slam","floor":31},{"not_picked":["Metallicize+1","Anger"],"picked":"Disarm","floor":31},{"not_picked":["Demon Form","Berserk"],"picked":"Reaper","floor":33},{"not_picked":["Fire Breathing","Wild Strike+1"],"picked":"Rage","floor":35},{"not_picked":["Twin Strike+1","Second Wind+1","Cleave"],"picked":"SKIP","floor":35},{"not_picked":["Perfected Strike","Carnage+1","Headbutt"],"picked":"SKIP","floor":36},{"not_picked":["Flex","Havoc","Reaper"],"picked":"SKIP","floor":36},{"not_picked":["Cleave","Headbutt","Wild Strike"],"picked":"SKIP","floor":38},{"not_picked":["Combust+1","Second Wind+1","Headbutt+1"],"picked":"SKIP","floor":38},{"not_picked":["Discovery","Jack Of All Trades"],"picked":"Dramatic Entrance","floor":39},{"not_picked":["Intimidate+1","Clothesline"],"picked":"Double Tap","floor":40},{"not_picked":["Clash+1","Power Through+1"],"picked":"Evolve","floor":41},{"not_picked":["Hemokinesis","Dropkick","Havoc"],"picked":"SKIP","floor":41},{"not_picked":["Shockwave","Wild Strike+1"],"picked":"Iron Wave","floor":45},{"not_picked":["Havoc","Heavy Blade+1","Pommel Strike+1"],"picked":"SKIP","floor":46},{"not_picked":["Warcry+1","Iron Wave+1","Sword Boomerang"],"picked":"SKIP","floor":46},{"not_picked":["Perfected Strike+1","Iron Wave+1","Armaments+1"],"picked":"SKIP","floor":47},{"not_picked":["Thunderclap","Cleave+1","Warcry"],"picked":"SKIP","floor":47}],"player_experience":194404,"relics_obtained":[{"floor":9,"key":"Blood Vial"},{"floor":10,"key":"Art of War"},{"floor":11,"key":"PreservedInsect"},{"floor":14,"key":"Anchor"},{"floor":24,"key":"Orichalcum"},{"floor":26,"key":"Strawberry"},{"floor":27,"key":"Prayer Wheel"},{"floor":27,"key":"Self Forming Clay"},{"floor":29,"key":"Boot"},{"floor":40,"key":"MawBank"},{"floor":43,"key":"Ancient Tea Set"},{"floor":45,"key":"Bag of Preparation"}],"event_choices":[{"damage_healed":0,"gold_gain":75,"player_choice":"Gather Gold","damage_taken":11,"max_hp_gain":0,"max_hp_loss":0,"event_name":"World of Goop","floor":2,"gold_loss":0},{"damage_healed":0,"gold_gain":0,"player_choice":"Ignored","damage_taken":0,"max_hp_gain":0,"max_hp_loss":0,"event_name":"Golden Idol","floor":3,"gold_loss":0},{"damage_healed":0,"gold_gain":0,"player_choice":"Trade","damage_taken":0,"relics_obtained":["CultistMask"],"max_hp_gain":0,"max_hp_loss":0,"event_name":"FaceTrader","floor":5,"gold_loss":0},{"cards_removed":["Defend_R"],"damage_healed":0,"gold_gain":0,"player_choice":"Gave Gold","damage_taken":0,"max_hp_gain":0,"max_hp_loss":0,"event_name":"Beggar","floor":19,"gold_loss":75},{"damage_healed":0,"gold_gain":0,"player_choice":"Ignored","damage_taken":0,"max_hp_gain":0,"max_hp_loss":0,"event_name":"Ghosts","floor":20,"gold_loss":0},{"damage_healed":0,"gold_gain":0,"player_choice":"Fight","damage_taken":0,"max_hp_gain":0,"max_hp_loss":0,"event_name":"Colosseum","floor":27,"gold_loss":0},{"damage_healed":0,"gold_gain":0,"player_choice":"Fought Nobs","damage_taken":0,"max_hp_gain":0,"max_hp_loss":0,"event_name":"Colosseum","floor":27,"gold_loss":0},{"damage_healed":0,"gold_gain":0,"player_choice":"Memory 1","damage_taken":0,"max_hp_gain":0,"max_hp_loss":0,"event_name":"SensoryStone","floor":39,"gold_loss":0},{"damage_healed":0,"gold_gain":0,"player_choice":"Embrace Madness","damage_taken":12,"max_hp_gain":0,"max_hp_loss":0,"event_name":"Winding Halls","floor":44,"gold_loss":0,"cards_obtained":["Madness","Madness"]}],"is_beta":false,"boss_relics":[{"not_picked":["Runic Pyramid","Runic Dome"],"picked":"Empty Cage"},{"not_picked":["Pandora\u0027s Box","Snecko Eye"],"picked":"Philosopher\u0027s Stone"}],"items_purged_floors":[13],"is_endless":false,"potions_floor_spawned":[4,8,10,12,16,18,21,22,29,38,40,45],"ascension_level":0}