{"gold_per_floor":[114,128,128,145,165,165,177,177,177,195,195],"floor_reached":11,"playtime":577,"items_purged":[],"score":107,"play_id":"7eed9078-e5d8-4c5e-90f3-233aa16b6236","local_time":"20190727150839","is_ascension_mode":true,"campfire_choices":[{"data":"Neutralize","floor":6,"key":"SMITH"},{"data":"Noxious Fumes","floor":8,"key":"SMITH"}],"neow_cost":"PERCENT_DAMAGE","seed_source_timestamp":520334403780100,"circlet_count":0,"master_deck":["AscendersBane","Strike_G","Strike_G","Strike_G","Strike_G","Strike_G","Defend_G","Defend_G","Defend_G","Defend_G","Defend_G","Survivor","Neutralize+1","Well Laid Plans","Noxious Fumes+1","Caltrops","Acrobatics","Poisoned Stab","Backstab"],"relics":["Ring of the Snake","Turnip","Art of War"],"potions_floor_usage":[5,7,11,11],"damage_taken":[{"damage":1,"enemies":"2 Louse","floor":1,"turns":4},{"damage":6,"enemies":"Cultist","floor":2,"turns":5},{"damage":0,"enemies":"Jaw Worm","floor":4,"turns":6},{"damage":9,"enemies":"3 Louse","floor":5,"turns":4},{"damage":18,"enemies":"Lots of Slimes","floor":7,"turns":4},{"damage":0,"enemies":"Blue Slaver","floor":10,"turns":6},{"damage":18,"enemies":"3 Sentries","floor":11,"turns":4}],"seed_played":"-157690225468797674","potions_obtained":[{"floor":1,"key":"Swift Potion"},{"floor":2,"key":"Weak Potion"},{"floor":10,"key":"EntropicBrew"}],"is_trial":false,"path_per_floor":["M","M","?","M","M","R","M","R","T","M","E"],"character_chosen":"THE_SILENT","items_purchased":[],"campfire_rested":0,"item_purchase_floors":[],"current_hp_per_floor":[44,38,38,38,29,29,11,11,11,11,0],"gold":195,"neow_bonus":"ONE_RARE_RELIC","is_prod":false,"is_daily":false,"chose_seed":false,"campfire_upgraded":2,"win_rate":0,"timestamp":1564254519,"path_taken":["M","M","?","?","M","R","M","R","T","M","E"],"build_version":"2019-07-17","purchased_purges":0,"victory":false,"max_hp_per_floor":[70,70,70,70,70,70,70,70,70,70,70],"card_choices":[{"not_picked":["Dodge and Roll","Infinite Blades"],"picked":"Well Laid Plans","floor":1},{"not_picked":["Backflip","Quick Slash"],"picked":"Noxious Fumes","floor":2},{"not_picked":["Outmaneuver","PiercingWail"],"picked":"Caltrops","floor":4},{"not_picked":["Underhanded Strike","Masterful Stab"],"picked":"Acrobatics","floor":5},{"not_picked":["Prepared","Skewer"],"picked":"Poisoned Stab","floor":7},{"not_picked":["Bane","Flechettes"],"picked":"Backstab","floor":10}],"player_experience":546755,"relics_obtained":[{"floor":9,"key":"Art of War"}],"event_choices":[{"damage_healed":0,"gold_gain":0,"player_choice":"Bought 0 Potions","damage_taken":0,"max_hp_gain":0,"max_hp_loss":0,"event_name":"The Woman in Blue","floor":3,"gold_loss":0}],"is_beta":false,"boss_relics":[],"items_purged_floors":[],"is_endless":false,"potions_floor_spawned":[1,2,10],"killed_by":"3 Sentries","ascension_level":12}