{"gold_per_floor":[118,118,118,118,131,131,158,158,158,187,187,197,210,228,228,324,324,336,336,336,352,364,397,397,144,144,163,163,182,194,194,194,291,291,310,326,146,191,191,191,210,243,293,293,393,410,301,301,301,301,301,301,27,62,62],"floor_reached":56,"playtime":5402,"items_purged":["Strike_G"],"score":1205,"play_id":"ddc1e267-2e48-448c-b5c6-fa910753e85d","local_time":"20190106201254","is_ascension_mode":false,"campfire_choices":[{"data":"Deadly Poison","floor":6,"key":"SMITH"},{"floor":8,"key":"RECALL"},{"data":"Dodge and Roll","floor":11,"key":"SMITH"},{"data":"Finisher","floor":15,"key":"SMITH"},{"data":"Doppelganger","floor":24,"key":"SMITH"},{"data":"Terror","floor":28,"key":"SMITH"},{"data":"Acrobatics","floor":32,"key":"SMITH"},{"data":"Apotheosis","floor":40,"key":"SMITH"},{"floor":49,"key":"REST"},{"data":"Madness","floor":52,"key":"SMITH"}],"neow_cost":"NONE","seed_source_timestamp":672567386405133,"circlet_count":0,"master_deck":["Defend_G","Defend_G","Defend_G","Defend_G","Strike_G","Strike_G","Strike_G","Survivor","Neutralize+1","Deadly Poison+1","Riddle With Holes+1","Dodge and Roll+1","Escape Plan","Finisher+1","Doppelganger+1","RitualDagger","Blade Dance+1","PiercingWail","Well Laid Plans","Terror+1","Acrobatics+1","Blade Dance+1","Apotheosis+1","Madness+1","Madness","Leg Sweep","Secret Technique","Flying Knee","Poisoned Stab+1"],"relics":["Ring of the Snake","Singing Bowl","Ninja Scroll","Regal Pillow","Busted Crown","Nilry\u0027s Codex","Turnip","Lizard Tail","Thread and Needle","Ornamental Fan","Juzu Bracelet","Gambling Chip","Gremlin Horn","FossilizedHelix"],"potions_floor_usage":[7,16,16,33,33,33,42,50,50,50,55],"damage_taken":[{"damage":6,"enemies":"Cultist","floor":1,"turns":5},{"damage":0,"enemies":"Small Slimes","floor":5,"turns":3},{"damage":12,"enemies":"Gremlin Nob","floor":7,"turns":3},{"damage":26,"enemies":"3 Sentries","floor":10,"turns":7},{"damage":0,"enemies":"2 Louse","floor":12,"turns":1},{"damage":0,"enemies":"Lots of Slimes","floor":13,"turns":3},{"damage":0,"enemies":"Large Slime","floor":14,"turns":2},{"damage":29,"enemies":"Slime Boss","floor":16,"turns":11},{"damage":0,"enemies":"Spheric Guardian","floor":18,"turns":1},{"damage":2,"enemies":"3 Byrds","floor":21,"turns":4},{"damage":0,"enemies":"Centurion and Healer","floor":22,"turns":4},{"damage":12,"enemies":"Book of Stabbing","floor":23,"turns":5},{"damage":0,"enemies":"Chosen and Byrds","floor":27,"turns":4},{"damage":2,"enemies":"Snake Plant","floor":29,"turns":4},{"damage":0,"enemies":"Cultist and Chosen","floor":30,"turns":3},{"damage":34,"enemies":"Champ","floor":33,"turns":9},{"damage":0,"enemies":"Orb Walker","floor":35,"turns":3},{"damage":0,"enemies":"3 Shapes","floor":36,"turns":5},{"damage":8,"enemies":"2 Orb Walkers","floor":38,"turns":4},{"damage":0,"enemies":"Transient","floor":41,"turns":5},{"damage":20,"enemies":"Reptomancer","floor":42,"turns":6},{"damage":7,"enemies":"Mind Bloom Boss Battle","floor":45,"turns":4},{"damage":21,"enemies":"Spire Growth","floor":46,"turns":4},{"damage":69,"enemies":"Donu and Deca","floor":50,"turns":8},{"damage":18,"enemies":"Shield and Spear","floor":54,"turns":6},{"damage":82,"enemies":"The Heart","floor":55,"turns":14}],"seed_played":"830607517993121031","potions_obtained":[{"floor":1,"key":"SteroidPotion"},{"floor":12,"key":"GhostInAJar"},{"floor":13,"key":"GamblersBrew"},{"floor":16,"key":"Ancient Potion"},{"floor":18,"key":"PowerPotion"},{"floor":27,"key":"Swift Potion"},{"floor":30,"key":"PowerPotion"},{"floor":33,"key":"Weak Potion"},{"floor":42,"key":"Dexterity Potion"},{"floor":45,"key":"SpeedPotion"}],"is_trial":false,"path_per_floor":["M","?","?","?","M","R","E","R","T","E","R","M","M","M","R","B",null,"M","?","?","M","M","E","R","$","T","M","R","M","M","?","R","B",null,"M","M","$","?","?","R","M","E","T","?","?","M","$","T","R","B",null,"R","$","E","B",null],"character_chosen":"THE_SILENT","items_purchased":["PiercingWail","Well Laid Plans","Terror","Apotheosis","GhostInAJar","Leg Sweep","EssenceOfSteel","Secret Technique","Flying Knee"],"campfire_rested":1,"item_purchase_floors":[25,25,25,37,47,47,53,53,53],"current_hp_per_floor":[64,64,69,69,69,69,57,57,57,33,33,33,35,37,37,8,81,83,67,61,61,63,51,51,51,51,53,53,53,55,55,55,23,95,95,97,97,91,91,91,93,75,75,62,57,38,38,38,85,16,107,107,107,89,7],"gold":62,"neow_bonus":"UPGRADE_CARD","is_prod":false,"is_daily":false,"chose_seed":false,"campfire_upgraded":8,"win_rate":0,"timestamp":1546805574,"path_taken":["M","?","?","?","M","R","E","R","T","E","R","M","M","?","R","BOSS","M","?","?","M","M","E","R","$","T","M","R","M","M","?","R","BOSS","M","M","$","?","?","R","M","E","T","?","?","M","$","?","R","BOSS","R","$","E","BOSS"],"build_version":"2019-01-03v4","purchased_purges":1,"victory":true,"max_hp_per_floor":[70,70,75,75,75,75,75,75,75,77,77,77,79,81,81,81,81,83,83,83,85,87,87,87,87,87,89,89,91,93,93,93,95,95,95,97,97,99,99,99,101,103,103,103,105,107,107,107,107,107,107,107,107,107,107],"card_choices":[{"not_picked":["PiercingWail","Acrobatics"],"picked":"Deadly Poison","floor":1},{"not_picked":["Blade Dance","Prepared"],"picked":"Dodge and Roll","floor":5},{"not_picked":["Poisoned Stab","Setup"],"picked":"Escape Plan","floor":7},{"not_picked":["Quick Slash","Outmaneuver","Deflect"],"picked":"Singing Bowl","floor":10},{"not_picked":["Reflex","Quick Slash"],"picked":"Finisher","floor":12},{"not_picked":["Doppelganger","Deflect","Dodge and Roll"],"picked":"Singing Bowl","floor":13},{"not_picked":["Choke","Predator","Footwork"],"picked":"Singing Bowl","floor":14},{"not_picked":["Unload","Grand Finale"],"picked":"Doppelganger","floor":16},{"not_picked":["Underhanded Strike"],"picked":"Singing Bowl","floor":18},{"not_picked":["Poisoned Stab"],"picked":"Singing Bowl","floor":21},{"not_picked":["Dagger Spray"],"picked":"Singing Bowl","floor":22},{"not_picked":[],"picked":"Blade Dance+1","floor":23},{"not_picked":["Bane"],"picked":"Singing Bowl","floor":27},{"not_picked":["Bane"],"picked":"Singing Bowl","floor":29},{"not_picked":["Bane+1"],"picked":"Singing Bowl","floor":30},{"not_picked":["Storm of Steel"],"picked":"Singing Bowl","floor":33},{"not_picked":[],"picked":"Blade Dance+1","floor":35},{"not_picked":["Terror"],"picked":"Singing Bowl","floor":36},{"not_picked":["Calculated Gamble"],"picked":"Singing Bowl","floor":38},{"not_picked":["Prepared"],"picked":"Singing Bowl","floor":41},{"not_picked":["Riddle With Holes"],"picked":"Singing Bowl","floor":42},{"not_picked":["Acrobatics"],"picked":"Singing Bowl","floor":45},{"not_picked":["Well Laid Plans"],"picked":"Singing Bowl","floor":46},{"not_picked":[],"picked":"Poisoned Stab+1","floor":54}],"player_experience":449764,"relics_obtained":[{"floor":7,"key":"Singing Bowl"},{"floor":9,"key":"Ninja Scroll"},{"floor":10,"key":"Regal Pillow"},{"floor":19,"key":"Nilry\u0027s Codex"},{"floor":23,"key":"Turnip"},{"floor":38,"key":"Thread and Needle"},{"floor":42,"key":"Ornamental Fan"},{"floor":43,"key":"Juzu Bracelet"},{"floor":45,"key":"Gambling Chip"},{"floor":48,"key":"Gremlin Horn"},{"floor":54,"key":"FossilizedHelix"}],"event_choices":[{"damage_healed":0,"gold_gain":0,"cards_transformed":["Defend_G"],"player_choice":"Change","damage_taken":0,"max_hp_gain":0,"max_hp_loss":0,"event_name":"Living Wall","floor":2,"gold_loss":0,"cards_obtained":["Riddle With Holes"]},{"damage_healed":0,"gold_gain":0,"player_choice":"Donut","damage_taken":0,"max_hp_gain":5,"max_hp_loss":0,"event_name":"Big Fish","floor":3,"gold_loss":0},{"damage_healed":0,"gold_gain":0,"player_choice":"Forge","damage_taken":0,"max_hp_gain":0,"max_hp_loss":0,"event_name":"Accursed Blacksmith","floor":4,"gold_loss":0,"cards_upgraded":["Riddle With Holes"]},{"damage_healed":0,"gold_gain":0,"player_choice":"Obtained Book","damage_taken":16,"max_hp_gain":0,"max_hp_loss":0,"event_name":"Cursed Tome","floor":19,"gold_loss":0},{"damage_healed":0,"gold_gain":0,"player_choice":"Joined the Cult","damage_taken":6,"max_hp_gain":0,"max_hp_loss":0,"event_name":"Nest","floor":20,"gold_loss":0,"cards_obtained":["RitualDagger"]},{"damage_healed":0,"gold_gain":0,"player_choice":"Read","damage_taken":0,"max_hp_gain":0,"max_hp_loss":0,"event_name":"The Library","floor":31,"gold_loss":0,"cards_obtained":["Acrobatics"]},{"damage_healed":0,"gold_gain":0,"player_choice":"Fight","damage_taken":0,"max_hp_gain":0,"max_hp_loss":0,"event_name":"Mysterious Sphere","floor":38,"gold_loss":0},{"cards_removed":["Strike_G"],"damage_healed":0,"gold_gain":0,"player_choice":"Removed Attack","damage_taken":0,"max_hp_gain":0,"max_hp_loss":0,"event_name":"Falling","floor":39,"gold_loss":0},{"damage_healed":0,"gold_gain":0,"player_choice":"Embrace Madness","damage_taken":13,"max_hp_gain":0,"max_hp_loss":0,"event_name":"Winding Halls","floor":44,"gold_loss":0,"cards_obtained":["Madness","Madness"]},{"damage_healed":0,"gold_gain":0,"player_choice":"Fight","damage_taken":0,"max_hp_gain":0,"max_hp_loss":0,"event_name":"MindBloom","floor":45,"gold_loss":0}],"is_beta":false,"boss_relics":[{"not_picked":["Fusion Hammer","Orrery"],"picked":"Busted Crown"},{"not_picked":["Tiny House","Runic Dome"],"picked":"Lizard Tail"}],"items_purged_floors":[25],"is_endless":false,"potions_floor_spawned":[1,12,13,16,18,27,30,33,42,45],"ascension_level":0}