{"gold_per_floor":[110,123,142,155,41,41,68,68,68,85,115,115,130,163,163,240,240,255,15,15,15,34,59,59,94,94,194,194,194,194,50,50,125,125,136,80,97,114,114,114,114,114,139,14,30,55,55,66,66,66],"floor_reached":51,"playtime":7650,"items_purged":["Strike_G","Strike_G","Strike_G"],"score":1328,"play_id":"38759a4c-319f-480a-baa7-85f3b20c53e3","local_time":"20190420114807","is_ascension_mode":true,"campfire_choices":[{"data":"Noxious Fumes","floor":6.0,"key":"SMITH"},{"data":"Neutralize","floor":12.0,"key":"SMITH"},{"data":"Predator","floor":15.0,"key":"SMITH"},{"floor":24.0,"key":"REST"},{"floor":29.0,"key":"REST"},{"floor":32.0,"key":"REST"},{"floor":40.0,"key":"REST"},{"data":"Malaise","floor":42.0,"key":"SMITH"},{"data":"Well Laid Plans","floor":47.0,"key":"SMITH"},{"floor":49.0,"key":"REST"}],"neow_cost":"TEN_PERCENT_HP_LOSS","seed_source_timestamp":733450552397271,"circlet_count":0,"master_deck":["AscendersBane","Defend_G","Defend_G","Defend_G","Defend_G","Defend_G","Strike_G","Survivor","Neutralize+1","Die Die Die","Blur","Riddle With Holes","Noxious Fumes+1","Dodge and Roll","Well Laid Plans+1","PiercingWail","All Out Attack","Backflip","Predator+1","Night Terror","Flechettes+1","Caltrops","Leg Sweep","Dodge and Roll+1","Quick Slash","Noxious Fumes","Malaise+1","PiercingWail","Backflip","Backflip","Dodge and Roll+1"],"special_seed":0,"relics":["Ring of the Snake","Potion Belt","Gambling Chip","Bottled Flame","Omamori","WingedGreaves","Cursed Key","Happy Flower","Sundial","Bottled Tornado","Thread and Needle","Mercury Hourglass","Orrery","PreservedInsect","The Courier"],"potions_floor_usage":[50],"damage_taken":[{"damage":1.0,"enemies":"Cultist","floor":1.0,"turns":4.0},{"damage":1.0,"enemies":"Jaw Worm","floor":2.0,"turns":4.0},{"damage":0.0,"enemies":"Small Slimes","floor":3.0,"turns":2.0},{"damage":4.0,"enemies":"Exordium Thugs","floor":4.0,"turns":4.0},{"damage":12.0,"enemies":"Lagavulin","floor":7.0,"turns":9.0},{"damage":0.0,"enemies":"Gremlin Gang","floor":10.0,"turns":3.0},{"damage":9.0,"enemies":"3 Sentries","floor":11.0,"turns":5.0},{"damage":7.0,"enemies":"Exordium Wildlife","floor":13.0,"turns":5.0},{"damage":11.0,"enemies":"Gremlin Nob","floor":14.0,"turns":4.0},{"damage":5.0,"enemies":"Slime Boss","floor":16.0,"turns":9.0},{"damage":1.0,"enemies":"Chosen","floor":18.0,"turns":4.0},{"damage":0.0,"enemies":"3 Byrds","floor":22.0,"turns":5.0},{"damage":14.0,"enemies":"Book of Stabbing","floor":23.0,"turns":6.0},{"damage":17.0,"enemies":"Slavers","floor":25.0,"turns":4.0},{"damage":17.0,"enemies":"Colosseum Slavers","floor":27.0,"turns":4.0},{"damage":16.0,"enemies":"Colosseum Nobs","floor":27.0,"turns":5.0},{"damage":38.0,"enemies":"Collector","floor":33.0,"turns":9.0},{"damage":0.0,"enemies":"Orb Walker","floor":35.0,"turns":3.0},{"damage":19.0,"enemies":"3 Darklings","floor":37.0,"turns":5.0},{"damage":6.0,"enemies":"Sphere and 2 Shapes","floor":38.0,"turns":7.0},{"damage":0.0,"enemies":"Writhing Mass","floor":45.0,"turns":9.0},{"damage":2.0,"enemies":"Giant Head","floor":46.0,"turns":10.0},{"damage":9.0,"enemies":"4 Shapes","floor":48.0,"turns":5.0},{"damage":51,"enemies":"Awakened One","floor":50,"turns":31}],"seed_played":"3001048950072547258","potions_obtained":[{"floor":2.0,"key":"Poison Potion"},{"floor":3.0,"key":"SkillPotion"},{"floor":4.0,"key":"GhostInAJar"},{"floor":13.0,"key":"Ancient Potion"},{"floor":22.0,"key":"Energy Potion"},{"floor":23.0,"key":"Fruit Juice"},{"floor":25.0,"key":"Ancient Potion"},{"floor":37.0,"key":"LiquidBronze"},{"floor":38.0,"key":"FairyPotion"}],"is_trial":false,"path_per_floor":["M","M","M","M","$","R","E","?","T","M","E","R","M","E","R","B",null,"M","$","?","$","M","E","R","E","T","?","$","R","?","$","R","B",null,"M","$","M","M","?","R","$","R","T","$","M","E","R","M","R","B",null],"character_chosen":"THE_SILENT","items_purchased":["Well Laid Plans","Caltrops","Strength Potion","SteroidPotion","Noxious Fumes","SpeedPotion"],"campfire_rested":5,"item_purchase_floors":[5,19,19,31,31,36],"current_hp_per_floor":[58,57,57,53,53,53,41,41,41,41,32,32,25,14,14,9,47,46,46,46,46,46,32,50,33,33,5,5,24,24,24,43,5,50,50,50,31,25,25,44,44,44,44,44,44,42,42,33,52,1],"gold":66,"neow_bonus":"THREE_RARE_CARDS","is_prod":false,"is_daily":false,"chose_seed":false,"campfire_upgraded":5,"win_rate":0,"timestamp":1555757287,"path_taken":["M","?","M","M","?","R","E","?","T","M","E","R","M","E","R","BOSS","M","$","?","?","?","E","R","E","T","?","$","R","?","$","R","BOSS","M","$","M","M","?","R","$","R","T","?","M","E","R","M","R","BOSS"],"build_version":"2019-01-23","purchased_purges":3,"victory":true,"max_hp_per_floor":[60,60,60,60,60,60,60,60,60,60,60,60,60,60,60,60,60,60,60,60,60,60,60,60,60,60,65,65,65,65,65,65,65,65,65,65,65,65,65,65,65,65,65,65,65,65,65,65,65,65],"card_choices":[{"not_picked":["Phantasmal Killer","Night Terror"],"picked":"Die Die Die","floor":0.0},{"not_picked":["Deflect","Bane"],"picked":"Blur","floor":1.0},{"not_picked":["PiercingWail","Blade Dance"],"picked":"Riddle With Holes","floor":2.0},{"not_picked":["Footwork","Bane"],"picked":"Noxious Fumes","floor":3.0},{"not_picked":["Acrobatics","Expertise"],"picked":"Dodge and Roll","floor":4.0},{"not_picked":["Phantasmal Killer","Blur"],"picked":"PiercingWail","floor":7.0},{"not_picked":["Deadly Poison","Quick Slash"],"picked":"All Out Attack","floor":10.0},{"not_picked":["Blade Dance","Quick Slash","Sucker Punch"],"picked":"SKIP","floor":11.0},{"not_picked":["Dagger Throw","Caltrops"],"picked":"Backflip","floor":13.0},{"not_picked":["Poisoned Stab","Accuracy"],"picked":"Predator","floor":14.0},{"not_picked":["Phantasmal Killer","Venomology"],"picked":"Night Terror","floor":16.0},{"not_picked":["Dagger Spray","Endless Agony"],"picked":"Flechettes+1","floor":18.0},{"not_picked":["Backflip","Deadly Poison+1"],"picked":"Leg Sweep","floor":22.0},{"not_picked":["Acrobatics","Sucker Punch"],"picked":"Dodge and Roll+1","floor":23.0},{"not_picked":["Grand Finale","Quick Slash","Flying Knee"],"picked":"SKIP","floor":25.0},{"not_picked":["Choke","Slice"],"picked":"Quick Slash","floor":27.0},{"not_picked":["Corpse Explosion","Venomology"],"picked":"Malaise","floor":33.0},{"not_picked":["Acrobatics","Cloak And Dagger"],"picked":"PiercingWail","floor":34.0},{"not_picked":["Dash","Flying Knee"],"picked":"Backflip","floor":34.0},{"not_picked":["Outmaneuver","Sucker Punch","Caltrops+1"],"picked":"SKIP","floor":35.0},{"not_picked":["Flechettes","Predator+1","Poisoned Stab"],"picked":"SKIP","floor":37.0},{"not_picked":["Deflect","Concentrate+1"],"picked":"Backflip","floor":38.0},{"not_picked":["Finisher","Dagger Spray","Caltrops"],"picked":"SKIP","floor":45.0},{"not_picked":["Dagger Throw","Predator"],"picked":"Dodge and Roll+1","floor":46.0},{"not_picked":["Backflip","Corpse Explosion","Quick Slash"],"picked":"SKIP","floor":48.0}],"player_experience":821459,"relics_obtained":[{"floor":7.0,"key":"Potion Belt"},{"floor":9.0,"key":"Bottled Flame"},{"floor":11.0,"key":"Omamori"},{"floor":14.0,"key":"WingedGreaves"},{"floor":23.0,"key":"Happy Flower"},{"floor":25.0,"key":"Sundial"},{"floor":26.0,"key":"Bottled Tornado"},{"floor":27.0,"key":"Thread and Needle"},{"floor":27.0,"key":"Mercury Hourglass"},{"floor":43.0,"key":"PreservedInsect"},{"floor":46.0,"key":"The Courier"}],"event_choices":[{"damage_healed":0.0,"max_hp_gain":0.0,"max_hp_loss":0.0,"gold_gain":0.0,"event_name":"Dead Adventurer","player_choice":"Searched \u00271\u0027 times","floor":8.0,"gold_loss":0.0,"damage_taken":0.0,"relics_obtained":["Gambling Chip"]},{"cards_removed":["Strike_G"],"damage_healed":0.0,"max_hp_gain":0.0,"max_hp_loss":0.0,"gold_gain":0.0,"event_name":"Bonfire Elementals","player_choice":"Offered Basic","floor":20.0,"gold_loss":0.0,"damage_taken":0.0},{"damage_healed":0.0,"max_hp_gain":0.0,"max_hp_loss":0.0,"gold_gain":0.0,"event_name":"Colosseum","player_choice":"Fight","floor":27.0,"gold_loss":0.0,"damage_taken":0.0},{"damage_healed":0.0,"max_hp_gain":0.0,"max_hp_loss":0.0,"gold_gain":0.0,"event_name":"Colosseum","player_choice":"Fought Nobs","floor":27.0,"gold_loss":0.0,"damage_taken":0.0},{"damage_healed":0.0,"max_hp_gain":0.0,"max_hp_loss":0.0,"gold_gain":0.0,"event_name":"Beggar","player_choice":"Ignored","floor":30.0,"gold_loss":0.0,"damage_taken":0.0},{"damage_healed":0.0,"max_hp_gain":0.0,"max_hp_loss":0.0,"gold_gain":0.0,"event_name":"Mysterious Sphere","player_choice":"Ignored","floor":39.0,"gold_loss":0.0,"damage_taken":0.0}],"is_beta":false,"boss_relics":[{"not_picked":["Black Star","Ectoplasm"],"picked":"Cursed Key"},{"not_picked":["Runic Dome","Calling Bell"],"picked":"Orrery"}],"items_purged_floors":[5,19,44],"is_endless":false,"potions_floor_spawned":[2,3,4,13,22,23,25,27,37,38],"ascension_level":19}