{"gold_per_floor":[112,187,204,204,169,169,198,218,268,287,314,326,350,396,408,518,530,556,587,599,198,198,198,230,230,279,299,326,344,344,358,358,463,463,478,478,498,510,19,51,63,63],"floor_reached":42,"playtime":3322,"items_purged":[],"score":592,"play_id":"3a02b89f-8dfa-4b4f-971a-a208d7d833bd","local_time":"20190730212128","is_ascension_mode":true,"campfire_choices":[{"data":"Cloak And Dagger","floor":6,"key":"SMITH"},{"data":"Blur","floor":12,"key":"SMITH"},{"floor":15,"key":"REST"},{"data":"Envenom","floor":23,"key":"SMITH"},{"data":"Malaise","floor":25,"key":"SMITH"},{"floor":30,"key":"REST"},{"data":"Cloak And Dagger","floor":32,"key":"SMITH"}],"neow_cost":"NONE","seed_source_timestamp":1670449801712640,"circlet_count":0,"master_deck":["Strike_G+1","Strike_G","Strike_G+1","Strike_G","Strike_G+1","Defend_G","Defend_G","Defend_G","Defend_G","Defend_G","Survivor","Neutralize+1","Cloak And Dagger+1","PiercingWail","Blur+1","Malaise+1","Dagger Spray","Blur","Cloak And Dagger+1","Flechettes","Envenom+1","Finisher","Quick Slash+1","Decay","Noxious Fumes","Sucker Punch+1","Decay","Backflip+1","Leg Sweep","Infinite Blades","Burst","Noxious Fumes","Dagger Throw+1","Cloak And Dagger"],"relics":["Ring of the Snake","NeowsBlessing","Blood Vial","Whetstone","MawBank","Du-Vu Doll","Cursed Key","Sling","Bag of Preparation","Vajra","Potion Belt","Red Mask","Busted Crown","Medical Kit","Ginger","StoneCalendar"],"potions_floor_usage":[16,16,16,16,19,24,28,28,33],"damage_taken":[{"damage":0,"enemies":"2 Louse","floor":1,"turns":1},{"damage":0,"enemies":"Small Slimes","floor":3,"turns":1},{"damage":0,"enemies":"Gremlin Nob","floor":7,"turns":1},{"damage":0,"enemies":"Jaw Worm","floor":8,"turns":5},{"damage":5,"enemies":"Gremlin Gang","floor":10,"turns":7},{"damage":23,"enemies":"Lagavulin","floor":11,"turns":9},{"damage":1,"enemies":"Looter","floor":13,"turns":4},{"damage":28,"enemies":"Gremlin Nob","floor":14,"turns":6},{"damage":29,"enemies":"Hexaghost","floor":16,"turns":17},{"damage":8,"enemies":"Shell Parasite","floor":18,"turns":8},{"damage":28,"enemies":"Spheric Guardian","floor":19,"turns":8},{"damage":11,"enemies":"Book of Stabbing","floor":24,"turns":3},{"damage":13,"enemies":"Chosen and Byrds","floor":27,"turns":5},{"damage":0,"enemies":"Masked Bandits","floor":28,"turns":3},{"damage":4,"enemies":"Snake Plant","floor":29,"turns":4},{"damage":0,"enemies":"Centurion and Healer","floor":31,"turns":5},{"damage":36,"enemies":"Champ","floor":33,"turns":11},{"damage":17,"enemies":"3 Darklings","floor":35,"turns":6},{"damage":2,"enemies":"Orb Walker","floor":37,"turns":3},{"damage":12,"enemies":"Jaw Worm Horde","floor":38,"turns":5},{"damage":33,"enemies":"Nemesis","floor":40,"turns":5},{"damage":9,"enemies":"Sphere and 2 Shapes","floor":41,"turns":4},{"damage":22,"enemies":"Spire Growth","floor":42,"turns":4}],"seed_played":"8882285122671022885","potions_obtained":[{"floor":1,"key":"SkillPotion"},{"floor":7,"key":"Swift Potion"},{"floor":8,"key":"EntropicBrew"},{"floor":18,"key":"Energy Potion"},{"floor":24,"key":"LiquidBronze"},{"floor":27,"key":"FairyPotion"},{"floor":29,"key":"SkillPotion"},{"floor":33,"key":"EssenceOfSteel"},{"floor":37,"key":"SmokeBomb"},{"floor":38,"key":"LiquidBronze"},{"floor":41,"key":"SkillPotion"}],"is_trial":false,"path_per_floor":["M","?","M","?","?","R","E","M","T","M","E","R","M","E","R","B",null,"M","M","?","$","?","R","E","R","T","M","?","M","R","M","R","B",null,"M","?","M","M","$","E","M","M"],"character_chosen":"THE_SILENT","items_purchased":["Noxious Fumes","Sling","Bag of Preparation","Medical Kit","Ginger"],"campfire_rested":2,"item_purchase_floors":[21,21,21,39,39],"current_hp_per_floor":[70,59,59,45,62,62,62,64,64,61,40,40,41,15,36,9,70,62,36,36,36,36,36,27,27,27,16,18,16,37,39,39,5,70,53,53,53,43,43,12,5,0],"gold":63,"neow_bonus":"THREE_ENEMY_KILL","is_prod":false,"is_daily":false,"chose_seed":false,"campfire_upgraded":5,"win_rate":0,"timestamp":1564510888,"path_taken":["M","?","M","?","?","R","E","?","T","M","E","R","M","E","R","BOSS","M","?","?","$","?","R","E","R","T","?","?","M","R","M","R","BOSS","M","?","M","M","$","E","M","M"],"build_version":"2019-07-17","purchased_purges":0,"victory":false,"max_hp_per_floor":[70,70,70,70,70,70,70,70,70,70,70,70,70,70,70,70,70,70,70,70,70,70,70,70,70,70,70,70,70,70,70,70,70,70,70,70,70,70,70,70,70,70],"card_choices":[{"not_picked":["Noxious Fumes","Sucker Punch"],"picked":"Cloak And Dagger","floor":1},{"not_picked":["Acrobatics","Deflect"],"picked":"PiercingWail","floor":3},{"not_picked":["Expertise","Sucker Punch"],"picked":"Blur","floor":7},{"not_picked":["Cloak And Dagger","Underhanded Strike"],"picked":"Malaise","floor":8},{"not_picked":["Tactician","Endless Agony"],"picked":"Dagger Spray","floor":10},{"not_picked":["Reflex","Distraction"],"picked":"Blur","floor":11},{"not_picked":["Caltrops","Backstab"],"picked":"Cloak And Dagger","floor":13},{"not_picked":["Catalyst","Underhanded Strike"],"picked":"Flechettes","floor":14},{"not_picked":["Bullet Time","Unload"],"picked":"Envenom","floor":16},{"not_picked":["Quick Slash","Predator"],"picked":"Finisher","floor":18},{"not_picked":["Slice","Deflect"],"picked":"Quick Slash+1","floor":19},{"not_picked":["Blade Dance","Predator"],"picked":"Sucker Punch+1","floor":24},{"not_picked":["Grand Finale","PiercingWail"],"picked":"Backflip+1","floor":27},{"not_picked":["Sucker Punch+1","Dash"],"picked":"Leg Sweep","floor":29},{"not_picked":["Sucker Punch","Cloak And Dagger"],"picked":"Infinite Blades","floor":31},{"not_picked":["Die Die Die","Night Terror"],"picked":"Burst","floor":33},{"not_picked":[],"picked":"Noxious Fumes","floor":35},{"not_picked":["Deadly Poison"],"picked":"SKIP","floor":37},{"not_picked":["Endless Agony"],"picked":"SKIP","floor":38},{"not_picked":[],"picked":"Dagger Throw+1","floor":40},{"not_picked":[],"picked":"Cloak And Dagger","floor":41}],"player_experience":127581,"relics_obtained":[{"floor":7,"key":"Blood Vial"},{"floor":9,"key":"Whetstone"},{"floor":11,"key":"MawBank"},{"floor":14,"key":"Du-Vu Doll"},{"floor":24,"key":"Vajra"},{"floor":26,"key":"Potion Belt"},{"floor":28,"key":"Red Mask"},{"floor":40,"key":"StoneCalendar"}],"event_choices":[{"damage_healed":0,"gold_gain":75,"player_choice":"Gather Gold","damage_taken":11,"max_hp_gain":0,"max_hp_loss":0,"event_name":"World of Goop","floor":2,"gold_loss":0},{"damage_healed":0,"gold_gain":0,"player_choice":"Entered Light","damage_taken":14,"max_hp_gain":0,"max_hp_loss":0,"event_name":"Shining Light","floor":4,"gold_loss":0,"cards_upgraded":["Strike_G","Strike_G"]},{"damage_healed":17,"gold_gain":0,"player_choice":"Healed","damage_taken":0,"max_hp_gain":0,"max_hp_loss":0,"event_name":"The Cleric","floor":5,"gold_loss":35},{"damage_healed":0,"gold_gain":0,"player_choice":"Smashed Altar","damage_taken":0,"max_hp_gain":0,"max_hp_loss":0,"event_name":"Forgotten Altar","floor":20,"gold_loss":0,"cards_obtained":["Decay"]},{"damage_healed":0,"gold_gain":0,"player_choice":"Ignored","damage_taken":0,"max_hp_gain":0,"max_hp_loss":0,"event_name":"Fountain of Cleansing","floor":22,"gold_loss":0},{"damage_healed":0,"gold_gain":0,"player_choice":"Fought Bandits","damage_taken":0,"max_hp_gain":0,"max_hp_loss":0,"event_name":"Masked Bandits","floor":28,"gold_loss":0},{"damage_healed":0,"gold_gain":0,"player_choice":"Memory 1","damage_taken":0,"max_hp_gain":0,"max_hp_loss":0,"event_name":"SensoryStone","floor":36,"gold_loss":0}],"is_beta":false,"boss_relics":[{"not_picked":["Snecko Eye","HoveringKite"],"picked":"Cursed Key"},{"not_picked":["Velvet Choker","Lizard Tail"],"picked":"Busted Crown"}],"items_purged_floors":[],"is_endless":false,"potions_floor_spawned":[1,7,8,14,18,24,27,29,33,37,38,41],"killed_by":"Spire Growth","ascension_level":4}