{"gold_per_floor":[364,364,7,25,42,42,370,370,370,370,370,370,387,50,50,155,155,166,4,103,103,118,118,131,131,156,156,156,6,31,50,50,145,145,165,217,217,217,145,145,156,156,182,182,182],"floor_reached":45,"playtime":2471,"items_purged":["Strike_G","Strike_G","Strike_G","Strike_G+1"],"score":714,"play_id":"7ea81f46-d3fa-496c-a0e1-772c6965aa6f","local_time":"20190722144032","is_ascension_mode":true,"campfire_choices":[{"data":"Neutralize","floor":6,"key":"SMITH"},{"data":"Noxious Fumes","floor":8,"key":"SMITH"},{"data":"Strike_G","floor":11,"key":"PURGE"},{"data":"Cloak And Dagger","floor":15,"key":"SMITH"},{"data":"Caltrops","floor":23,"key":"SMITH"},{"data":"Acrobatics","floor":25,"key":"SMITH"},{"data":"Shame","floor":28,"key":"PURGE"},{"floor":32,"key":"REST"},{"floor":40,"key":"DIG"},{"floor":42,"key":"DIG"},{"data":"Pain","floor":44,"key":"PURGE"}],"neow_cost":"CURSE","seed_source_timestamp":84736737631000,"circlet_count":0,"master_deck":["Defend_G+1","Defend_G+1","Defend_G+1","Defend_G+1","Defend_G+1","Survivor","Neutralize+1","Dagger Throw+1","Backstab+1","Backflip","Cloak And Dagger+1","Deflect","Noxious Fumes+1","Caltrops+1","PiercingWail","Noxious Fumes","Corpse Explosion","Acrobatics+1","Terror","Well Laid Plans","Acrobatics","Leg Sweep+1","Outmaneuver","Malaise","Calculated Gamble+1","Parasite","Bullet Time"],"relics":["Ring of the Snake","Blood Vial","Old Coin","Peace Pipe","Oddly Smooth Stone","Cursed Key","Whetstone","Shovel","Runic Pyramid","Ginger","Mummified Hand","Pantograph","Happy Flower","Pen Nib"],"potions_floor_usage":[22,31,31,33,45],"damage_taken":[{"damage":6,"enemies":"2 Louse","floor":1,"turns":4},{"damage":2,"enemies":"Small Slimes","floor":4,"turns":4},{"damage":0,"enemies":"Jaw Worm","floor":5,"turns":3},{"damage":23,"enemies":"3 Sentries","floor":7,"turns":14},{"damage":4,"enemies":"Large Slime","floor":13,"turns":7},{"damage":19,"enemies":"The Guardian","floor":16,"turns":10},{"damage":19,"enemies":"2 Thieves","floor":18,"turns":3},{"damage":0,"enemies":"3 Byrds","floor":22,"turns":2},{"damage":0,"enemies":"Shelled Parasite and Fungi","floor":24,"turns":5},{"damage":0,"enemies":"Book of Stabbing","floor":30,"turns":5},{"damage":4,"enemies":"Snake Plant","floor":31,"turns":4},{"damage":8,"enemies":"Collector","floor":33,"turns":12},{"damage":1,"enemies":"Orb Walker","floor":35,"turns":7},{"damage":61,"enemies":"2 Orb Walkers","floor":36,"turns":6},{"damage":0,"enemies":"3 Darklings","floor":41,"turns":4},{"damage":22,"enemies":"Giant Head","floor":45,"turns":10}],"seed_played":"6411320458245469310","potions_obtained":[{"floor":16,"key":"Energy Potion"},{"floor":18,"key":"Fire Potion"},{"floor":30,"key":"Swift Potion"},{"floor":31,"key":"AttackPotion"},{"floor":35,"key":"LiquidBronze"},{"floor":41,"key":"Block Potion"}],"is_trial":false,"path_per_floor":["M","?","$","M","M","R","E","R","T","?","R","?","M","$","R","B",null,"M","$","?","?","M","R","M","R","T","?","R","$","E","M","R","B",null,"M","?","?","T","$","R","M","R","T","R","E"],"character_chosen":"THE_SILENT","items_purchased":["Backstab","Backflip","Blood Vial","Oddly Smooth Stone","PiercingWail","Noxious Fumes","Terror","Bullet Time"],"campfire_rested":1,"item_purchase_floors":[3,3,3,14,14,14,19,39],"current_hp_per_floor":[57,62,62,62,64,64,43,43,43,36,36,36,34,34,34,17,61,44,44,44,44,46,46,48,48,48,34,34,34,36,34,58,52,73,74,15,15,15,15,15,17,17,17,17,0],"gold":182,"neow_bonus":"TWO_FIFTY_GOLD","is_prod":false,"is_daily":false,"chose_seed":false,"campfire_upgraded":5,"win_rate":0,"timestamp":1563820832,"path_taken":["M","?","$","M","M","R","E","R","T","?","R","?","M","?","R","BOSS","M","$","?","?","M","R","M","R","T","?","R","?","E","M","R","BOSS","M","?","?","?","$","R","M","R","T","R","E"],"build_version":"2019-07-17","purchased_purges":4,"victory":false,"max_hp_per_floor":[70,75,75,75,75,75,75,75,75,75,75,75,75,75,75,75,75,75,75,75,75,75,75,75,75,75,80,80,80,80,80,80,80,80,80,80,76,76,76,76,76,76,76,76,76],"card_choices":[{"not_picked":["Dodge and Roll","Deadly Poison"],"picked":"Dagger Throw","floor":1},{"not_picked":["Riddle With Holes","Heel Hook"],"picked":"Cloak And Dagger","floor":4},{"not_picked":["Heel Hook","Underhanded Strike"],"picked":"Deflect","floor":5},{"not_picked":["Sucker Punch","Flying Knee"],"picked":"Noxious Fumes","floor":7},{"not_picked":["Heel Hook","Eviscerate"],"picked":"Caltrops","floor":13},{"not_picked":["Envenom","Die Die Die"],"picked":"Corpse Explosion","floor":16},{"not_picked":["Reflex","Bane"],"picked":"Acrobatics","floor":18},{"not_picked":["Cloak And Dagger","Setup+1"],"picked":"Well Laid Plans","floor":22},{"not_picked":["Poisoned Stab","PiercingWail"],"picked":"Acrobatics","floor":24},{"not_picked":["Riddle With Holes+1","Dagger Throw"],"picked":"Leg Sweep+1","floor":30},{"not_picked":["Bouncing Flask+1","PiercingWail"],"picked":"Outmaneuver","floor":31},{"not_picked":["After Image","Bullet Time"],"picked":"Malaise","floor":33},{"not_picked":["Noxious Fumes+1","Blade Dance+1"],"picked":"Calculated Gamble+1","floor":35},{"not_picked":["Prepared","Dodge and Roll+1","Quick Slash+1"],"picked":"SKIP","floor":41}],"player_experience":487776,"relics_obtained":[{"floor":7,"key":"Old Coin"},{"floor":9,"key":"Peace Pipe"},{"floor":26,"key":"Whetstone"},{"floor":30,"key":"Shovel"},{"floor":36,"key":"Ginger"},{"floor":38,"key":"Mummified Hand"},{"floor":40,"key":"Pantograph"},{"floor":42,"key":"Happy Flower"},{"floor":43,"key":"Pen Nib"}],"event_choices":[{"damage_healed":0,"gold_gain":0,"player_choice":"Donut","damage_taken":0,"max_hp_gain":5,"max_hp_loss":0,"event_name":"Big Fish","floor":2,"gold_loss":0},{"cards_removed":["Shame"],"damage_healed":0,"gold_gain":0,"player_choice":"Card Removal","damage_taken":7,"max_hp_gain":0,"max_hp_loss":0,"event_name":"Golden Wing","floor":10,"gold_loss":0},{"damage_healed":0,"gold_gain":0,"player_choice":"Ignored","damage_taken":0,"max_hp_gain":0,"max_hp_loss":0,"event_name":"Shining Light","floor":12,"gold_loss":0},{"damage_healed":0,"gold_gain":99,"player_choice":"Stole From Cult","damage_taken":0,"max_hp_gain":0,"max_hp_loss":0,"event_name":"Nest","floor":20,"gold_loss":0},{"damage_healed":0,"gold_gain":0,"player_choice":"Simplicity","damage_taken":0,"max_hp_gain":0,"max_hp_loss":0,"event_name":"Back to Basics","floor":21,"gold_loss":0,"cards_upgraded":["Strike_G","Defend_G","Defend_G","Defend_G","Defend_G","Defend_G"]},{"damage_healed":0,"gold_gain":0,"player_choice":"Shed Blood","damage_taken":19,"max_hp_gain":5,"max_hp_loss":0,"event_name":"Forgotten Altar","floor":27,"gold_loss":0},{"damage_healed":0,"gold_gain":0,"player_choice":"Fight","damage_taken":0,"max_hp_gain":0,"max_hp_loss":0,"event_name":"Mysterious Sphere","floor":36,"gold_loss":0},{"damage_healed":0,"gold_gain":0,"player_choice":"Max HP","damage_taken":0,"max_hp_gain":0,"max_hp_loss":4,"event_name":"Winding Halls","floor":37,"gold_loss":0}],"is_beta":false,"boss_relics":[{"not_picked":["Calling Bell","Pandora\u0027s Box"],"picked":"Cursed Key"},{"not_picked":["Busted Crown","Orrery"],"picked":"Runic Pyramid"}],"items_purged_floors":[3,14,19,29],"is_endless":false,"potions_floor_spawned":[16,18,30,31,35,41],"killed_by":"Giant Head","ascension_level":9}