{"gold_per_floor":[114,64,64,81,98,98,26,36,36,51,66,66,76,89,89,187,187,202,127,141,231,246,246,262,162,162,174,174,174,174,120,120,225,225,243,262,17,35,50,50,69,69,69,89,89,102,102,102,102,102],"floor_reached":50,"playtime":3082,"items_purged":["Strike_G","Strike_G"],"score":492,"play_id":"422e11ac-6cc9-4451-8d4e-83886277a982","local_time":"20190226225757","is_ascension_mode":false,"campfire_choices":[{"data":"Dash","floor":6,"key":"SMITH"},{"data":"Dash","floor":12,"key":"SMITH"},{"data":"Neutralize","floor":15,"key":"SMITH"},{"data":"Noxious Fumes","floor":23,"key":"SMITH"},{"data":"Noxious Fumes","floor":32,"key":"SMITH"},{"data":"Catalyst","floor":40,"key":"SMITH"},{"data":"Catalyst","floor":42,"key":"SMITH"},{"floor":49,"key":"REST"}],"neow_cost":"NONE","seed_source_timestamp":420414987722476,"circlet_count":0,"master_deck":["Defend_G+1","Defend_G+1","Defend_G+1","Defend_G+1","Defend_G+1","Survivor+1","Neutralize+1","Dash+1","Caltrops+1","Deflect+1","Noxious Fumes+1","Bouncing Flask+1","Dash+1","PiercingWail+1","Deadly Poison+1","Deadly Poison+1","Corpse Explosion+1","Noxious Fumes+1","Dodge and Roll+1","Ghostly+1","Ghostly+1","Ghostly+1","Ghostly+1","Ghostly+1","Backflip+1","Bullet Time+1","Noxious Fumes+1","Prepared+1","Catalyst+1","Well Laid Plans+1","Catalyst+1","Prepared+1"],"relics":["Lizard Tail","Mark of the Bloom"],"potions_floor_usage":[22,24,45,50,50],"damage_taken":[{"damage":0,"enemies":"Small Slimes","floor":1,"turns":4},{"damage":0,"enemies":"2 Louse","floor":4,"turns":4},{"damage":1,"enemies":"Jaw Worm","floor":5,"turns":4},{"damage":0,"enemies":"Lots of Slimes","floor":8,"turns":5},{"damage":1,"enemies":"Exordium Wildlife","floor":10,"turns":4},{"damage":10,"enemies":"Gremlin Gang","floor":11,"turns":5},{"damage":3,"enemies":"Large Slime","floor":13,"turns":7},{"damage":0,"enemies":"2 Fungi Beasts","floor":14,"turns":4},{"damage":16,"enemies":"The Guardian","floor":16,"turns":11},{"damage":0,"enemies":"Chosen","floor":18,"turns":4},{"damage":2,"enemies":"Shell Parasite","floor":20,"turns":7},{"damage":18,"enemies":"Sentry and Sphere","floor":22,"turns":5},{"damage":17,"enemies":"Centurion and Healer","floor":24,"turns":6},{"damage":2,"enemies":"Snecko","floor":27,"turns":5},{"damage":8,"enemies":"Collector","floor":33,"turns":9},{"damage":0,"enemies":"Orb Walker","floor":35,"turns":5},{"damage":8,"enemies":"3 Darklings","floor":36,"turns":6},{"damage":6,"enemies":"Transient","floor":38,"turns":5},{"damage":3,"enemies":"Spire Growth","floor":39,"turns":7},{"damage":0,"enemies":"Maw","floor":41,"turns":7},{"damage":1,"enemies":"4 Shapes","floor":44,"turns":5},{"damage":2,"enemies":"Spire Growth","floor":45,"turns":4},{"damage":1,"enemies":"Transient","floor":46,"turns":5},{"damage":18,"enemies":"Awakened One","floor":50,"turns":3}],"seed_played":"-1251373623888634406","potions_obtained":[{"floor":1,"key":"SpeedPotion"},{"floor":4,"key":"SteroidPotion"},{"floor":10,"key":"SpeedPotion"},{"floor":11,"key":"Fire Potion"},{"floor":18,"key":"Regen Potion"},{"floor":22,"key":"SmokeBomb"},{"floor":24,"key":"Weak Potion"}],"is_trial":false,"path_per_floor":["M","?","?","M","M","R","$","M","T","M","M","R","M","M","R","B",null,"M","$","M","?","M","R","M","$","T","M","?","?","$","$","R","B",null,"M","M","$","M","M","R","M","R","T","M","M","M","?","?","R","B"],"character_chosen":"THE_SILENT","items_purchased":["Noxious Fumes","Backflip","Catalyst","Dexterity Potion","Dexterity Potion","Well Laid Plans"],"campfire_rested":1,"item_purchase_floors":[7,31,37,37,37,37],"current_hp_per_floor":[70,70,63,63,62,62,62,62,62,61,51,51,48,48,48,32,70,70,70,68,54,51,51,34,34,34,32,32,32,32,32,32,24,35,35,27,27,21,18,18,18,18,18,17,15,14,14,14,14,0],"gold":102,"neow_bonus":"BOSS_RELIC","is_prod":false,"is_daily":false,"chose_seed":false,"campfire_upgraded":7,"win_rate":0,"timestamp":1551221877,"path_taken":["M","?","?","M","M","R","?","M","T","M","M","R","M","M","R","BOSS","M","$","?","?","M","R","M","$","T","?","?","?","?","$","R","BOSS","M","M","$","M","M","R","M","R","T","M","M","M","?","?","R","BOSS"],"build_version":"2019-01-23","purchased_purges":2,"victory":false,"max_hp_per_floor":[70,70,70,70,70,70,70,70,70,70,70,70,70,70,70,70,70,70,70,70,70,70,70,70,70,70,70,70,35,35,35,35,35,35,35,35,35,35,35,35,35,35,35,35,35,35,35,35,35,35],"card_choices":[{"not_picked":["Dodge and Roll","Escape Plan"],"picked":"Dash","floor":1},{"not_picked":["Masterful Stab","Flying Knee"],"picked":"Caltrops","floor":4},{"not_picked":["Slice","Predator"],"picked":"Deflect","floor":5},{"not_picked":["Dodge and Roll","Outmaneuver"],"picked":"Bouncing Flask","floor":8},{"not_picked":["Bouncing Flask","Expertise"],"picked":"Dash","floor":10},{"not_picked":["Dagger Spray","Heel Hook"],"picked":"PiercingWail","floor":11},{"not_picked":["Distraction","Dagger Throw"],"picked":"Deadly Poison","floor":13},{"not_picked":["Acrobatics","Poisoned Stab"],"picked":"Deadly Poison","floor":14},{"not_picked":["Glass Knife","Unload"],"picked":"Corpse Explosion","floor":16},{"not_picked":["Blur","Acrobatics+1"],"picked":"Noxious Fumes","floor":18},{"not_picked":["Concentrate","Prepared","PiercingWail"],"picked":"SKIP","floor":20},{"not_picked":["Underhanded Strike","Poisoned Stab","Prepared"],"picked":"SKIP","floor":22},{"not_picked":["Sucker Punch","Storm of Steel"],"picked":"Dodge and Roll","floor":24},{"not_picked":["Reflex+1","Masterful Stab","Underhanded Strike"],"picked":"SKIP","floor":27},{"not_picked":["Grand Finale","Night Terror"],"picked":"Bullet Time","floor":33},{"not_picked":["Blade Dance+1","Riddle With Holes+1"],"picked":"Noxious Fumes","floor":35},{"not_picked":["Deflect+1","Acrobatics"],"picked":"Prepared+1","floor":36},{"not_picked":["Concentrate+1","Flechettes+1"],"picked":"Catalyst","floor":38},{"not_picked":["Expertise","Dagger Throw+1"],"picked":"Prepared+1","floor":39},{"not_picked":["Well Laid Plans+1","Reflex+1","Blade Dance+1"],"picked":"SKIP","floor":41},{"not_picked":["Flechettes+1","Flying Knee+1","Deadly Poison"],"picked":"SKIP","floor":44},{"not_picked":["Deadly Poison+1","Accuracy+1","Blade Dance+1"],"picked":"SKIP","floor":46}],"player_experience":510516,"relics_obtained":[],"event_choices":[{"cards_removed":["Strike_G"],"damage_healed":0,"gold_gain":0,"player_choice":"Card Removal","damage_taken":0,"max_hp_gain":0,"max_hp_loss":0,"event_name":"The Cleric","floor":2,"gold_loss":50},{"cards_removed":["Strike_G"],"damage_healed":0,"gold_gain":0,"player_choice":"Card Removal","damage_taken":7,"max_hp_gain":0,"max_hp_loss":0,"event_name":"Golden Wing","floor":3,"gold_loss":0},{"damage_healed":0,"gold_gain":90,"player_choice":"GOLD ","damage_taken":14,"max_hp_gain":0,"max_hp_loss":0,"event_name":"Knowing Skull","floor":21,"potions_obtained":[],"gold_loss":0,"cards_obtained":[]},{"damage_healed":0,"gold_gain":0,"player_choice":"Simplicity","damage_taken":0,"max_hp_gain":0,"max_hp_loss":0,"event_name":"Back to Basics","floor":28,"gold_loss":0,"cards_upgraded":["Defend_G","Defend_G","Defend_G","Defend_G","Defend_G","Strike_G"]},{"damage_healed":0,"gold_gain":0,"player_choice":"Became a Ghost","damage_taken":0,"max_hp_gain":0,"max_hp_loss":35,"event_name":"Ghosts","floor":29,"gold_loss":0,"cards_obtained":["Ghostly","Ghostly","Ghostly","Ghostly","Ghostly"]},{"damage_healed":0,"gold_gain":0,"player_choice":"Upgrade","damage_taken":0,"relics_obtained":["Mark of the Bloom"],"max_hp_gain":0,"max_hp_loss":0,"event_name":"MindBloom","floor":47,"gold_loss":0,"cards_upgraded":["Survivor","Caltrops","Deflect","Bouncing Flask","PiercingWail","Deadly Poison","Deadly Poison","Corpse Explosion","Dodge and Roll","Ghostly","Ghostly","Ghostly","Ghostly","Ghostly","Backflip","Bullet Time","Noxious Fumes","Well Laid Plans"]},{"cards_removed":["Strike_G"],"damage_healed":0,"gold_gain":0,"player_choice":"Removed Attack","damage_taken":0,"max_hp_gain":0,"max_hp_loss":0,"event_name":"Falling","floor":48,"gold_loss":0}],"is_beta":false,"boss_relics":[{"not_picked":[]},{"not_picked":[]}],"items_purged_floors":[19,25],"is_endless":false,"potions_floor_spawned":[1,4,10,11,14,16,18,22,24,38,39,41],"killed_by":"Awakened One","ascension_level":0}