{"gold_per_floor":[112,130,84,84,97,97,127,138,138,168,443,460,460,58,58,58],"floor_reached":16,"playtime":801,"items_purged":["Regret"],"score":116,"play_id":"c6dc1335-7799-4181-b55c-fc9d5e203e29","local_time":"20190811172918","is_ascension_mode":true,"campfire_choices":[{"data":"Infernal Blade","floor":6,"key":"SMITH"},{"data":"Pommel Strike","floor":15,"key":"SMITH"}],"neow_cost":"NONE","seed_source_timestamp":556584155905400,"circlet_count":0,"master_deck":["Strike_R","Strike_R+1","Strike_R","Strike_R","Defend_R","Defend_R","Defend_R","Defend_R","Bash","Feel No Pain","Pommel Strike+1","Infernal Blade+1","Reaper+1","Pummel","Shrug It Off","Shrug It Off"],"relics":["Burning Blood","Pen Nib","Pear","Juzu Bracelet","Whetstone","Happy Flower","Bag of Preparation"],"potions_floor_usage":[10,10,16,16],"damage_taken":[{"damage":7,"enemies":"Small Slimes","floor":1,"turns":4},{"damage":1,"enemies":"Cultist","floor":2,"turns":4},{"damage":2,"enemies":"2 Louse","floor":5,"turns":3},{"damage":25,"enemies":"3 Sentries","floor":7,"turns":9},{"damage":13,"enemies":"Exordium Thugs","floor":8,"turns":5},{"damage":29,"enemies":"Lagavulin","floor":10,"turns":7},{"damage":11,"enemies":"3 Louse","floor":12,"turns":3},{"damage":57,"enemies":"Hexaghost","floor":16,"turns":15}],"seed_played":"-4600665765545756160","potions_obtained":[{"floor":0,"key":"Block Potion"},{"floor":0,"key":"Weak Potion"},{"floor":0,"key":"Explosive Potion"},{"floor":10,"key":"PowerPotion"}],"is_trial":false,"path_per_floor":["M","M","$","?","M","R","E","M","T","E","?","M","?","$","R","B"],"character_chosen":"IRONCLAD","items_purchased":["Warcry","Shrug It Off","Happy Flower","Bag of Preparation"],"campfire_rested":0,"item_purchase_floors":[3,14,14,14],"current_hp_per_floor":[79,80,80,80,80,80,71,71,71,48,48,52,52,52,52,0],"gold":58,"neow_bonus":"THREE_SMALL_POTIONS","is_prod":false,"is_daily":false,"chose_seed":false,"campfire_upgraded":2,"win_rate":0,"timestamp":1565537358,"path_taken":["M","M","$","?","?","R","E","M","T","E","?","M","?","$","R","BOSS"],"build_version":"2019-07-17","purchased_purges":1,"victory":false,"max_hp_per_floor":[80,80,80,80,80,80,90,90,90,90,90,90,90,90,90,90],"card_choices":[{"not_picked":["Armaments","Combust"],"picked":"Feel No Pain","floor":1},{"not_picked":["Shrug It Off","Pummel"],"picked":"Pommel Strike","floor":2},{"not_picked":["True Grit","Clash"],"picked":"Infernal Blade","floor":5},{"not_picked":["Twin Strike","Pommel Strike"],"picked":"Reaper","floor":7},{"not_picked":["Clothesline","Thunderclap","Sword Boomerang"],"picked":"SKIP","floor":8},{"not_picked":["Second Wind","Iron Wave"],"picked":"Pummel","floor":10},{"not_picked":["Armaments","Havoc"],"picked":"Shrug It Off","floor":12}],"player_experience":80973,"relics_obtained":[{"floor":7,"key":"Pear"},{"floor":9,"key":"Juzu Bracelet"},{"floor":10,"key":"Whetstone"}],"event_choices":[{"cards_removed":["Warcry"],"damage_healed":0,"gold_gain":0,"player_choice":"Gave Card","damage_taken":0,"relics_obtained":["Pen Nib"],"max_hp_gain":0,"max_hp_loss":0,"event_name":"WeMeetAgain","floor":4,"gold_loss":0},{"damage_healed":0,"gold_gain":275,"player_choice":"Desecrate","damage_taken":0,"max_hp_gain":0,"max_hp_loss":0,"event_name":"Golden Shrine","floor":11,"gold_loss":0,"cards_obtained":["Regret"]},{"cards_removed":["Strike_R"],"damage_healed":0,"gold_gain":0,"player_choice":"Forget","damage_taken":0,"max_hp_gain":0,"max_hp_loss":0,"event_name":"Living Wall","floor":13,"gold_loss":0}],"is_beta":false,"boss_relics":[],"items_purged_floors":[14],"is_endless":false,"potions_floor_spawned":[1,2,8,10],"killed_by":"Hexaghost","ascension_level":1}