{"gold_per_floor":[110,110,125,42,68,103,103,135,135,135,149,149,181,201,201,272,272,292,292,343,343,77,77,103,103,103,103,24,24,58,78,78,152,152,162,162,176,225,238,266,266,266,290,310,310,341,360,376,376,376,376,376,376,27,54,54],"floor_reached":57,"playtime":3165,"items_purged":["Perfected Strike"],"score":3002,"play_id":"d6bd8285-0f1d-47dc-94a7-997a2f712b32","local_time":"20190811115040","is_ascension_mode":true,"campfire_choices":[{"data":"Bash","floor":7.0,"key":"SMITH"},{"floor":12.0,"key":"REST"},{"floor":15.0,"key":"REST"},{"data":"Fiend Fire","floor":25.0,"key":"SMITH"},{"data":"Perfected Strike","floor":27.0,"key":"SMITH"},{"data":"Battle Trance","floor":32.0,"key":"SMITH"},{"data":"Brutality","floor":41.0,"key":"SMITH"},{"floor":45.0,"key":"RECALL"},{"data":"Feel No Pain","floor":49.0,"key":"SMITH"},{"data":"Demon Form","floor":53.0,"key":"SMITH"}],"neow_cost":"CURSE","seed_source_timestamp":0,"circlet_count":0,"master_deck":["AscendersBane","Bash+1","Battle Trance+1","Anger","Headbutt","Perfected Strike+1","Shrug It Off+1","Shrug It Off+1","Impervious+1","Cleave","Intimidate+1","Fiend Fire+1","Battle Trance+1","Entrench+1","RitualDagger","Shockwave+1","Armaments+1","Shrug It Off+1","Barricade","Brutality+1","Body Slam","Power Through+1","Carnage","Sever Soul","Wild Strike","Warcry+1","Reaper","Flame Barrier+1","Shrug It Off+1","Corruption","Dual Wield+1","Second Wind+1","True Grit+1","Feel No Pain+1","Demon Form+1","Disarm+1","Disarm+1","Heavy Blade","Heavy Blade+1"],"special_seed":0,"relics":["Burning Blood","Champion Belt","Spirit Poop","Bronze Scales","Toxic Egg 2","Bag of Marbles","Sundial","PreservedInsect","Snecko Eye","Pen Nib","MutagenicStrength","Bottled Flame","Unceasing Top","Paper Frog","Art of War","Pandora\u0027s Box","Magic Flower","Prayer Wheel","Darkstone Periapt","OrangePellets","Happy Flower"],"potions_floor_usage":[56,56],"damage_taken":[{"damage":14.0,"enemies":"Small Slimes","floor":1.0,"turns":4.0},{"damage":4.0,"enemies":"Cultist","floor":3.0,"turns":3.0},{"damage":25.0,"enemies":"Lagavulin","floor":6.0,"turns":5.0},{"damage":26.0,"enemies":"Gremlin Nob","floor":8.0,"turns":4.0},{"damage":0.0,"enemies":"Jaw Worm","floor":11.0,"turns":2.0},{"damage":20.0,"enemies":"3 Sentries","floor":13.0,"turns":8.0},{"damage":13.0,"enemies":"Large Slime","floor":14.0,"turns":4.0},{"damage":24.0,"enemies":"Slime Boss","floor":16.0,"turns":8.0},{"damage":0.0,"enemies":"Spheric Guardian","floor":18.0,"turns":4.0},{"damage":10.0,"enemies":"Gremlin Leader","floor":24.0,"turns":3.0},{"damage":0.0,"enemies":"Book of Stabbing","floor":30.0,"turns":1.0},{"damage":0.0,"enemies":"Chosen","floor":31.0,"turns":3.0},{"damage":0.0,"enemies":"Collector","floor":33.0,"turns":4.0},{"damage":16.0,"enemies":"3 Shapes","floor":35.0,"turns":2.0},{"damage":0.0,"enemies":"Orb Walker","floor":37.0,"turns":1.0},{"damage":2.0,"enemies":"2 Orb Walkers","floor":38.0,"turns":4.0},{"damage":25.0,"enemies":"Transient","floor":39.0,"turns":6.0},{"damage":11.0,"enemies":"Nemesis","floor":40.0,"turns":3.0},{"damage":12.0,"enemies":"Spire Growth","floor":44.0,"turns":3.0},{"damage":0.0,"enemies":"Reptomancer","floor":46.0,"turns":1.0},{"damage":0.0,"enemies":"Maw","floor":47.0,"turns":5.0},{"damage":0.0,"enemies":"Jaw Worm Horde","floor":48.0,"turns":4.0},{"damage":14.0,"enemies":"Donu and Deca","floor":50.0,"turns":9.0},{"damage":34.0,"enemies":"Time Eater","floor":51.0,"turns":6.0},{"damage":0.0,"enemies":"Shield and Spear","floor":55.0,"turns":5.0},{"damage":16,"enemies":"The Heart","floor":56,"turns":7}],"seed_played":"-5685731330870753663","potions_obtained":[{"floor":3.0,"key":"Strength Potion"},{"floor":8.0,"key":"Dexterity Potion"},{"floor":16.0,"key":"BloodPotion"},{"floor":24.0,"key":"AttackPotion"},{"floor":36.0,"key":"PowerPotion"},{"floor":55.0,"key":"PowerPotion"}],"is_trial":false,"path_per_floor":["M","?","M","$","T","E","R","E","T","?","M","R","E","M","R","B",null,"M","?","T","?","$","?","E","R","T","R","$","?","E","M","R","B",null,"M","?","M","?","M","E","R","?","T","M","R","E","M","M","R","B","B",null,"R","$","E","B",null],"character_chosen":"IRONCLAD","items_purchased":["Headbutt","Perfected Strike","Bottled Flame","Shockwave+1","OrangePellets","Heavy Blade"],"campfire_rested":2,"item_purchase_floors":[4,4,22,28,54,54],"current_hp_per_floor":[60,60,62,62,62,43,43,23,23,23,29,51,37,30,52,34,65,71,71,71,71,71,65,61,61,61,61,61,61,67,73,73,75,75,72,72,75,75,70,68,68,68,68,71,71,75,75,75,75,75,50,69,69,69,75,68],"gold":54,"neow_bonus":"ONE_RARE_RELIC","is_prod":false,"is_daily":false,"chose_seed":false,"campfire_upgraded":7,"win_rate":0,"timestamp":1565538640,"path_taken":["M","?","?","$","?","E","R","E","T","?","M","R","E","M","R","BOSS","M","?","?","?","$","?","E","R","T","R","$","?","E","M","R","BOSS","BOSS","M","?","?","?","M","E","R","?","T","M","R","E","M","M","R","BOSS","BOSS","R","$","E","BOSS"],"build_version":"2019-07-17","purchased_purges":1,"victory":true,"max_hp_per_floor":[75,75,75,75,75,75,75,75,75,75,75,75,75,75,75,75,75,75,75,75,75,75,75,75,75,75,75,75,75,75,75,75,75,75,75,75,75,75,75,75,75,75,75,75,75,75,75,75,75,75,75,75,75,75,75,75],"card_choices":[{"not_picked":["Rage","Thunderclap"],"picked":"Battle Trance","floor":1.0},{"not_picked":["Iron Wave","Reckless Charge"],"picked":"Anger","floor":3.0},{"not_picked":["Perfected Strike","Spot Weakness"],"picked":"Shrug It Off","floor":6.0},{"not_picked":["Seeing Red+1","Perfected Strike"],"picked":"Shrug It Off+1","floor":8.0},{"not_picked":["Pommel Strike","Perfected Strike"],"picked":"Impervious+1","floor":11.0},{"not_picked":["Inflame","Sentinel+1"],"picked":"Cleave","floor":13.0},{"not_picked":["Perfected Strike","Warcry+1"],"picked":"Intimidate+1","floor":14.0},{"not_picked":["Brutality","Barricade"],"picked":"Fiend Fire","floor":16.0},{"not_picked":["Havoc+1","Thunderclap"],"picked":"Battle Trance+1","floor":18.0},{"not_picked":["Flex+1","Hemokinesis","Sword Boomerang"],"picked":"SKIP","floor":24.0},{"not_picked":["Combust","Havoc+1"],"picked":"Armaments+1","floor":30.0},{"not_picked":["Pommel Strike","Pummel"],"picked":"Shrug It Off+1","floor":31.0},{"not_picked":["Exhume+1","Impervious+1"],"picked":"Barricade","floor":33.0},{"not_picked":["Heavy Blade","Perfected Strike"],"picked":"Flame Barrier+1","floor":35.0},{"not_picked":["Iron Wave","Disarm+1"],"picked":"Shrug It Off+1","floor":37.0},{"not_picked":["Second Wind+1","Inflame"],"picked":"Corruption","floor":38.0},{"not_picked":["Intimidate+1","Body Slam"],"picked":"Dual Wield+1","floor":39.0},{"not_picked":["Havoc+1","Iron Wave"],"picked":"Second Wind+1","floor":40.0},{"not_picked":["Headbutt+1","Reckless Charge"],"picked":"True Grit+1","floor":44.0},{"not_picked":["Sword Boomerang","Iron Wave","Body Slam"],"picked":"SKIP","floor":44.0},{"not_picked":["Headbutt","Pommel Strike"],"picked":"Feel No Pain","floor":46.0},{"not_picked":["Disarm+1","Clothesline"],"picked":"Demon Form","floor":47.0},{"not_picked":["Combust","True Grit+1","Wild Strike"],"picked":"SKIP","floor":47.0},{"not_picked":["Seeing Red+1","Blood for Blood"],"picked":"Disarm+1","floor":48.0},{"not_picked":["Sword Boomerang+1","Cleave"],"picked":"Disarm+1","floor":48.0},{"not_picked":["Perfected Strike","Body Slam"],"picked":"Heavy Blade+1","floor":55.0}],"player_experience":817200,"relics_obtained":[{"floor":5.0,"key":"Bronze Scales"},{"floor":6.0,"key":"Toxic Egg 2"},{"floor":8.0,"key":"Bag of Marbles"},{"floor":9.0,"key":"Sundial"},{"floor":13.0,"key":"PreservedInsect"},{"floor":20.0,"key":"Pen Nib"},{"floor":24.0,"key":"Unceasing Top"},{"floor":26.0,"key":"Paper Frog"},{"floor":30.0,"key":"Art of War"},{"floor":38.0,"key":"Magic Flower"},{"floor":40.0,"key":"Prayer Wheel"},{"floor":46.0,"key":"Darkstone Periapt"},{"floor":55.0,"key":"Happy Flower"}],"event_choices":[{"cards_removed":["Decay"],"damage_healed":0.0,"max_hp_gain":0.0,"max_hp_loss":0.0,"gold_gain":0.0,"event_name":"Bonfire Elementals","player_choice":"Offered Curse","floor":2.0,"gold_loss":0.0,"damage_taken":0.0,"relics_obtained":["Spirit Poop"]},{"damage_healed":0.0,"max_hp_gain":0.0,"max_hp_loss":0.0,"gold_gain":0.0,"event_name":"Shining Light","player_choice":"Ignored","floor":10.0,"gold_loss":0.0,"damage_taken":0.0},{"damage_healed":0.0,"max_hp_gain":0.0,"max_hp_loss":0.0,"gold_gain":0.0,"event_name":"The Library","player_choice":"Read","floor":19.0,"gold_loss":0.0,"damage_taken":0.0,"cards_obtained":["Entrench"]},{"damage_healed":0.0,"max_hp_gain":0.0,"max_hp_loss":0.0,"gold_gain":0.0,"event_name":"Drug Dealer","player_choice":"Inject Mutagens","floor":21.0,"gold_loss":0.0,"damage_taken":0.0,"relics_obtained":["MutagenicStrength"]},{"damage_healed":0.0,"max_hp_gain":0.0,"max_hp_loss":0.0,"gold_gain":0.0,"event_name":"Nest","player_choice":"Joined the Cult","floor":23.0,"gold_loss":0.0,"damage_taken":6.0,"cards_obtained":["RitualDagger"]},{"damage_healed":0.0,"max_hp_gain":0.0,"max_hp_loss":0.0,"gold_gain":0.0,"event_name":"Vampires","player_choice":"Ignored","floor":29.0,"gold_loss":0.0,"damage_taken":0.0},{"damage_healed":0.0,"max_hp_gain":0.0,"max_hp_loss":0.0,"gold_gain":0.0,"event_name":"Lab","player_choice":"Got Potions","floor":36.0,"gold_loss":0.0,"damage_taken":0.0},{"damage_healed":0.0,"max_hp_gain":0.0,"max_hp_loss":0.0,"gold_gain":0.0,"event_name":"Mysterious Sphere","player_choice":"Fight","floor":38.0,"gold_loss":0.0,"damage_taken":0.0},{"damage_healed":0.0,"max_hp_gain":0.0,"max_hp_loss":0.0,"gold_gain":0.0,"event_name":"SensoryStone","player_choice":"Memory 1","floor":42.0,"gold_loss":0.0,"damage_taken":0.0}],"is_beta":false,"boss_relics":[{"not_picked":["Sozu","Busted Crown"],"picked":"Snecko Eye"},{"not_picked":["Astrolabe","White Beast Statue"],"picked":"Pandora\u0027s Box"}],"items_purged_floors":[54],"is_endless":false,"potions_floor_spawned":[3,8,16,18,24,30,37,44,48,55],"ascension_level":20}