{"gold_per_floor":[111,128,139,139,139,174,174,185,185,217,232,260,260,587,587,664,664,680,56,72,72,88,116,116,147,218,249,249,268,268,268,268,268],"floor_reached":33,"playtime":2835,"items_purged":["Strike_R"],"score":666,"play_id":"62c7837c-618a-493e-b5e3-708881b39ee1","local_time":"20190810163518","is_ascension_mode":true,"campfire_choices":[{"data":"Bash","floor":7,"key":"SMITH"},{"data":"Heavy Blade","floor":13,"key":"SMITH"},{"floor":15,"key":"DIG"},{"floor":24,"key":"REST"},{"data":"Juggernaut","floor":28,"key":"SMITH"},{"data":"Offering","floor":30,"key":"SMITH"},{"floor":32,"key":"REST"}],"neow_cost":"NONE","seed_source_timestamp":16358540880635,"circlet_count":0,"master_deck":["AscendersBane","Strike_R","Strike_R","Strike_R","Defend_R","Defend_R","Defend_R","Defend_R","Bash+1","Headbutt","Twin Strike","Heavy Blade+1","Cleave","Iron Wave","True Grit","Evolve","Offering+1","Armaments","Inflame","Shrug It Off","Juggernaut+1","Disarm","Sword Boomerang+1","Feel No Pain+1","Disarm","Anger+1"],"relics":["Burning Blood","Vajra","Shovel","PreservedInsect","Letter Opener","Red Skull","Strawberry","Old Coin","Dream Catcher","Black Star","Medical Kit","Pen Nib","Lantern","WingedGreaves","Gremlin Horn","Oddly Smooth Stone","Frozen Egg 2","Thread and Needle","Orichalcum","Enchiridion"],"potions_floor_usage":[8,18,23,25,27,33,33],"damage_taken":[{"damage":8,"enemies":"2 Louse","floor":1,"turns":3},{"damage":7,"enemies":"Jaw Worm","floor":2,"turns":3},{"damage":3,"enemies":"Small Slimes","floor":3,"turns":3},{"damage":35,"enemies":"Lagavulin","floor":6,"turns":6},{"damage":9,"enemies":"Red Slaver","floor":8,"turns":3},{"damage":8,"enemies":"Gremlin Nob","floor":10,"turns":3},{"damage":0,"enemies":"Exordium Wildlife","floor":11,"turns":2},{"damage":10,"enemies":"3 Sentries","floor":12,"turns":3},{"damage":8,"enemies":"Gremlin Nob","floor":14,"turns":3},{"damage":45,"enemies":"The Guardian","floor":16,"turns":8},{"damage":6,"enemies":"Chosen","floor":18,"turns":3},{"damage":25,"enemies":"2 Thieves","floor":20,"turns":5},{"damage":19,"enemies":"Snecko","floor":22,"turns":3},{"damage":34,"enemies":"Book of Stabbing","floor":23,"turns":4},{"damage":31,"enemies":"Slavers","floor":25,"turns":2},{"damage":9,"enemies":"Book of Stabbing","floor":27,"turns":3},{"damage":6,"enemies":"3 Cultists","floor":29,"turns":3},{"damage":35,"enemies":"Automaton","floor":33,"turns":6}],"seed_played":"-6479181287174284830","potions_obtained":[{"floor":2,"key":"BloodPotion"},{"floor":3,"key":"Swift Potion"},{"floor":6,"key":"SpeedPotion"},{"floor":11,"key":"GamblersBrew"},{"floor":14,"key":"FearPotion"},{"floor":20,"key":"FearPotion"},{"floor":23,"key":"EssenceOfSteel"},{"floor":27,"key":"SkillPotion"},{"floor":29,"key":"Weak Potion"}],"is_trial":false,"path_per_floor":["M","M","M","?","T","E","R","M","T","E","M","E","R","E","R","B",null,"M","$","M","?","M","E","R","E","T","E","R","M","R","?","R","B"],"character_chosen":"IRONCLAD","items_purchased":["Inflame","Medical Kit","Pen Nib","Ancient Potion"],"campfire_rested":2,"item_purchase_floors":[19,19,19,19],"current_hp_per_floor":[66,65,68,73,73,44,44,41,41,39,45,48,48,46,46,7,67,67,67,48,48,35,28,54,29,29,26,26,26,26,5,31,0],"gold":268,"neow_bonus":"RANDOM_COMMON_RELIC","is_prod":false,"is_daily":false,"chose_seed":false,"campfire_upgraded":4,"win_rate":0,"timestamp":1565451318,"path_taken":["M","M","M","?","?","E","R","M","T","E","M","E","R","E","R","BOSS","M","$","M","?","?","E","R","E","T","E","R","M","R","?","R","BOSS"],"build_version":"2019-07-17","purchased_purges":1,"victory":false,"max_hp_per_floor":[75,75,75,80,80,80,80,80,80,80,80,87,87,87,87,87,87,87,87,87,87,87,87,87,87,87,87,87,87,87,87,87,87],"card_choices":[{"not_picked":["True Grit","Havoc"],"picked":"Headbutt","floor":1},{"not_picked":["Bloodletting","Metallicize"],"picked":"Twin Strike","floor":2},{"not_picked":["Clash","Blood for Blood"],"picked":"Heavy Blade","floor":3},{"not_picked":["Metallicize","Pommel Strike"],"picked":"Cleave","floor":6},{"not_picked":["Sword Boomerang","Body Slam"],"picked":"Iron Wave","floor":8},{"not_picked":["Seeing Red","Heavy Blade","Bloodletting"],"picked":"SKIP","floor":10},{"not_picked":["Clash","Evolve","Rampage"],"picked":"SKIP","floor":11},{"not_picked":["Bludgeon","Searing Blow"],"picked":"True Grit","floor":12},{"not_picked":["Clash","Pommel Strike"],"picked":"Evolve","floor":14},{"not_picked":["Bludgeon","Double Tap"],"picked":"Offering","floor":16},{"not_picked":["Rage","Twin Strike+1"],"picked":"Armaments","floor":18},{"not_picked":["Iron Wave","Cleave","Headbutt"],"picked":"SKIP","floor":20},{"not_picked":["Inflame","Iron Wave"],"picked":"Juggernaut","floor":22},{"not_picked":["Uppercut","Battle Trance"],"picked":"Disarm","floor":23},{"not_picked":["Perfected Strike","Reckless Charge"],"picked":"Sword Boomerang+1","floor":25},{"not_picked":["Wild Strike","Offering"],"picked":"Feel No Pain+1","floor":27},{"not_picked":["Flex","Thunderclap"],"picked":"Disarm","floor":29},{"not_picked":["Perfected Strike","Sentinel"],"picked":"Anger+1","floor":32}],"player_experience":1069597,"relics_obtained":[{"floor":5,"key":"Shovel"},{"floor":6,"key":"PreservedInsect"},{"floor":9,"key":"Letter Opener"},{"floor":10,"key":"Red Skull"},{"floor":12,"key":"Strawberry"},{"floor":14,"key":"Old Coin"},{"floor":15,"key":"Dream Catcher"},{"floor":23,"key":"Lantern"},{"floor":23,"key":"WingedGreaves"},{"floor":25,"key":"Gremlin Horn"},{"floor":25,"key":"Oddly Smooth Stone"},{"floor":26,"key":"Frozen Egg 2"},{"floor":27,"key":"Thread and Needle"},{"floor":27,"key":"Orichalcum"},{"floor":31,"key":"Enchiridion"}],"event_choices":[{"damage_healed":0,"gold_gain":0,"player_choice":"Donut","damage_taken":0,"max_hp_gain":5,"max_hp_loss":0,"event_name":"Big Fish","floor":4,"gold_loss":0},{"damage_healed":0,"gold_gain":0,"cards_transformed":["Strike_R"],"player_choice":"Transformed","damage_taken":0,"max_hp_gain":0,"max_hp_loss":0,"event_name":"Transmorgrifier","floor":21,"gold_loss":0,"cards_obtained":["Shrug It Off"]},{"damage_healed":0,"gold_gain":0,"player_choice":"Obtained Book","damage_taken":21,"max_hp_gain":0,"max_hp_loss":0,"event_name":"Cursed Tome","floor":31,"gold_loss":0}],"is_beta":false,"boss_relics":[{"not_picked":["Runic Cube","Pandora\u0027s Box"],"picked":"Black Star"}],"items_purged_floors":[19],"is_endless":false,"potions_floor_spawned":[2,3,6,11,14,20,23,27,29],"killed_by":"Automaton","ascension_level":20}