{"gold_per_floor":[113,128,128,128,138,138,156,156,156,167,200,218,248,261,261,359,359,370,550,6,6,23,48,48,78,78,106,205,231,231,243,243,341,341,358,358,373,383,393,393,408,408,408,421,449,449,182,182,182,182],"floor_reached":51,"playtime":7946,"items_purged":["Strike_B"],"score":920,"play_id":"4260930d-9aa4-4dfd-868a-3fbfb189792c","local_time":"20180626230442","is_ascension_mode":true,"campfire_choices":[{"data":"Darkness","floor":6.0,"key":"SMITH"},{"data":"Dualcast","floor":8.0,"key":"SMITH"},{"data":"Defragment","floor":15.0,"key":"SMITH"},{"data":"Multi-Cast","floor":24.0,"key":"SMITH"},{"data":"Buffer","floor":30.0,"key":"SMITH"},{"data":"Strike_B","floor":32.0,"key":"PURGE"},{"data":"Defend_B","floor":40,"key":"PURGE"},{"data":"Defend_B","floor":42,"key":"PURGE"},{"floor":46,"key":"REST"},{"floor":49,"key":"REST"}],"neow_cost":"","seed_source_timestamp":0,"circlet_count":0,"master_deck":["Strike_B","Strike_B","Defend_B","Defend_B","Zap","Dualcast+1","Darkness+1","Glacier","Multi-Cast+1","Defragment+1","Defragment+1","BootSequence","Multi-Cast","Echo Form","Steam","Master of Strategy","BootSequence+1","Sweeping Beam","Buffer+1","Stack+1","Capacitor","Hologram+1","Creative AI","Conserve Battery+1","Secret Technique+1","Coolheaded+1","Leap+1","Echo Form","Fusion+1","Madness+1"],"special_seed":17708,"relics":["Cracked Core","Ancient Tea Set","Mercury Hourglass","Gremlin Horn","Bronze Scales","Nuclear Battery","Lee\u0027s Waffle","Anchor","Pen Nib","Toxic Egg 2","Bottled Tornado","Matryoshka","Peace Pipe","Lizard Tail","Cables","Omamori","Blood Vial"],"potions_floor_usage":[38,41,45,50],"damage_taken":[{"damage":3.0,"enemies":"2 Louse","floor":1.0,"turns":2.0},{"damage":1.0,"enemies":"Cultist","floor":2.0,"turns":3.0},{"damage":7.0,"enemies":"Small Slimes","floor":5.0,"turns":3.0},{"damage":2.0,"enemies":"Looter","floor":7.0,"turns":3.0},{"damage":15.0,"enemies":"Large Slime","floor":10.0,"turns":4.0},{"damage":4.0,"enemies":"Lagavulin","floor":11.0,"turns":6.0},{"damage":8.0,"enemies":"Gremlin Gang","floor":12.0,"turns":3.0},{"damage":6.0,"enemies":"3 Sentries","floor":13.0,"turns":3.0},{"damage":0.0,"enemies":"Exordium Thugs","floor":14.0,"turns":3.0},{"damage":4.0,"enemies":"Hexaghost","floor":16.0,"turns":9.0},{"damage":24.0,"enemies":"2 Thieves","floor":18.0,"turns":3.0},{"damage":3.0,"enemies":"3 Byrds","floor":22.0,"turns":3.0},{"damage":9.0,"enemies":"Gremlin Leader","floor":23.0,"turns":6.0},{"damage":4.0,"enemies":"Slavers","floor":25.0,"turns":4.0},{"damage":20.0,"enemies":"Gremlin Leader","floor":27.0,"turns":3.0},{"damage":2.0,"enemies":"Book of Stabbing","floor":29.0,"turns":5.0},{"damage":0.0,"enemies":"Centurion and Healer","floor":31.0,"turns":6.0},{"damage":1.0,"enemies":"Champ","floor":33.0,"turns":8.0},{"damage":2,"enemies":"Orb Walker","floor":35,"turns":5},{"damage":7,"enemies":"3 Darklings","floor":37,"turns":4},{"damage":10,"enemies":"Sphere and 2 Shapes","floor":38,"turns":6},{"damage":8,"enemies":"Maw","floor":39,"turns":7},{"damage":12,"enemies":"3 Darklings","floor":41,"turns":6},{"damage":10,"enemies":"4 Shapes","floor":44,"turns":4},{"damage":0,"enemies":"2 Orb Walkers","floor":45,"turns":5},{"damage":52,"enemies":"Time Eater","floor":50,"turns":6}],"seed_played":"7506084399967072291","potions_obtained":[{"floor":2.0,"key":"SpeedPotion"},{"floor":7.0,"key":"Weak Potion"},{"floor":12.0,"key":"SpeedPotion"},{"floor":13.0,"key":"Fire Potion"},{"floor":25.0,"key":"Weak Potion"},{"floor":27.0,"key":"Block Potion"},{"floor":33.0,"key":"FearPotion"},{"floor":37,"key":"Weak Potion"},{"floor":38,"key":"Block Potion"},{"floor":44,"key":"FearPotion"}],"is_trial":false,"path_per_floor":["M","M","?","?","M","R","M","R","T","M","E","M","E","M","R","B",null,"M","?","$","?","M","E","R","E","T","E","?","E","R","M","R","B",null,"M","?","M","M","M","R","M","R","T","M","E","R","$","?","R","B"],"character_chosen":"DEFECT","items_purchased":["Lee\u0027s Waffle","Anchor","Master of Strategy","Energy Potion","Madness+1","Swift Potion"],"campfire_rested":2,"item_purchase_floors":[],"current_hp_per_floor":[72,71,71,71,64,64,62,62,62,47,43,35,29,29,29,25,75,51,30,82,82,79,70,70,66,66,46,46,44,44,44,44,43,82,80,80,73,63,55,55,43,43,43,33,33,57,57,57,81,30],"gold":182,"neow_bonus":"","is_prod":false,"is_daily":false,"chose_seed":false,"campfire_upgraded":5,"win_rate":0,"timestamp":1530050682,"path_taken":["M","M","?","?","M","R","M","R","T","M","E","M","E","M","R","BOSS","M","?","$","?","?","E","R","E","T","E","?","E","R","?","R","BOSS","M","?","M","M","M","R","?","R","T","M","E","R","$","?","R","BOSS"],"build_version":"2018-06-21v2","purchased_purges":1,"victory":true,"max_hp_per_floor":[75,75,75,75,75,75,75,75,75,75,75,75,75,75,75,75,75,75,75,82,82,82,82,82,82,82,82,82,82,82,82,82,82,82,82,82,82,82,82,82,82,82,82,82,82,82,82,82,82,82],"card_choices":[{"not_picked":["Streamline","Chill"],"picked":"Darkness","floor":1.0},{"not_picked":["Stack","Rip and Tear"],"picked":"Glacier","floor":2.0},{"not_picked":["Doom and Gloom","Hologram"],"picked":"Defragment","floor":5.0},{"not_picked":["Blizzard","Streamline"],"picked":"Defragment","floor":7.0},{"not_picked":["Lockon","Steam"],"picked":"BootSequence","floor":10.0},{"not_picked":["Sunder","Leap","Go for the Eyes"],"picked":"SKIP","floor":11.0},{"not_picked":["Doom and Gloom","Streamline","Redo"],"picked":"SKIP","floor":12.0},{"not_picked":["Redo","Tempest"],"picked":"Multi-Cast","floor":13.0},{"not_picked":["Undo","Barrage","Steam Power"],"picked":"SKIP","floor":14.0},{"not_picked":["Fission","Reboot"],"picked":"Echo Form","floor":16.0},{"not_picked":["Compile Driver","Stack"],"picked":"Steam","floor":18.0},{"not_picked":["Redo+1","Ball Lightning"],"picked":"BootSequence+1","floor":22.0},{"not_picked":["Chaos","Hyperbeam"],"picked":"Sweeping Beam","floor":23.0},{"not_picked":["Barrage","Rebound"],"picked":"Buffer","floor":25.0},{"not_picked":["Cold Snap+1","Darkness+1"],"picked":"Stack+1","floor":27.0},{"not_picked":["Beam Cell","Go for the Eyes"],"picked":"Capacitor","floor":29.0},{"not_picked":["Ball Lightning","Cold Snap"],"picked":"Hologram+1","floor":31.0},{"not_picked":["Fission+1","Multi-Cast+1"],"picked":"Creative AI","floor":33.0},{"not_picked":["Go for the Eyes","Compile Driver"],"picked":"Conserve Battery+1","floor":35},{"not_picked":["Thinking Ahead+1","Purity+1"],"picked":"Secret Technique+1","floor":36},{"not_picked":["Compile Driver","Scrape+1"],"picked":"Coolheaded+1","floor":37},{"not_picked":["Cold Snap","Genetic Algorithm+1","Go for the Eyes+1"],"picked":"SKIP","floor":38},{"not_picked":["Stack+1","Rip and Tear+1"],"picked":"Leap+1","floor":39},{"not_picked":["Beam Cell+1","Recycle+1","Rip and Tear"],"picked":"SKIP","floor":41},{"not_picked":["Consume+1","Ball Lightning"],"picked":"Echo Form","floor":44},{"not_picked":["Ball Lightning+1","Redo+1"],"picked":"Fusion+1","floor":45}],"player_experience":321252,"relics_obtained":[{"floor":9.0,"key":"Mercury Hourglass"},{"floor":11.0,"key":"Gremlin Horn"},{"floor":13.0,"key":"Bronze Scales"},{"floor":23.0,"key":"Pen Nib"},{"floor":25.0,"key":"Toxic Egg 2"},{"floor":26.0,"key":"Bottled Tornado"},{"floor":27.0,"key":"Matryoshka"},{"floor":29.0,"key":"Peace Pipe"},{"floor":43,"key":"Cables"},{"floor":43,"key":"Omamori"},{"floor":45,"key":"Blood Vial"}],"event_choices":[{"event_name":"Match and Keep!","player_choice":"1 cards matched","floor":3.0,"damage_taken":0.0},{"event_name":"Liars Game","player_choice":"disagreed","floor":4.0,"damage_taken":0.0},{"event_name":"Knowing Skull","player_choice":"GOLD GOLD ","floor":19.0,"damage_taken":0.0},{"event_name":"Wheel of Change","player_choice":"Full Heal","floor":21.0,"damage_taken":0.0},{"event_name":"Nest","player_choice":"Stole From Cult","floor":28.0,"damage_taken":0.0},{"event_name":"SensoryStone","player_choice":"Memory 1","floor":36,"damage_taken":0},{"event_name":"Upgrade Shrine","player_choice":"Upgraded","floor":48,"damage_taken":0}],"boss_relics":[{"not_picked":["Busted Crown","White Beast Statue"],"picked":"Nuclear Battery"},{"not_picked":["Empty Cage","Fusion Hammer"],"picked":"Lizard Tail"}],"items_purged_floors":[47],"is_endless":false,"potions_floor_spawned":[2,7,12,13,25,27,33,37,38,44],"ascension_level":4}