{"gold_per_floor":[119,269,37,37,37,72,72,106,106,117,129,143,178,178,178,252,252,270,270],"floor_reached":19,"playtime":1152,"items_purged":["Doubt"],"score":370,"play_id":"2c0fa9a6-340a-461c-873a-5fc444a147fc","local_time":"20190728223636","is_ascension_mode":true,"campfire_choices":[{"data":"Bash","floor":7,"key":"SMITH"},{"data":"Limit Break","floor":15,"key":"SMITH"}],"neow_cost":"NONE","seed_source_timestamp":349729424380967,"circlet_count":0,"master_deck":["AscendersBane","Strike_R","Strike_R","Strike_R","Strike_R","Defend_R","Defend_R","Defend_R","Defend_R","Bash+1","Wild Strike+1","Anger","Limit Break+1","Headbutt","Clothesline","Wild Strike","Armaments"],"relics":["Burning Blood","Vajra","CultistMask","Pear","Dodecahedron","Sundial","Thread and Needle","Velvet Choker"],"potions_floor_usage":[6,8,13,16,16,18],"damage_taken":[{"damage":9,"enemies":"Jaw Worm","floor":1,"turns":5},{"damage":8,"enemies":"Gremlin Nob","floor":6,"turns":3},{"damage":25,"enemies":"3 Sentries","floor":8,"turns":7},{"damage":9,"enemies":"2 Louse","floor":10,"turns":2},{"damage":1,"enemies":"Small Slimes","floor":11,"turns":3},{"damage":13,"enemies":"Red Slaver","floor":12,"turns":4},{"damage":8,"enemies":"Gremlin Nob","floor":13,"turns":3},{"damage":44,"enemies":"The Guardian","floor":16,"turns":9},{"damage":24,"enemies":"3 Byrds","floor":18,"turns":5},{"damage":52,"enemies":"Masked Bandits","floor":19,"turns":4}],"seed_played":"-7551640955550980842","potions_obtained":[{"floor":0,"key":"Fire Potion"},{"floor":0,"key":"SteroidPotion"},{"floor":8,"key":"FairyPotion"},{"floor":10,"key":"EntropicBrew"},{"floor":11,"key":"SteroidPotion"}],"is_trial":false,"path_per_floor":["M","?","$","?","?","E","R","E","T","M","M","M","E","?","R","B",null,"M","?"],"character_chosen":"IRONCLAD","items_purchased":["Vajra"],"campfire_rested":0,"item_purchase_floors":[3],"current_hp_per_floor":[65,65,65,65,65,73,73,54,54,51,56,49,47,47,47,9,66,48,0],"gold":270,"neow_bonus":"THREE_SMALL_POTIONS","is_prod":false,"is_daily":false,"chose_seed":false,"campfire_upgraded":2,"win_rate":0,"timestamp":1564349796,"path_taken":["M","?","$","?","?","E","R","E","T","M","M","?","E","?","R","BOSS","M","?"],"build_version":"2019-07-17","purchased_purges":1,"victory":false,"max_hp_per_floor":[75,75,75,75,75,85,85,85,85,85,85,85,85,85,85,85,85,85,85],"card_choices":[{"not_picked":["True Grit","Havoc"],"picked":"Wild Strike","floor":1},{"not_picked":["Sever Soul","Fire Breathing"],"picked":"Anger","floor":6},{"not_picked":["Rage","Anger","Body Slam"],"picked":"SKIP","floor":8},{"not_picked":["Evolve","Wild Strike"],"picked":"Limit Break","floor":10},{"not_picked":["Rage","Rupture","Wild Strike"],"picked":"SKIP","floor":11},{"not_picked":["Warcry","Twin Strike"],"picked":"Headbutt","floor":12},{"not_picked":["Cleave","Double Tap"],"picked":"Clothesline","floor":13},{"not_picked":["Body Slam","Anger+1"],"picked":"Armaments","floor":18}],"player_experience":1046615,"relics_obtained":[{"floor":6,"key":"Pear"},{"floor":8,"key":"Dodecahedron"},{"floor":9,"key":"Sundial"},{"floor":13,"key":"Thread and Needle"}],"event_choices":[{"damage_healed":0,"gold_gain":150,"player_choice":"AGREE","damage_taken":0,"max_hp_gain":0,"max_hp_loss":0,"event_name":"Liars Game","floor":2,"gold_loss":0,"cards_obtained":["Doubt"]},{"damage_healed":0,"gold_gain":0,"player_choice":"Grow","damage_taken":0,"max_hp_gain":0,"max_hp_loss":0,"event_name":"Living Wall","floor":4,"gold_loss":0,"cards_upgraded":["Wild Strike"]},{"damage_healed":0,"gold_gain":0,"player_choice":"Trade","damage_taken":0,"relics_obtained":["CultistMask"],"max_hp_gain":0,"max_hp_loss":0,"event_name":"FaceTrader","floor":5,"gold_loss":0},{"damage_healed":0,"gold_gain":0,"cards_transformed":["Strike_R"],"player_choice":"Transformed","damage_taken":0,"max_hp_gain":0,"max_hp_loss":0,"event_name":"Transmorgrifier","floor":14,"gold_loss":0,"cards_obtained":["Wild Strike"]},{"damage_healed":0,"gold_gain":0,"player_choice":"Fought Bandits","damage_taken":0,"max_hp_gain":0,"max_hp_loss":0,"event_name":"Masked Bandits","floor":19,"gold_loss":0}],"is_beta":false,"boss_relics":[{"not_picked":["Eternal Feather","Runic Cube"],"picked":"Velvet Choker"}],"items_purged_floors":[3],"is_endless":false,"potions_floor_spawned":[8,10,11,12],"killed_by":"Masked Bandits","ascension_level":20}