{"gold_per_floor":[111,131,142,142,92,92,92,92,92,108,128,162,162,179,179,277,277,291,61,72,85,101,101,126,126,180,197,197,232,249,282,282,282],"floor_reached":33,"playtime":1843,"items_purged":[],"score":485,"play_id":"69a0a53b-2052-41c1-a699-794238cd8725","local_time":"20181224134949","is_ascension_mode":true,"campfire_choices":[{"data":"Neutralize","floor":6,"key":"SMITH"},{"data":"Deflect","floor":8,"key":"SMITH"},{"data":"Backstab","floor":13,"key":"SMITH"},{"data":"Footwork","floor":15,"key":"SMITH"},{"data":"Envenom","floor":23,"key":"SMITH"},{"data":"Backflip","floor":25,"key":"SMITH"},{"data":"Burst","floor":32,"key":"SMITH"}],"neow_cost":"NONE","seed_source_timestamp":314242808293222,"circlet_count":0,"master_deck":["Defend_G","Defend_G","Defend_G","Defend_G","Strike_G","Strike_G","Strike_G","Strike_G","Survivor","Neutralize+1","Heel Hook","Backstab+1","Deflect+1","Heel Hook+1","Heel Hook+1","Sucker Punch+1","Footwork+1","Envenom+1","Flying Knee+1","Dagger Throw+1","Backstab+1","Backflip+1","Dagger Spray+1","Backstab+1","Die Die Die+1","Quick Slash+1","Poisoned Stab+1","Burst+1"],"relics":["Ring of the Snake","Molten Egg 2","Gremlin Horn","Orrery","Vajra","Regal Pillow","Nloth\u0027s Gift","Shuriken","Oddly Smooth Stone"],"potions_floor_usage":[16,16,16,27,31,33,33],"damage_taken":[{"damage":4,"enemies":"Jaw Worm","floor":1,"turns":4},{"damage":0,"enemies":"Small Slimes","floor":2,"turns":4},{"damage":1,"enemies":"Cultist","floor":3,"turns":4},{"damage":3,"enemies":"Large Slime","floor":10,"turns":12},{"damage":0,"enemies":"Red Slaver","floor":11,"turns":4},{"damage":25,"enemies":"3 Sentries","floor":12,"turns":11},{"damage":0,"enemies":"Exordium Thugs","floor":14,"turns":4},{"damage":18,"enemies":"Hexaghost","floor":16,"turns":11},{"damage":2,"enemies":"Shell Parasite","floor":18,"turns":8},{"damage":0,"enemies":"Spheric Guardian","floor":20,"turns":1},{"damage":9,"enemies":"Centurion and Healer","floor":21,"turns":5},{"damage":19,"enemies":"Sentry and Sphere","floor":22,"turns":4},{"damage":0,"enemies":"Gremlin Leader","floor":24,"turns":4},{"damage":0,"enemies":"Snake Plant","floor":27,"turns":3},{"damage":1,"enemies":"Slavers","floor":29,"turns":6},{"damage":0,"enemies":"Chosen and Byrds","floor":30,"turns":3},{"damage":0,"enemies":"Book of Stabbing","floor":31,"turns":3},{"damage":51,"enemies":"Champ","floor":33,"turns":6}],"seed_played":"-8628165081535643476","potions_obtained":[{"floor":2,"key":"Energy Potion"},{"floor":10,"key":"Dexterity Potion"},{"floor":12,"key":"Poison Potion"},{"floor":16,"key":"Weak Potion"},{"floor":18,"key":"Dexterity Potion"},{"floor":22,"key":"Block Potion"},{"floor":24,"key":"Dexterity Potion"},{"floor":29,"key":"Block Potion"},{"floor":31,"key":"GamblersBrew"}],"is_trial":false,"path_per_floor":["M","M","M","?","?","R","?","R","T","M","M","E","R","M","R","B",null,"M","$","M","M","M","R","E","R","T","M","?","E","M","E","R","B"],"character_chosen":"THE_SILENT","items_purchased":["Backstab+1","Vajra"],"campfire_rested":0,"item_purchase_floors":[19,19],"current_hp_per_floor":[66,66,65,58,58,58,58,58,58,55,55,30,30,30,30,12,61,59,59,59,50,31,31,31,31,31,31,31,30,30,30,30,0],"gold":282,"neow_bonus":"TEN_PERCENT_HP_BONUS","is_prod":false,"is_daily":false,"chose_seed":false,"campfire_upgraded":7,"win_rate":0,"timestamp":1545659389,"path_taken":["M","M","M","?","?","R","?","R","T","M","M","E","R","M","R","BOSS","M","$","M","M","M","R","E","R","T","M","?","E","?","E","R","BOSS"],"build_version":"2018-12-20","purchased_purges":0,"victory":false,"max_hp_per_floor":[77,77,77,77,77,77,77,77,77,77,77,77,77,77,77,77,77,77,77,77,77,77,77,77,77,77,77,77,77,77,77,77,77],"card_choices":[{"not_picked":["PiercingWail","Blade Dance"],"picked":"Heel Hook","floor":1},{"not_picked":["Quick Slash","Die Die Die"],"picked":"Backstab","floor":2},{"not_picked":["Backflip","Acrobatics"],"picked":"Deflect","floor":3},{"not_picked":["Concentrate","All Out Attack+1"],"picked":"Heel Hook+1","floor":10},{"not_picked":["Footwork","Dagger Spray+1"],"picked":"Heel Hook+1","floor":11},{"not_picked":["Leg Sweep","Flying Knee+1"],"picked":"Sucker Punch+1","floor":12},{"not_picked":["Eviscerate+1","Deadly Poison","Footwork"],"picked":"SKIP","floor":14},{"not_picked":["Eviscerate+1","Deadly Poison"],"picked":"Footwork","floor":14},{"not_picked":["Storm of Steel","Glass Knife+1"],"picked":"Envenom","floor":16},{"not_picked":["Underhanded Strike+1","Deflect"],"picked":"Flying Knee+1","floor":17},{"not_picked":["Accuracy","Dash+1"],"picked":"Dagger Throw+1","floor":17},{"not_picked":["Leg Sweep","Dodge and Roll","Prepared"],"picked":"SKIP","floor":18},{"not_picked":["Outmaneuver","Deflect"],"picked":"Backflip","floor":20},{"not_picked":["Expertise","Malaise"],"picked":"Dagger Spray+1","floor":21},{"not_picked":["Blade Dance","Distraction","Underhanded Strike+1"],"picked":"SKIP","floor":22},{"not_picked":["Prepared","Outmaneuver"],"picked":"Backstab+1","floor":24},{"not_picked":["Skewer+1","Slice+1"],"picked":"Die Die Die+1","floor":27},{"not_picked":["Sucker Punch+1","PiercingWail"],"picked":"Quick Slash+1","floor":29},{"not_picked":["Calculated Gamble+1","Sucker Punch+1"],"picked":"Poisoned Stab+1","floor":30},{"not_picked":["Dodge and Roll","Storm of Steel"],"picked":"Burst","floor":31}],"player_experience":385902,"relics_obtained":[{"floor":9,"key":"Molten Egg 2"},{"floor":12,"key":"Gremlin Horn"},{"floor":24,"key":"Dodecahedron"},{"floor":26,"key":"Regal Pillow"},{"floor":29,"key":"Shuriken"},{"floor":31,"key":"Oddly Smooth Stone"}],"event_choices":[{"cards_removed":["Strike_G"],"damage_healed":0,"gold_gain":0,"player_choice":"Card Removal","damage_taken":7,"max_hp_gain":0,"max_hp_loss":0,"event_name":"Golden Wing","floor":4,"gold_loss":0},{"cards_removed":["Defend_G"],"damage_healed":0,"gold_gain":0,"player_choice":"Card Removal","damage_taken":0,"max_hp_gain":0,"max_hp_loss":0,"event_name":"The Cleric","floor":5,"gold_loss":50},{"damage_healed":0,"gold_gain":0,"player_choice":"Ignored","damage_taken":0,"max_hp_gain":0,"max_hp_loss":0,"event_name":"Liars Game","floor":7,"gold_loss":0},{"damage_healed":0,"gold_gain":0,"player_choice":"Traded Relic","damage_taken":0,"relics_obtained":["Nloth\u0027s Gift"],"max_hp_gain":0,"max_hp_loss":0,"event_name":"N\u0027loth","floor":28,"relics_lost":["Dodecahedron"],"gold_loss":0}],"is_beta":false,"boss_relics":[{"not_picked":["Coffee Dripper","HoveringKite"],"picked":"Orrery"}],"items_purged_floors":[],"is_endless":false,"potions_floor_spawned":[2,10,12,16,18,22,24,29,31],"killed_by":"Champ","ascension_level":7}