{"path_per_floor":["M","?","?","$","M","E","R","M","T","R","?","E","$","$","R","B",null,"M","?","?","M","M","R","$","M","T","?","M","R","M","M","R","B",null,"M","M","M","$","M","E","R","M","T","R","?","M","M","$","R","B"],"character_chosen":"IRONCLAD","items_purchased":["Anger","Flex"],"gold_per_floor":[114,114,289,214,233,261,261,271,350,350,425,455,264,139,139,238,238,256,256,256,267,280,280,130,141,141,66,85,85,95,109,109,208,208,221,237,256,81,99,133,133,146,146,146,146,166,181,21,21,21],"floor_reached":51,"campfire_rested":3,"playtime":2589,"current_hp_per_floor":[80,80,80,80,80,58,58,61,61,61,50,24,24,24,48,21,80,77,77,77,69,58,58,58,45,45,45,51,51,37,8,32,38,80,80,80,50,50,56,62,80,80,80,80,80,80,80,80,80,80],"items_purged":["Doubt","Strike_R","Strike_R","Bash","Pommel Strike","Defend_R"],"gold":21,"score":839,"play_id":"42ed8a28-3879-4c8e-8bfd-92a5108f84e8","is_prod":false,"is_daily":false,"is_ascension_mode":false,"campfire_upgraded":5,"path_taken":["M","?","?","?","?","E","R","M","T","R","?","E","?","$","R","BOSS","M","?","?","M","M","R","$","M","T","?","M","R","M","M","R","BOSS","M","M","M","$","M","E","R","M","T","R","?","M","M","$","R","BOSS"],"build_version":"2018-02-15-PROD1","purchased_purges":6,"victory":true,"master_deck":["Defend_R","Defend_R","Defend_R","Anger+1","Flex+1","Corruption+1"],"max_hp_per_floor":[80,80,80,80,80,80,80,80,80,80,80,80,80,80,80,80,80,80,80,80,80,80,80,80,80,80,80,80,80,80,80,80,80,80,80,80,80,80,80,80,80,80,80,80,80,80,80,80,80,80],"relics":["Burning Blood","Unceasing Top","Shuriken","Bronze Scales","Black Star","Girya","Philosopher\u0027s Stone","Dodecahedron","The Courier","Bird Faced Urn"],"card_choices":[{"not_picked":["Sword Boomerang","Heavy Blade"],"picked":"Pommel Strike"},{"not_picked":["Dual Wield","Shockwave"],"picked":"Flex"},{"not_picked":["Anger","Pummel"],"picked":"Corruption"}],"player_experience":208531,"potions_floor_usage":[39,39],"damage_taken":[{"damage":3.0,"enemies":"Jaw Worm","floor":1.0,"turns":5.0},{"damage":1.0,"enemies":"Cultist","floor":5.0,"turns":3.0},{"damage":28.0,"enemies":"Gremlin Nob","floor":6.0,"turns":4.0},{"damage":3.0,"enemies":"Small Slimes","floor":8.0,"turns":3.0},{"damage":32.0,"enemies":"3 Sentries","floor":12.0,"turns":7.0},{"damage":33.0,"enemies":"The Guardian","floor":16.0,"turns":6.0},{"damage":9.0,"enemies":"Shell Parasite","floor":18.0,"turns":6.0},{"damage":14.0,"enemies":"Spheric Guardian","floor":21.0,"turns":4.0},{"damage":17.0,"enemies":"Snecko","floor":22.0,"turns":4.0},{"damage":19.0,"enemies":"Centurion and Healer","floor":25.0,"turns":7.0},{"damage":0.0,"enemies":"3 Cultists","floor":28.0,"turns":3.0},{"damage":20.0,"enemies":"Sentry and Sphere","floor":30.0,"turns":4.0},{"damage":35.0,"enemies":"Snecko","floor":31.0,"turns":5.0},{"damage":0.0,"enemies":"Champ","floor":33.0,"turns":3.0},{"damage":0.0,"enemies":"Orb Walker","floor":35.0,"turns":1.0},{"damage":6.0,"enemies":"3 Darklings","floor":36.0,"turns":3.0},{"damage":36.0,"enemies":"Sphere and 2 Shapes","floor":37.0,"turns":4.0},{"damage":0,"enemies":"4 Shapes","floor":39,"turns":1},{"damage":0,"enemies":"Nemesis","floor":40,"turns":1},{"damage":0,"enemies":"3 Darklings","floor":42,"turns":1},{"damage":0,"enemies":"Sphere and 2 Shapes","floor":46,"turns":1},{"damage":0,"enemies":"Maw","floor":47,"turns":1},{"damage":0,"enemies":"Donu and Deca","floor":50,"turns":1}],"event_choices":[{"event_name":"Purifier","player_choice":"One Purge","floor":2.0,"damage_taken":0.0},{"event_name":"Liars Game","player_choice":"agreed","floor":3.0,"damage_taken":0.0},{"event_name":"World of Goop","player_choice":"Gather Gold","floor":11.0,"damage_taken":0.0},{"event_name":"The Mausoleum","player_choice":"No","floor":19.0,"damage_taken":0.0},{"event_name":"Cursed Tome","player_choice":"Ignored","floor":20.0,"damage_taken":0.0},{"event_name":"Beggar","player_choice":"Gave Gold","floor":27.0,"damage_taken":0.0}],"boss_relics":[],"potions_floor_spawned":[8,21,31,33,35,37,39,47],"seed_played":"-6507886180942873093","ascension_level":0,"is_trial":false}