{"gold_per_floor":[116,191,205,205,222,222,250,250,296,329,72,72,83,102,102,180,180,194,194,4,14,27,55,55,81,81,81,93,118,128,139,139,213,213,226,242,260,1259,1259,916,968,968,993,1019,461,461,155,155,155,155,155,155,155,22,47,47],"floor_reached":56,"playtime":6814,"items_purged":["Strike_B","Strike_B","Normality","Normality"],"score":2236,"play_id":"b2399ae1-4f43-4c16-8f42-92da5327ab25","local_time":"20190425203157","is_ascension_mode":true,"campfire_choices":[{"data":"Sweeping Beam","floor":6.0,"key":"SMITH"},{"floor":8.0,"key":"REST"},{"data":"Apotheosis","floor":15.0,"key":"SMITH"},{"floor":24.0,"key":"REST"},{"floor":32.0,"key":"RECALL"},{"floor":42.0,"key":"REST"},{"floor":46.0,"key":"REST"},{"data":"Zap","floor":49.0,"key":"PURGE"},{"floor":53,"key":"REST"}],"neow_cost":"NONE","seed_source_timestamp":0,"circlet_count":0,"master_deck":["AscendersBane","Dualcast+1","Sweeping Beam+1","Chill","Glacier","Sunder+1","Blizzard","Apotheosis+1","Coolheaded","Coolheaded","Echo Form","Hologram","Echo Form","Dark Shackles","Coolheaded+1","Recycle","Go for the Eyes","Self Repair","Fission","Undo","White Noise","Capacitor","Meteor Strike","Double Energy","Cold Snap","Double Energy","Capacitor","Ball Lightning","Doom and Gloom+1","Compile Driver+1","Reprogram+1","Coolheaded+1","Static Discharge","Secret Technique","Barrage"],"special_seed":0,"relics":["Cracked Core","Bag of Marbles","Art of War","Orichalcum","Pear","Fusion Hammer","Prayer Wheel","Vajra","Pocketwatch","WingedGreaves","Pandora\u0027s Box","Tiny Chest","Peace Pipe","Unceasing Top","Membership Card","Mummified Hand","Strawberry","Incense Burner","Frozen Egg 2","Dead Branch"],"potions_floor_usage":[56,56],"damage_taken":[{"damage":1.0,"enemies":"2 Louse","floor":1.0,"turns":2.0},{"damage":0.0,"enemies":"Small Slimes","floor":3.0,"turns":2.0},{"damage":0.0,"enemies":"Cultist","floor":5.0,"turns":3.0},{"damage":14.0,"enemies":"Lagavulin","floor":7.0,"turns":9.0},{"damage":8.0,"enemies":"Gremlin Nob","floor":10.0,"turns":3.0},{"damage":0.0,"enemies":"Blue Slaver","floor":13.0,"turns":1.0},{"damage":1.0,"enemies":"Lots of Slimes","floor":14.0,"turns":2.0},{"damage":0.0,"enemies":"The Guardian","floor":16.0,"turns":11.0},{"damage":14.0,"enemies":"Shell Parasite","floor":18.0,"turns":8.0},{"damage":10.0,"enemies":"Chosen","floor":21.0,"turns":4.0},{"damage":4.0,"enemies":"Centurion and Healer","floor":22.0,"turns":6.0},{"damage":40.0,"enemies":"Book of Stabbing","floor":23.0,"turns":8.0},{"damage":10.0,"enemies":"Slavers","floor":25.0,"turns":5.0},{"damage":4.0,"enemies":"Chosen and Byrds","floor":28.0,"turns":5.0},{"damage":0.0,"enemies":"Gremlin Leader","floor":29.0,"turns":5.0},{"damage":0.0,"enemies":"Snecko","floor":30.0,"turns":6.0},{"damage":21.0,"enemies":"Shelled Parasite and Fungi","floor":31.0,"turns":7.0},{"damage":0.0,"enemies":"Automaton","floor":33.0,"turns":10.0},{"damage":14.0,"enemies":"3 Darklings","floor":35.0,"turns":7.0},{"damage":5.0,"enemies":"Orb Walker","floor":36.0,"turns":4.0},{"damage":10.0,"enemies":"Jaw Worm Horde","floor":37.0,"turns":6.0},{"damage":63.0,"enemies":"2 Orb Walkers","floor":41.0,"turns":7.0},{"damage":48.0,"enemies":"Nemesis","floor":44.0,"turns":7.0},{"damage":44,"enemies":"Time Eater","floor":50,"turns":11},{"damage":24,"enemies":"Donu and Deca","floor":51,"turns":6},{"damage":68,"enemies":"Shield and Spear","floor":55,"turns":5},{"damage":67,"enemies":"The Heart","floor":56,"turns":3}],"seed_played":"-3439782378946902923","potions_obtained":[{"floor":1.0,"key":"Swift Potion"},{"floor":3.0,"key":"GamblersBrew"},{"floor":10.0,"key":"Fire Potion"},{"floor":13.0,"key":"Weak Potion"},{"floor":18.0,"key":"PowerPotion"},{"floor":25.0,"key":"Ancient Potion"},{"floor":29.0,"key":"Fire Potion"},{"floor":30.0,"key":"Strength Potion"},{"floor":33.0,"key":"LiquidBronze"},{"floor":41.0,"key":"EssenceOfSteel"}],"is_trial":false,"path_per_floor":["M","?","M","?","M","R","E","R","T","E","$","?","M","M","R","B",null,"M","?","$","M","M","E","R","E","T","?","M","E","M","M","R","B",null,"M","M","M","?","?","$","?","R","T","E","$","R","$","?","R","B","B",null,"R","$","E","B"],"character_chosen":"DEFECT","items_purchased":["Apotheosis","Dark Shackles","Tiny Chest","FocusPotion","Membership Card","Mummified Hand","Static Discharge","Strawberry","Incense Burner","Frozen Egg 2","Secret Technique","PowerPotion"],"campfire_rested":5,"item_purchase_floors":[11,20,40,40,45,45,45,45,47,47,54,54],"current_hp_per_floor":[70,59,59,36,36,36,22,45,45,37,37,21,21,20,20,20,71,57,57,57,47,43,3,29,19,19,19,15,35,55,54,54,74,85,88,88,88,88,83,83,40,66,66,38,45,73,73,73,73,49,45,79,90,90,42,0],"gold":47,"neow_bonus":"TEN_PERCENT_HP_BONUS","is_prod":false,"is_daily":false,"chose_seed":false,"campfire_upgraded":2,"win_rate":0,"timestamp":1556220717,"path_taken":["M","?","M","?","M","R","E","R","T","E","$","?","M","M","R","BOSS","M","?","$","M","?","E","R","E","T","?","M","E","M","M","R","BOSS","M","M","?","?","?","$","?","R","T","E","$","R","$","?","R","BOSS","BOSS","R","$","E","BOSS"],"build_version":"2019-01-23","purchased_purges":4,"victory":false,"max_hp_per_floor":[78,78,78,78,78,78,78,78,78,78,78,88,88,88,88,88,88,88,88,88,88,88,88,88,88,88,88,88,88,88,88,88,88,88,88,88,88,88,88,88,88,88,88,88,95,95,95,90,90,90,90,90,90,90,90,90],"card_choices":[{"not_picked":["Steam Power","Conserve Battery"],"picked":"Sweeping Beam","floor":1.0},{"not_picked":["Melter","Barrage"],"picked":"Chill","floor":3.0},{"not_picked":["Rebound","Leap"],"picked":"Glacier","floor":5.0},{"not_picked":["Reprogram","Seek"],"picked":"Sunder","floor":7.0},{"not_picked":["Aggregate","Barrage"],"picked":"Blizzard","floor":10.0},{"not_picked":["Hello World","Stack"],"picked":"Coolheaded","floor":13.0},{"not_picked":["Go for the Eyes","Gash"],"picked":"Coolheaded","floor":14.0},{"not_picked":["Rainbow","Core Surge"],"picked":"Echo Form","floor":16.0},{"not_picked":["Ball Lightning","Heatsinks"],"picked":"Hologram","floor":18.0},{"not_picked":["Chaos+1","Hologram+1"],"picked":"Coolheaded+1","floor":21.0},{"not_picked":["Beam Cell+1","Compile Driver","Melter"],"picked":"SKIP","floor":22.0},{"not_picked":["Coolheaded+1","Rebound"],"picked":"Recycle","floor":23.0},{"not_picked":["White Noise","Auto Shields"],"picked":"Go for the Eyes","floor":25.0},{"not_picked":["Darkness","Coolheaded"],"picked":"Self Repair","floor":28.0},{"not_picked":["Cold Snap","Coolheaded"],"picked":"Fission","floor":28.0},{"not_picked":["Recycle","Melter+1","Stack"],"picked":"SKIP","floor":29.0},{"not_picked":["Leap+1","Steam"],"picked":"Undo","floor":30.0},{"not_picked":["Chaos","Compile Driver"],"picked":"White Noise","floor":30.0},{"not_picked":["Fusion","Stack"],"picked":"Capacitor","floor":31.0},{"not_picked":["Cold Snap+1","Conserve Battery","Streamline"],"picked":"SKIP","floor":31.0},{"not_picked":["Steam","Redo"],"picked":"Doom and Gloom+1","floor":35.0},{"not_picked":["Undo","Go for the Eyes+1","Gash+1"],"picked":"SKIP","floor":35.0},{"not_picked":["BootSequence","Gash"],"picked":"Compile Driver+1","floor":36.0},{"not_picked":["Turbo","Scrape","Reinforced Body"],"picked":"SKIP","floor":36.0},{"not_picked":["Scrape","Stack","Electrodynamics"],"picked":"SKIP","floor":37.0},{"not_picked":["Streamline+1","Beam Cell","Compile Driver"],"picked":"SKIP","floor":37.0},{"not_picked":["Beam Cell","White Noise"],"picked":"Reprogram+1","floor":41.0},{"not_picked":["Streamline","Hello World"],"picked":"Coolheaded+1","floor":44.0},{"not_picked":["Leap","Compile Driver"],"picked":"Barrage","floor":55}],"player_experience":868160,"relics_obtained":[{"floor":7.0,"key":"Bag of Marbles"},{"floor":9.0,"key":"Art of War"},{"floor":10.0,"key":"Orichalcum"},{"floor":23.0,"key":"Prayer Wheel"},{"floor":25.0,"key":"Vajra"},{"floor":26.0,"key":"Pocketwatch"},{"floor":29.0,"key":"WingedGreaves"},{"floor":41.0,"key":"Peace Pipe"},{"floor":44.0,"key":"Unceasing Top"},{"floor":55,"key":"Dead Branch"}],"event_choices":[{"damage_healed":0.0,"max_hp_gain":0.0,"max_hp_loss":0.0,"gold_gain":75.0,"event_name":"World of Goop","player_choice":"Gather Gold","floor":2.0,"gold_loss":0.0,"damage_taken":11.0},{"damage_healed":0.0,"max_hp_gain":0.0,"max_hp_loss":0.0,"gold_gain":0.0,"event_name":"Shining Light","player_choice":"Entered Light","floor":4.0,"gold_loss":0.0,"damage_taken":23.0,"cards_upgraded":["Strike_B","Dualcast"]},{"damage_healed":0.0,"max_hp_gain":0.0,"max_hp_loss":0.0,"gold_gain":0.0,"event_name":"Scrap Ooze","player_choice":"Success","floor":12.0,"gold_loss":0.0,"damage_taken":26.0,"relics_obtained":["Pear"]},{"damage_healed":0.0,"max_hp_gain":0.0,"max_hp_loss":0.0,"gold_gain":0.0,"event_name":"Duplicator","player_choice":"Copied","floor":19.0,"gold_loss":0.0,"damage_taken":0.0,"cards_obtained":["Echo Form"]},{"damage_healed":0.0,"max_hp_gain":0.0,"max_hp_loss":0.0,"gold_gain":0.0,"event_name":"Upgrade Shrine","player_choice":"Upgraded","floor":27.0,"gold_loss":0.0,"damage_taken":0.0,"cards_upgraded":["Sunder"]},{"damage_healed":0.0,"max_hp_gain":0.0,"max_hp_loss":0.0,"gold_gain":999.0,"event_name":"MindBloom","player_choice":"Gold","floor":38.0,"gold_loss":0.0,"damage_taken":0.0,"cards_obtained":["Normality","Normality"]},{"damage_healed":0.0,"max_hp_gain":0.0,"max_hp_loss":0.0,"gold_gain":0.0,"event_name":"SensoryStone","player_choice":"Memory 2","floor":39.0,"gold_loss":0.0,"damage_taken":5.0},{"damage_healed":0.0,"max_hp_gain":0.0,"max_hp_loss":0.0,"gold_gain":0.0,"event_name":"Mysterious Sphere","player_choice":"Fight","floor":41.0,"gold_loss":0.0,"damage_taken":0.0},{"damage_healed":0.0,"max_hp_gain":0.0,"max_hp_loss":5.0,"gold_gain":0.0,"event_name":"Winding Halls","player_choice":"Max HP","floor":48.0,"gold_loss":0.0,"damage_taken":0.0}],"is_beta":false,"boss_relics":[{"not_picked":["Busted Crown","Velvet Choker"],"picked":"Fusion Hammer"},{"not_picked":["Lizard Tail","Tiny House"],"picked":"Pandora\u0027s Box"}],"items_purged_floors":[11,20,40,45],"is_endless":false,"potions_floor_spawned":[1,3,10,13,18,25,29,30,33,36,37,41],"killed_by":"The Heart","ascension_level":20}