{"gold_per_floor":[114,133,133,133,146,146,181,37,119,139,166,177,177,189,189,293,293,308,6,22,40,50,50,50,84,111,211,238,163,263,281,281,281],"floor_reached":33,"playtime":2544,"items_purged":["Strike_R+1"],"score":475,"play_id":"147cd893-e6b4-4ba8-bed6-8a8170fc6286","local_time":"20190321221721","is_ascension_mode":true,"campfire_choices":[{"data":"Whirlwind","floor":6,"key":"SMITH"},{"data":"Armaments","floor":13,"key":"SMITH"},{"data":"Disarm","floor":15,"key":"SMITH"},{"data":"Demon Form","floor":23,"key":"SMITH"},{"data":"Sword Boomerang","floor":32,"key":"SMITH"}],"neow_cost":"NONE","seed_source_timestamp":170724874898605,"circlet_count":0,"master_deck":["AscendersBane","Strike_R+1","Strike_R+1","Strike_R+1","Strike_R+1","Defend_R+1","Defend_R+1","Defend_R+1","Defend_R+1","Bash+1","Whirlwind+1","Battle Trance","Pommel Strike","Thunderclap","Flame Barrier","Armaments+1","Disarm+1","Demon Form+1","Corruption","Shrug It Off","Whirlwind+1","Flame Barrier","Power Through","Sword Boomerang+1","Reaper","Entrench+1"],"relics":["Runic Dome","Ancient Tea Set","Bag of Preparation","Meat on the Bone","Mercury Hourglass","Velvet Choker","DollysMirror","Dream Catcher","Centennial Puzzle","Charon\u0027s Ashes","Letter Opener","Bronze Scales"],"potions_floor_usage":[11,25],"damage_taken":[{"damage":16,"enemies":"Small Slimes","floor":1,"turns":3},{"damage":0,"enemies":"Cultist","floor":2,"turns":3},{"damage":3,"enemies":"Jaw Worm","floor":5,"turns":4},{"damage":28,"enemies":"Gremlin Nob","floor":7,"turns":4},{"damage":12,"enemies":"Exordium Wildlife","floor":10,"turns":2},{"damage":20,"enemies":"Lagavulin","floor":11,"turns":6},{"damage":0,"enemies":"2 Fungi Beasts","floor":12,"turns":1},{"damage":0,"enemies":"Gremlin Gang","floor":14,"turns":3},{"damage":6,"enemies":"Hexaghost","floor":16,"turns":9},{"damage":0,"enemies":"2 Thieves","floor":18,"turns":1},{"damage":0,"enemies":"Spheric Guardian","floor":20,"turns":3},{"damage":10,"enemies":"Snecko","floor":21,"turns":4},{"damage":14,"enemies":"Centurion and Healer","floor":22,"turns":5},{"damage":6,"enemies":"Book of Stabbing","floor":25,"turns":5},{"damage":11,"enemies":"Colosseum Slavers","floor":27,"turns":5},{"damage":15,"enemies":"Colosseum Nobs","floor":27,"turns":3},{"damage":13,"enemies":"Gremlin Leader","floor":28,"turns":5},{"damage":16,"enemies":"Snake Plant","floor":31,"turns":5},{"damage":58,"enemies":"Automaton","floor":33,"turns":6}],"seed_played":"474325794520028179","potions_obtained":[{"floor":5,"key":"SteroidPotion"},{"floor":7,"key":"Strength Potion"},{"floor":16,"key":"SteroidPotion"},{"floor":25,"key":"SpeedPotion"},{"floor":27,"key":"Ancient Potion"}],"is_trial":false,"path_per_floor":["M","M","?","?","M","R","E","$","T","M","E","M","R","M","R","B",null,"M","$","M","M","M","R","?","E","T","?","E","$","?","M","R","B"],"character_chosen":"IRONCLAD","items_purchased":["Bag of Preparation","Corruption","Shrug It Off","DollysMirror"],"campfire_rested":0,"item_purchase_floors":[8,19,19,19],"current_hp_per_floor":[56,56,56,56,53,53,25,25,25,25,17,29,29,41,41,47,72,72,72,72,62,48,48,48,42,42,49,44,44,44,50,50,0],"gold":281,"neow_bonus":"BOSS_RELIC","is_prod":false,"is_daily":false,"chose_seed":false,"campfire_upgraded":5,"win_rate":0,"timestamp":1553206641,"path_taken":["M","M","?","?","?","R","E","$","T","M","E","?","R","M","R","BOSS","M","$","M","M","M","R","?","E","T","?","E","$","?","?","R","BOSS"],"build_version":"2019-01-23","purchased_purges":1,"victory":false,"max_hp_per_floor":[80,80,80,80,80,80,80,80,80,80,80,80,80,80,80,80,80,80,80,80,80,80,80,80,80,80,80,80,80,80,80,80,80],"card_choices":[{"not_picked":["Flex","Sword Boomerang"],"picked":"Whirlwind","floor":1},{"not_picked":["Pummel","Clothesline"],"picked":"Battle Trance","floor":2},{"not_picked":["Headbutt","Sword Boomerang"],"picked":"Pommel Strike","floor":5},{"not_picked":["Berserk","Reckless Charge"],"picked":"Thunderclap","floor":7},{"not_picked":["Pommel Strike","Combust"],"picked":"Flame Barrier","floor":10},{"not_picked":["Blood for Blood","Clothesline"],"picked":"Armaments","floor":11},{"not_picked":["Uppercut","Iron Wave"],"picked":"Disarm","floor":12},{"not_picked":["Wild Strike","Body Slam","Power Through"],"picked":"SKIP","floor":14},{"not_picked":["Limit Break","Exhume"],"picked":"Demon Form","floor":16},{"not_picked":["Clash","Heavy Blade","Reckless Charge"],"picked":"SKIP","floor":18},{"not_picked":["Battle Trance","Pummel"],"picked":"Flame Barrier","floor":20},{"not_picked":["Flex","Pommel Strike"],"picked":"Power Through","floor":21},{"not_picked":["Thunderclap","Reckless Charge+1"],"picked":"Sword Boomerang","floor":22},{"not_picked":["Perfected Strike+1","Rampage"],"picked":"Reaper","floor":25},{"not_picked":["Spot Weakness","Berserk","Perfected Strike"],"picked":"SKIP","floor":28},{"not_picked":["Spot Weakness","Berserk","Perfected Strike"],"picked":"SKIP","floor":28},{"not_picked":["Anger","Sword Boomerang"],"picked":"Entrench+1","floor":31}],"player_experience":660321,"relics_obtained":[{"floor":7,"key":"Ancient Tea Set"},{"floor":9,"key":"Meat on the Bone"},{"floor":11,"key":"Mercury Hourglass"},{"floor":25,"key":"Dream Catcher"},{"floor":26,"key":"Centennial Puzzle"},{"floor":27,"key":"Charon\u0027s Ashes"},{"floor":27,"key":"Letter Opener"},{"floor":28,"key":"Bronze Scales"}],"event_choices":[{"damage_healed":0,"gold_gain":0,"player_choice":"Ignored","damage_taken":0,"max_hp_gain":0,"max_hp_loss":0,"event_name":"Liars Game","floor":3,"gold_loss":0},{"damage_healed":0,"gold_gain":0,"player_choice":"Upgraded","damage_taken":0,"max_hp_gain":0,"max_hp_loss":0,"event_name":"Upgrade Shrine","floor":4,"gold_loss":0,"cards_upgraded":["Bash"]},{"damage_healed":0,"gold_gain":0,"player_choice":"Simplicity","damage_taken":0,"max_hp_gain":0,"max_hp_loss":0,"event_name":"Back to Basics","floor":24,"gold_loss":0,"cards_upgraded":["Strike_R","Strike_R","Strike_R","Strike_R","Strike_R","Defend_R","Defend_R","Defend_R","Defend_R"]},{"damage_healed":0,"gold_gain":0,"player_choice":"Fight","damage_taken":0,"max_hp_gain":0,"max_hp_loss":0,"event_name":"Colosseum","floor":27,"gold_loss":0},{"damage_healed":0,"gold_gain":0,"player_choice":"Fought Nobs","damage_taken":0,"max_hp_gain":0,"max_hp_loss":0,"event_name":"Colosseum","floor":27,"gold_loss":0},{"damage_healed":0,"gold_gain":100,"player_choice":"Pray","damage_taken":0,"max_hp_gain":0,"max_hp_loss":0,"event_name":"Golden Shrine","floor":30,"gold_loss":0}],"is_beta":false,"boss_relics":[{"not_picked":["Black Star","Ectoplasm"],"picked":"Velvet Choker"}],"items_purged_floors":[29],"is_endless":false,"potions_floor_spawned":[5,7,10,16,20,21,25,27,28,31],"killed_by":"Automaton","ascension_level":12}