{"path_per_floor":["M","M","?","M","M","R","E","$","T","E","M","R","M","$","R","B",null,"M","?","M","M","$","R","E","R","T","R","M","M","E","M","R","B",null,"M","M","M","M","?","R","E","$","T","E","?","?","M","$","R","B"],"character_chosen":"THE_SILENT","items_purchased":["Dagger Spray","Pantograph","Blur","Shuriken","Dexterity Potion","Cloak And Dagger","Caltrops"],"gold_per_floor":[119,133,133,148,159,159,184,64,364,391,402,402,412,58,58,157,157,169,84,96,111,31,31,63,63,117,117,135,147,179,196,196,294,324,344,360,380,395,448,448,480,237,309,343,343,343,357,94,94,94],"floor_reached":51,"campfire_rested":1,"playtime":8792,"current_hp_per_floor":[70,70,70,70,56,56,34,34,34,21,21,21,17,17,17,19,70,70,70,69,64,64,64,48,48,48,48,48,42,42,47,47,70,75,75,72,70,61,42,64,40,40,40,40,40,40,47,47,47,71],"items_purged":["Strike_G","Strike_G","Defend_G"],"gold":94,"score":816,"play_id":"c8960565-b433-459c-b1c2-e0327e42f54d","is_prod":false,"is_daily":false,"is_ascension_mode":true,"campfire_upgraded":8,"path_taken":["M","M","?","?","M","R","E","?","T","E","M","R","M","$","R","BOSS","M","?","M","?","?","R","E","R","T","R","M","M","E","M","R","BOSS","M","M","?","M","?","R","E","$","T","E","?","?","M","$","R","BOSS"],"build_version":"2018-02-12-PROD1","purchased_purges":5,"victory":true,"master_deck":["Defend_G","Defend_G","Defend_G","Strike_G","Strike_G+1","Survivor","Neutralize+1","Footwork+1","Predator","Sucker Punch+1","Footwork+1","Dagger Spray+1","Backflip+1","A Thousand Cuts+1","Blur+1","Acrobatics","Dodge and Roll","Blur","Tools of the Trade","Backflip+1","Footwork+1","Cloak And Dagger+1","Caltrops"],"max_hp_per_floor":[70,70,70,70,70,70,70,70,70,70,70,70,70,70,70,70,70,70,70,70,70,70,70,70,70,70,70,70,70,70,70,70,70,75,75,75,75,75,75,75,75,75,75,75,75,75,75,75,75,75],"relics":["Ring of the Snake","Whetstone","Bag of Marbles","Old Coin","Thread and Needle","Pantograph","Snecko Eye","Ancient Tea Set","Anchor","Bag of Preparation","Meat on the Bone","Tiny House","Ice Cream","Happy Flower","Shuriken","Darkstone Periapt","Omamori"],"card_choices":[{"not_picked":["Quick Slash","Sucker Punch"],"picked":"Footwork"},{"not_picked":["Dodge and Roll","Cloak And Dagger"],"picked":"Predator"},{"not_picked":["Distraction","Underhanded Strike"],"picked":"Sucker Punch"},{"not_picked":["Expertise","Catalyst"],"picked":"Footwork"},{"not_picked":["Underhanded Strike","Dagger Spray"],"picked":"Backflip"},{"not_picked":["Glass Knife","Phantasmal Killer"],"picked":"A Thousand Cuts"},{"not_picked":["Blade Dance","Poisoned Stab"],"picked":"Acrobatics"},{"not_picked":["Bane","Underhanded Strike"],"picked":"Dodge and Roll"},{"not_picked":["Eviscerate","Slice"],"picked":"Blur"},{"not_picked":["After Image","Doppelganger"],"picked":"Tools of the Trade"},{"not_picked":["Sucker Punch","Outmaneuver"],"picked":"Backflip"},{"not_picked":["Quick Slash","Blur"],"picked":"Footwork"}],"player_experience":144797,"potions_floor_usage":[7,10,16,30,31,35,38,41,47,50,50,50],"damage_taken":[{"damage":0,"enemies":"2 Louse","floor":1,"turns":4},{"damage":0,"enemies":"Blue Slaver","floor":2,"turns":5},{"damage":0,"enemies":"Cultist","floor":4,"turns":4},{"damage":14,"enemies":"Lots of Slimes","floor":5,"turns":8},{"damage":22,"enemies":"Lagavulin","floor":7,"turns":8},{"damage":13,"enemies":"Gremlin Nob","floor":10,"turns":4},{"damage":0,"enemies":"Red Slaver","floor":11,"turns":4},{"damage":4,"enemies":"Exordium Thugs","floor":13,"turns":5},{"damage":23,"enemies":"Slime Boss","floor":16,"turns":17},{"damage":0,"enemies":"3 Byrds","floor":18,"turns":6},{"damage":1,"enemies":"Spheric Guardian","floor":20,"turns":7},{"damage":5,"enemies":"Snake Plant","floor":21,"turns":4},{"damage":16,"enemies":"Slavers","floor":24,"turns":6},{"damage":0,"enemies":"Sentry and Sphere","floor":28,"turns":4},{"damage":6,"enemies":"Cultist and Chosen","floor":29,"turns":6},{"damage":0,"enemies":"Gremlin Leader","floor":30,"turns":9},{"damage":22,"enemies":"Chosen and Byrds","floor":31,"turns":9},{"damage":0,"enemies":"Collector","floor":33,"turns":16},{"damage":0,"enemies":"Orb Walker","floor":35,"turns":4},{"damage":3,"enemies":"3 Shapes","floor":36,"turns":5},{"damage":2,"enemies":"Sphere and 2 Shapes","floor":37,"turns":8},{"damage":9,"enemies":"3 Darklings","floor":38,"turns":8},{"damage":31,"enemies":"Mysterious Sphere","floor":39,"turns":7},{"damage":24,"enemies":"Nemesis","floor":41,"turns":16},{"damage":0,"enemies":"Giant Head","floor":44,"turns":13},{"damage":5,"enemies":"4 Shapes","floor":47,"turns":3},{"damage":1,"enemies":"Time Eater","floor":50,"turns":14}],"event_choices":[{"event_name":"Purifier","player_choice":"One Purge","floor":3,"damage_taken":0},{"event_name":"Addict","player_choice":"Obtained Relic","floor":19,"damage_taken":0},{"event_name":"Mysterious Sphere","player_choice":"Fight","floor":39,"damage_taken":0},{"event_name":"Tomb of Lord Red Mask","player_choice":"Ignored","floor":46,"damage_taken":0}],"boss_relics":[{"not_picked":["Sozu","Orrery"],"picked":"Snecko Eye"},{"not_picked":["White Beast Statue","Runic Pyramid"],"picked":"Tiny House"}],"potions_floor_spawned":[5,7,10,21,24,28,31,35,37,41,47],"seed_played":"-7925701378348505439","ascension_level":4,"is_trial":false}