{"gold_per_floor":[115,115,115,15,32,57,57,72,72,83,14,14,31,31,31,126,126,141,152,152,17,17,17],"floor_reached":23,"playtime":1383,"items_purged":["Defend_G","Defend_G"],"score":267,"play_id":"0caef480-3ffa-424e-87d6-d165332545aa","local_time":"20190805153101","is_ascension_mode":true,"campfire_choices":[{"data":"Envenom","floor":7,"key":"SMITH"},{"data":"Footwork","floor":12,"key":"SMITH"},{"data":"Cloak And Dagger","floor":15,"key":"SMITH"}],"neow_cost":"NONE","seed_source_timestamp":1256461001747,"circlet_count":0,"master_deck":["Strike_G","Strike_G","Strike_G","Defend_G","Defend_G","Survivor","Neutralize","Cloak And Dagger+1","Backflip","Prepared","Envenom+1","Escape Plan","Blade Dance","Footwork+1","Reflex","Tools of the Trade","Backstab+1","Footwork","Well Laid Plans"],"relics":["Ring of the Snake","NeowsBlessing","Sundial","Spirit Poop","Darkstone Periapt","Vajra","Empty Cage","Nilry\u0027s Codex"],"potions_floor_usage":[22,23],"damage_taken":[{"damage":0,"enemies":"Small Slimes","floor":1,"turns":1},{"damage":0,"enemies":"Cultist","floor":5,"turns":1},{"damage":0,"enemies":"3 Sentries","floor":6,"turns":1},{"damage":6,"enemies":"2 Louse","floor":8,"turns":3},{"damage":6,"enemies":"Red Slaver","floor":10,"turns":5},{"damage":0,"enemies":"Blue Slaver","floor":13,"turns":4},{"damage":15,"enemies":"The Guardian","floor":16,"turns":12},{"damage":7,"enemies":"3 Byrds","floor":18,"turns":6},{"damage":8,"enemies":"Spheric Guardian","floor":19,"turns":6},{"damage":47,"enemies":"Slavers","floor":23,"turns":6}],"seed_played":"5369327422454784123","potions_obtained":[{"floor":5,"key":"SpeedPotion"},{"floor":8,"key":"FairyPotion"},{"floor":13,"key":"FearPotion"},{"floor":22,"key":"Fruit Juice"}],"is_trial":false,"path_per_floor":["M","?","?","$","M","E","R","M","T","M","$","R","M","?","R","B",null,"M","M","?","$","?","E"],"character_chosen":"THE_SILENT","items_purchased":["Backflip","Footwork","Well Laid Plans"],"campfire_rested":0,"item_purchase_floors":[4,11,21],"current_hp_per_floor":[70,70,70,70,70,70,70,64,64,58,58,58,58,58,58,43,63,56,48,32,32,37,0],"gold":17,"neow_bonus":"THREE_ENEMY_KILL","is_prod":false,"is_daily":false,"chose_seed":false,"campfire_upgraded":3,"win_rate":0,"timestamp":1565008261,"path_taken":["M","?","?","$","?","E","R","M","T","M","$","R","M","?","R","BOSS","M","M","?","$","?","E"],"build_version":"2019-07-17","purchased_purges":2,"victory":false,"max_hp_per_floor":[70,70,70,70,70,70,70,70,70,70,70,70,70,70,70,70,70,70,70,70,70,75,75],"card_choices":[{"not_picked":["Poisoned Stab","Endless Agony"],"picked":"Cloak And Dagger","floor":1},{"not_picked":["Endless Agony","Backflip"],"picked":"Prepared","floor":5},{"not_picked":["Flying Knee","Dagger Throw"],"picked":"Envenom","floor":6},{"not_picked":["Dagger Spray","Concentrate"],"picked":"Escape Plan","floor":8},{"not_picked":["Reflex","Well Laid Plans"],"picked":"Blade Dance","floor":10},{"not_picked":["Sucker Punch","Poisoned Stab"],"picked":"Reflex","floor":13},{"not_picked":["Die Die Die","Doppelganger"],"picked":"Tools of the Trade","floor":16},{"not_picked":["Reflex","Predator"],"picked":"Backstab+1","floor":18},{"not_picked":["Eviscerate","Dagger Spray"],"picked":"Footwork","floor":19}],"player_experience":164237,"relics_obtained":[{"floor":6,"key":"Darkstone Periapt"},{"floor":9,"key":"Vajra"},{"floor":20,"key":"Nilry\u0027s Codex"}],"event_choices":[{"damage_healed":0,"gold_gain":0,"player_choice":"Box","damage_taken":0,"relics_obtained":["Sundial"],"max_hp_gain":0,"max_hp_loss":0,"event_name":"Big Fish","floor":2,"gold_loss":0,"cards_obtained":["Regret"]},{"cards_removed":["Regret"],"damage_healed":0,"gold_gain":0,"player_choice":"Offered Curse","damage_taken":0,"relics_obtained":["Spirit Poop"],"max_hp_gain":0,"max_hp_loss":0,"event_name":"Bonfire Elementals","floor":3,"gold_loss":0},{"cards_removed":["Strike_G"],"damage_healed":0,"gold_gain":0,"player_choice":"Purged","damage_taken":0,"max_hp_gain":0,"max_hp_loss":0,"event_name":"Purifier","floor":14,"gold_loss":0},{"damage_healed":0,"gold_gain":0,"player_choice":"Obtained Book","damage_taken":16,"max_hp_gain":0,"max_hp_loss":0,"event_name":"Cursed Tome","floor":20,"gold_loss":0},{"damage_healed":0,"gold_gain":0,"player_choice":"Got Potions","damage_taken":0,"max_hp_gain":0,"max_hp_loss":0,"event_name":"Lab","floor":22,"gold_loss":0}],"is_beta":false,"boss_relics":[{"not_picked":["Tiny House","Orrery"],"picked":"Empty Cage"}],"items_purged_floors":[4,21],"is_endless":false,"potions_floor_spawned":[5,8,13],"killed_by":"Slavers","ascension_level":5}