{"gold_per_floor":[112,123,123,123,71,71,110,122,134,189,201,253,215,243,255,388,400,432,444,476,488,515,527,579,609,621,633,680,708,720,759,771,906,918,950,981,1326,402,502,537,537,557,612,612,612,627,627,642,642,642],"floor_reached":51,"playtime":3627,"items_purged":["Strike_B+1"],"score":808,"play_id":"32e3a5a5-133e-45a0-9e0e-d9016d1dc4cc","local_time":"20190815144152","is_ascension_mode":true,"campfire_choices":[{"floor":6,"key":"REST"},{"data":"Go for the Eyes","floor":8,"key":"SMITH"},{"floor":11,"key":"REST"},{"floor":15,"key":"REST"},{"data":"White Noise","floor":23,"key":"SMITH"},{"floor":30,"key":"REST"},{"floor":32,"key":"REST"},{"floor":41,"key":"REST"},{"floor":45,"key":"REST"},{"floor":47,"key":"REST"},{"floor":49,"key":"REST"}],"neow_cost":"NONE","seed_source_timestamp":626266983020433,"circlet_count":0,"master_deck":["Defend_B+1","Defend_B+1","Defend_B+1","Defend_B+1","Zap+1","Dualcast","Go for the Eyes+1","Beam Cell","Coolheaded","Conserve Battery","Sunder","Glacier","Barrage","Compile Driver","White Noise+1","Ball Lightning","Seek","Glacier","Machine Learning","Cold Snap+1","FTL+1","Magnetism","Capacitor","Gash+1","Go for the Eyes+1","Parasite"],"relics":["Cracked Core","MawBank","Sundial","Pen Nib","Calipers","White Beast Statue","Pocketwatch","Centennial Puzzle","Dodecahedron","Ancient Tea Set","Empty Cage","Sling","Molten Egg 2","Toxic Egg 2","StoneCalendar","Bag of Marbles","Potion Belt"],"potions_floor_usage":[22,24,28,33,33,36,40,40,50,50,50,50,50],"damage_taken":[{"damage":7,"enemies":"2 Louse","floor":1,"turns":3},{"damage":2,"enemies":"Jaw Worm","floor":2,"turns":3},{"damage":19,"enemies":"3 Sentries","floor":7,"turns":7},{"damage":18,"enemies":"Gremlin Nob","floor":10,"turns":5},{"damage":9,"enemies":"Lagavulin","floor":12,"turns":5},{"damage":2,"enemies":"Cultist","floor":14,"turns":3},{"damage":32,"enemies":"Hexaghost","floor":16,"turns":13},{"damage":7,"enemies":"3 Byrds","floor":18,"turns":5},{"damage":9,"enemies":"Chosen","floor":20,"turns":5},{"damage":8,"enemies":"Centurion and Healer","floor":22,"turns":7},{"damage":6,"enemies":"Gremlin Leader","floor":24,"turns":9},{"damage":23,"enemies":"Sentry and Sphere","floor":25,"turns":5},{"damage":16,"enemies":"Book of Stabbing","floor":28,"turns":5},{"damage":0,"enemies":"Snecko","floor":29,"turns":4},{"damage":17,"enemies":"Automaton","floor":33,"turns":10},{"damage":12,"enemies":"3 Shapes","floor":35,"turns":5},{"damage":30,"enemies":"3 Darklings","floor":36,"turns":7},{"damage":1,"enemies":"Mind Bloom Boss Battle","floor":39,"turns":8},{"damage":7,"enemies":"Nemesis","floor":40,"turns":7},{"damage":20,"enemies":"Sphere and 2 Shapes","floor":42,"turns":5},{"damage":13,"enemies":"Writhing Mass","floor":46,"turns":8},{"damage":19,"enemies":"3 Darklings","floor":48,"turns":6},{"damage":45,"enemies":"Awakened One","floor":50,"turns":20}],"seed_played":"6562258109024750529","potions_obtained":[{"floor":2,"key":"GamblersBrew"},{"floor":12,"key":"EssenceOfSteel"},{"floor":16,"key":"EssenceOfSteel"},{"floor":20,"key":"FocusPotion"},{"floor":22,"key":"GamblersBrew"},{"floor":24,"key":"PowerPotion"},{"floor":25,"key":"SteroidPotion"},{"floor":28,"key":"FocusPotion"},{"floor":33,"key":"Energy Potion"},{"floor":35,"key":"LiquidBronze"},{"floor":36,"key":"PowerPotion"},{"floor":40,"key":"SkillPotion"},{"floor":42,"key":"Poison Potion"},{"floor":46,"key":"FearPotion"},{"floor":48,"key":"AttackPotion"}],"is_trial":false,"path_per_floor":["M","M","?","?","$","R","E","R","T","E","R","E","?","M","R","B",null,"M","?","M","?","M","R","E","M","T","$","E","M","R","T","R","B",null,"M","M","?","$","?","E","R","M","T","?","R","M","R","M","R","B",null],"character_chosen":"DEFECT","items_purchased":["Coolheaded","Sling","Molten Egg 2","Toxic Egg 2","Magnetism"],"campfire_rested":9,"item_purchase_floors":[5,38,38,38,38],"current_hp_per_floor":[68,66,66,48,48,70,51,51,51,33,55,46,46,44,66,34,75,68,68,59,75,67,67,61,38,38,38,22,22,44,44,66,49,75,63,33,33,33,32,25,47,27,27,27,49,36,58,39,61,16],"gold":642,"neow_bonus":"UPGRADE_CARD","is_prod":false,"is_daily":false,"chose_seed":false,"campfire_upgraded":2,"win_rate":0,"timestamp":1565872912,"path_taken":["M","M","?","?","$","R","E","R","T","E","R","E","?","M","R","BOSS","M","?","M","?","M","R","E","?","T","$","E","M","R","?","R","BOSS","M","M","?","$","?","E","R","M","T","?","R","M","R","M","R","BOSS"],"build_version":"2019-07-17","purchased_purges":1,"victory":true,"max_hp_per_floor":[75,75,75,75,75,75,75,75,75,75,75,75,75,75,75,75,75,75,75,75,75,75,75,75,75,75,75,75,75,75,75,75,75,75,75,75,75,75,75,75,75,75,75,75,75,75,75,75,75,75],"card_choices":[{"not_picked":["Steam","Turbo"],"picked":"Rebound","floor":1},{"not_picked":["Ball Lightning","Capacitor"],"picked":"Go for the Eyes","floor":2},{"not_picked":["Turbo","Chill"],"picked":"Conserve Battery","floor":7},{"not_picked":["Multi-Cast","Consume"],"picked":"Sunder","floor":10},{"not_picked":["Compile Driver","Barrage"],"picked":"Glacier","floor":12},{"not_picked":["Sweeping Beam","Redo"],"picked":"Barrage","floor":14},{"not_picked":["Multi-Cast","Rainbow"],"picked":"Machine Learning","floor":16},{"not_picked":["Heatsinks","Scrape"],"picked":"Compile Driver","floor":18},{"not_picked":["Heatsinks+1","Hello World"],"picked":"Rip and Tear","floor":20},{"not_picked":["Consume","Ball Lightning"],"picked":"White Noise","floor":22},{"not_picked":["Go for the Eyes","Heatsinks+1"],"picked":"Ball Lightning","floor":24},{"not_picked":["Ball Lightning","Sweeping Beam"],"picked":"Seek","floor":25},{"not_picked":["Stack","Force Field"],"picked":"Glacier","floor":28},{"not_picked":["Go for the Eyes","Steam+1","Stack"],"picked":"SKIP","floor":29},{"not_picked":["Buffer","Multi-Cast"],"picked":"Machine Learning","floor":33},{"not_picked":["Conserve Battery+1","Heatsinks+1"],"picked":"Cold Snap+1","floor":35},{"not_picked":["Rebound+1","Sweeping Beam+1"],"picked":"FTL+1","floor":36},{"not_picked":["Steam+1","Consume+1"],"picked":"Capacitor","floor":39},{"not_picked":["Reprogram+1","Beam Cell+1"],"picked":"Gash+1","floor":40},{"not_picked":["Sweeping Beam+1","Reinforced Body+1"],"picked":"Go for the Eyes+1","floor":42},{"not_picked":["Stack+1","Rip and Tear+1","Hologram+1"],"picked":"SKIP","floor":46},{"not_picked":["Reinforced Body+1","Beam Cell+1","Heatsinks"],"picked":"SKIP","floor":48}],"player_experience":102762,"relics_obtained":[{"floor":7,"key":"MawBank"},{"floor":9,"key":"Sundial"},{"floor":10,"key":"Pen Nib"},{"floor":12,"key":"Calipers"},{"floor":24,"key":"Pocketwatch"},{"floor":26,"key":"Centennial Puzzle"},{"floor":28,"key":"Dodecahedron"},{"floor":31,"key":"Ancient Tea Set"},{"floor":39,"key":"StoneCalendar"},{"floor":40,"key":"Bag of Marbles"},{"floor":43,"key":"Potion Belt"}],"event_choices":[{"damage_healed":0,"gold_gain":0,"cards_transformed":["Strike_B"],"player_choice":"Change","damage_taken":0,"max_hp_gain":0,"max_hp_loss":0,"event_name":"Living Wall","floor":3,"gold_loss":0,"cards_obtained":["Beam Cell"]},{"damage_healed":0,"gold_gain":0,"player_choice":"Take Damage","damage_taken":18,"relics_obtained":["Golden Idol"],"max_hp_gain":0,"max_hp_loss":0,"event_name":"Golden Idol","floor":4,"gold_loss":0},{"cards_removed":["Strike_B"],"damage_healed":0,"gold_gain":0,"player_choice":"Card Removal","damage_taken":0,"max_hp_gain":0,"max_hp_loss":0,"event_name":"The Cleric","floor":13,"gold_loss":50},{"damage_healed":0,"gold_gain":0,"player_choice":"Simplicity","damage_taken":0,"max_hp_gain":0,"max_hp_loss":0,"event_name":"Back to Basics","floor":19,"gold_loss":0,"cards_upgraded":["Strike_B","Strike_B","Defend_B","Defend_B","Defend_B","Defend_B"]},{"cards_removed":["Rip and Tear"],"damage_healed":16,"gold_gain":0,"player_choice":"Offered Uncommon","damage_taken":0,"max_hp_gain":0,"max_hp_loss":0,"event_name":"Bonfire Elementals","floor":21,"gold_loss":0},{"damage_healed":0,"gold_gain":333,"player_choice":"Gave Idol","damage_taken":0,"max_hp_gain":0,"max_hp_loss":0,"event_name":"The Moai Head","floor":37,"relics_lost":["Golden Idol"],"gold_loss":0},{"damage_healed":0,"gold_gain":0,"player_choice":"Fight","damage_taken":0,"max_hp_gain":0,"max_hp_loss":0,"event_name":"MindBloom","floor":39,"gold_loss":0},{"cards_removed":["Machine Learning"],"damage_healed":0,"gold_gain":0,"player_choice":"Removed Power","damage_taken":0,"max_hp_gain":0,"max_hp_loss":0,"event_name":"Falling","floor":44,"gold_loss":0}],"is_beta":false,"boss_relics":[{"not_picked":["Eternal Feather","Busted Crown"],"picked":"White Beast Statue"},{"not_picked":["Runic Dome","Nuclear Battery"],"picked":"Empty Cage"}],"items_purged_floors":[38],"is_endless":false,"potions_floor_spawned":[2,12,16,18,20,22,24,25,28,29,33,35,36,39,40,42,46,48],"ascension_level":3}