{"gold_per_floor":[14,14,14,31,31,31,48,48,78,107,107,123,152,167,167,242,242,255,255,305,16,36,36,36,68,94,110,110,135,164,164,164,237,237,255,255,255,269,283,317,539,570,638,638,654,672,672,206,206,206,206,206,206,72,99,99],"floor_reached":57,"playtime":8783,"items_purged":["Self Repair"],"score":2812,"play_id":"0eaf9493-8b7e-4c2a-873d-da2538effeb9","local_time":"20190428165632","is_ascension_mode":true,"campfire_choices":[{"data":"Streamline","floor":6.0,"key":"SMITH"},{"data":"Beam Cell","floor":8.0,"key":"SMITH"},{"data":"Consume","floor":11.0,"key":"SMITH"},{"data":"Zap","floor":15.0,"key":"SMITH"},{"floor":23.0,"key":"RECALL"},{"floor":32.0,"key":"REST"},{"floor":44.0,"key":"REST"},{"floor":47.0,"key":"REST"},{"floor":49.0,"key":"REST"},{"floor":53.0,"key":"REST"}],"neow_cost":"NO_GOLD","seed_source_timestamp":0,"circlet_count":0,"master_deck":["AscendersBane","Defend_B","Defend_B","Defend_B","Defend_B","Zap+1","Dualcast+1","Steam","Streamline+1","Consume+1","White Noise","Rainbow","Glacier","Echo Form","Genetic Algorithm","Loop","White Noise","Ball Lightning+1","Sweeping Beam+1","Seek","Electrodynamics","Ghostly","Ghostly+1","Ghostly","Fusion+1","Biased Cognition","Defragment","Stack","Storm+1"],"special_seed":0,"relics":["Cracked Core","Tiny Chest","Cables","Pantograph","Fusion Hammer","Oddly Smooth Stone","Singing Bowl","DataDisk","Bag of Marbles","Boot","Red Mask","Runic Pyramid","Question Card","Shuriken","War Paint","ClockworkSouvenir","Whetstone"],"potions_floor_usage":[56,56],"damage_taken":[{"damage":5.0,"enemies":"Small Slimes","floor":1.0,"turns":3.0},{"damage":0.0,"enemies":"Cultist","floor":4.0,"turns":4.0},{"damage":0.0,"enemies":"2 Louse","floor":7.0,"turns":2.0},{"damage":8.0,"enemies":"Gremlin Nob","floor":10.0,"turns":3.0},{"damage":1.0,"enemies":"Looter","floor":12.0,"turns":2.0},{"damage":29.0,"enemies":"3 Sentries","floor":13.0,"turns":6.0},{"damage":6.0,"enemies":"Exordium Wildlife","floor":14.0,"turns":3.0},{"damage":63.0,"enemies":"Hexaghost","floor":16.0,"turns":10.0},{"damage":14.0,"enemies":"Shell Parasite","floor":18.0,"turns":5.0},{"damage":1.0,"enemies":"Spheric Guardian","floor":22.0,"turns":4.0},{"damage":0.0,"enemies":"Gremlin Leader","floor":25.0,"turns":5.0},{"damage":6.0,"enemies":"3 Cultists","floor":27.0,"turns":7.0},{"damage":3.0,"enemies":"Slavers","floor":29.0,"turns":5.0},{"damage":10.0,"enemies":"Masked Bandits","floor":30.0,"turns":4.0},{"damage":9.0,"enemies":"Automaton","floor":33.0,"turns":7.0},{"damage":0.0,"enemies":"3 Darklings","floor":35.0,"turns":2.0},{"damage":0.0,"enemies":"Orb Walker","floor":38.0,"turns":4.0},{"damage":1.0,"enemies":"Maw","floor":39.0,"turns":6.0},{"damage":0.0,"enemies":"Giant Head","floor":40.0,"turns":9.0},{"damage":41.0,"enemies":"Reptomancer","floor":42.0,"turns":5.0},{"damage":2.0,"enemies":"Writhing Mass","floor":45.0,"turns":6.0},{"damage":3.0,"enemies":"4 Shapes","floor":46.0,"turns":3.0},{"damage":32.0,"enemies":"Donu and Deca","floor":50.0,"turns":8.0},{"damage":37.0,"enemies":"Awakened One","floor":51.0,"turns":15.0},{"damage":50.0,"enemies":"Shield and Spear","floor":55.0,"turns":8.0},{"damage":29,"enemies":"The Heart","floor":56,"turns":9}],"seed_played":"-872590219026616997","potions_obtained":[{"floor":1.0,"key":"SkillPotion"},{"floor":7.0,"key":"PowerPotion"},{"floor":13.0,"key":"Ancient Potion"},{"floor":22.0,"key":"Fire Potion"},{"floor":27.0,"key":"SkillPotion"},{"floor":29.0,"key":"SneckoOil"},{"floor":33.0,"key":"LiquidBronze"}],"is_trial":false,"path_per_floor":["M","?","$","M","?","R","M","R","T","E","R","M","E","M","R","B",null,"M","?","T","$","M","R","$","E","T","M","?","E","?","?","R","B",null,"M","?","?","M","M","E","?","E","T","R","M","M","R","$","R","B","B",null,"R","$","E","B",null],"character_chosen":"DEFECT","items_purchased":["Ball Lightning","Singing Bowl","War Paint","Defragment","ClockworkSouvenir","Stack"],"campfire_rested":5,"item_purchase_floors":[21,21,48,48,48,54],"current_hp_per_floor":[73,73,73,73,73,73,73,73,73,65,65,71,49,50,50,19,69,69,69,69,69,75,75,75,82,82,87,62,59,58,47,47,49,49,51,51,51,51,53,55,55,28,28,44,51,57,59,59,59,41,29,52,59,59,9,5],"gold":99,"neow_bonus":"TWENTY_PERCENT_HP_BONUS","is_prod":false,"is_daily":false,"chose_seed":false,"campfire_upgraded":4,"win_rate":0,"timestamp":1556466992,"path_taken":["M","?","?","?","?","R","M","R","T","E","R","M","E","M","R","BOSS","M","?","?","$","?","R","?","E","T","?","?","E","?","?","R","BOSS","M","?","?","?","M","E","?","E","T","R","M","M","R","$","R","BOSS","BOSS","R","$","E","BOSS"],"build_version":"2019-01-23","purchased_purges":1,"victory":true,"max_hp_per_floor":[85,85,85,85,85,85,85,85,85,85,85,85,85,85,85,85,85,85,85,85,85,85,85,85,85,85,87,92,92,94,47,47,49,49,51,51,51,51,53,55,55,55,55,55,57,59,59,59,59,59,59,59,59,59,59,59],"card_choices":[{"not_picked":["Reinforced Body","Leap"],"picked":"Steam","floor":1.0},{"not_picked":["Hologram","Conserve Battery"],"picked":"Streamline","floor":4.0},{"not_picked":["Scrape","Steam Power"],"picked":"Self Repair","floor":7.0},{"not_picked":["FTL","Conserve Battery"],"picked":"Consume","floor":10.0},{"not_picked":["Redo","Chaos"],"picked":"White Noise","floor":12.0},{"not_picked":["Force Field","Double Energy"],"picked":"Rainbow","floor":13.0},{"not_picked":["Rebound","Storm"],"picked":"Glacier","floor":14.0},{"not_picked":["Meteor Strike","Thunder Strike"],"picked":"Echo Form","floor":16.0},{"not_picked":["Leap","Redo"],"picked":"Genetic Algorithm","floor":18.0},{"not_picked":["Go for the Eyes","Ball Lightning"],"picked":"Sweeping Beam+1","floor":22.0},{"not_picked":["Conserve Battery","Go for the Eyes"],"picked":"Seek","floor":25.0},{"not_picked":["Coolheaded","Rebound","Consume+1"],"picked":"Singing Bowl","floor":27.0},{"not_picked":["Scrape","Recycle"],"picked":"Electrodynamics","floor":29.0},{"not_picked":["Turbo","Hologram","Ball Lightning"],"picked":"Singing Bowl","floor":30.0},{"not_picked":["Thunder Strike","Creative AI","Reboot"],"picked":"Singing Bowl","floor":33.0},{"not_picked":["Barrage+1","Cold Snap+1","Rebound"],"picked":"Singing Bowl","floor":35.0},{"not_picked":["Coolheaded","Force Field"],"picked":"Fusion+1","floor":38.0},{"not_picked":["Undo","Hello World","Leap"],"picked":"Singing Bowl","floor":39.0},{"not_picked":["Stack+1","Heatsinks","Barrage"],"picked":"Singing Bowl","floor":40.0},{"not_picked":["Coolheaded","Leap","Electrodynamics"],"picked":"Biased Cognition","floor":42.0},{"not_picked":["Gash+1","Redo","Consume+1","Heatsinks+1"],"picked":"Singing Bowl","floor":45.0},{"not_picked":["Turbo","Barrage+1","Rebound+1","Aggregate"],"picked":"Singing Bowl","floor":46.0},{"not_picked":["Heatsinks","Reboot","Stack+1"],"picked":"Storm+1","floor":55.0}],"player_experience":897136,"relics_obtained":[{"floor":9.0,"key":"Tiny Chest"},{"floor":10.0,"key":"Cables"},{"floor":13.0,"key":"Pantograph"},{"floor":20.0,"key":"Oddly Smooth Stone"},{"floor":25.0,"key":"DataDisk"},{"floor":26.0,"key":"Bag of Marbles"},{"floor":29.0,"key":"Boot"},{"floor":30.0,"key":"Red Mask"},{"floor":40.0,"key":"Question Card"},{"floor":42.0,"key":"Shuriken"},{"floor":55.0,"key":"Whetstone"}],"event_choices":[{"cards_removed":["Strike_B"],"damage_healed":0.0,"max_hp_gain":0.0,"max_hp_loss":0.0,"gold_gain":0.0,"event_name":"Bonfire Elementals","player_choice":"Offered Basic","floor":2.0,"gold_loss":0.0,"damage_taken":0.0},{"damage_healed":0.0,"max_hp_gain":0.0,"max_hp_loss":0.0,"gold_gain":0.0,"cards_transformed":["Strike_B"],"event_name":"Living Wall","player_choice":"Change","floor":5.0,"gold_loss":0.0,"damage_taken":0.0,"cards_obtained":["Beam Cell"]},{"damage_healed":0.0,"max_hp_gain":0.0,"max_hp_loss":0.0,"gold_gain":0.0,"cards_transformed":["Strike_B","Strike_B"],"event_name":"Drug Dealer","player_choice":"Became Test Subject","floor":19.0,"gold_loss":0.0,"damage_taken":0.0,"cards_obtained":["Loop","White Noise"]},{"damage_healed":0.0,"max_hp_gain":5.0,"max_hp_loss":0.0,"gold_gain":0.0,"event_name":"Forgotten Altar","player_choice":"Shed Blood","floor":28.0,"gold_loss":0.0,"damage_taken":30.0},{"damage_healed":0.0,"max_hp_gain":0.0,"max_hp_loss":0.0,"gold_gain":0.0,"event_name":"Masked Bandits","player_choice":"Fought Bandits","floor":30.0,"gold_loss":0.0,"damage_taken":0.0},{"damage_healed":0.0,"max_hp_gain":0.0,"max_hp_loss":47.0,"gold_gain":0.0,"event_name":"Ghosts","player_choice":"Became a Ghost","floor":31.0,"gold_loss":0.0,"damage_taken":0.0,"cards_obtained":["Ghostly","Ghostly","Ghostly"]},{"cards_removed":["Beam Cell"],"damage_healed":0.0,"max_hp_gain":0.0,"max_hp_loss":0.0,"gold_gain":0.0,"event_name":"Falling","player_choice":"Removed Attack","floor":36.0,"gold_loss":0.0,"damage_taken":0.0},{"damage_healed":0.0,"max_hp_gain":0.0,"max_hp_loss":0.0,"gold_gain":0.0,"event_name":"SecretPortal","player_choice":"Ignored","floor":37.0,"gold_loss":0.0,"damage_taken":0.0},{"damage_healed":0.0,"max_hp_gain":0.0,"max_hp_loss":0.0,"gold_gain":222.0,"event_name":"Tomb of Lord Red Mask","player_choice":"Wore Mask","floor":41.0,"gold_loss":0.0,"damage_taken":0.0}],"is_beta":false,"boss_relics":[{"not_picked":["Coffee Dripper","Busted Crown"],"picked":"Fusion Hammer"},{"not_picked":["Eternal Feather","Pandora\u0027s Box"],"picked":"Runic Pyramid"}],"items_purged_floors":[54],"is_endless":false,"potions_floor_spawned":[1,7,13,14,22,27,29,33,38,39,40],"ascension_level":20}