{"gold_per_floor":[115,134,147,160,50,108,108,121,144,144,158,183,183,203,203,324,324,339,352,28,42,66,66,79,123,150,250,250,274,274,290,290,290],"floor_reached":33,"playtime":3474,"items_purged":["Strike_R"],"score":460,"play_id":"69348c6f-15f4-4eae-b734-1319bebf8cb5","local_time":"20190309092333","is_ascension_mode":true,"campfire_choices":[{"data":"Spot Weakness","floor":7,"key":"SMITH"},{"data":"Bash","floor":10,"key":"SMITH"},{"floor":15,"key":"REST"},{"data":"Double Tap","floor":23,"key":"SMITH"},{"data":"Limit Break","floor":28,"key":"SMITH"},{"data":"Shrug It Off","floor":30,"key":"SMITH"},{"data":"Heavy Blade","floor":32,"key":"SMITH"}],"neow_cost":"NONE","seed_source_timestamp":40577137501182,"circlet_count":0,"master_deck":["Strike_R","Strike_R","Strike_R","Strike_R","Defend_R","Defend_R","Defend_R","Defend_R","Bash+1","Feed","Spot Weakness+1","Heavy Blade+1","Flex","Sword Boomerang","Rage","Disarm","Whirlwind","Double Tap+1","Feel No Pain","Sentinel","Limit Break+1","Clothesline","Shrug It Off+1","True Grit","Spot Weakness","True Grit+1","Pummel","Pommel Strike"],"relics":["Burning Blood","Tiny Chest","Anchor","Juzu Bracelet","Golden Idol","Velvet Choker","Meat on the Bone","Strawberry","Vajra"],"potions_floor_usage":[4,12,16,16,25,31,33,33],"damage_taken":[{"damage":11,"enemies":"Cultist","floor":1,"turns":4},{"damage":10,"enemies":"Small Slimes","floor":2,"turns":3},{"damage":8,"enemies":"2 Louse","floor":3,"turns":5},{"damage":16,"enemies":"Exordium Thugs","floor":4,"turns":4},{"damage":32,"enemies":"Gremlin Nob","floor":6,"turns":4},{"damage":23,"enemies":"Blue Slaver","floor":8,"turns":6},{"damage":1,"enemies":"3 Louse","floor":11,"turns":4},{"damage":29,"enemies":"3 Sentries","floor":12,"turns":8},{"damage":14,"enemies":"Lots of Slimes","floor":14,"turns":7},{"damage":48,"enemies":"The Guardian","floor":16,"turns":11},{"damage":14,"enemies":"Shell Parasite","floor":18,"turns":7},{"damage":0,"enemies":"Chosen","floor":19,"turns":3},{"damage":17,"enemies":"Centurion and Healer","floor":21,"turns":8},{"damage":8,"enemies":"Snake Plant","floor":22,"turns":2},{"damage":58,"enemies":"3 Cultists","floor":24,"turns":6},{"damage":15,"enemies":"Book of Stabbing","floor":25,"turns":5},{"damage":26,"enemies":"Chosen and Byrds","floor":29,"turns":6},{"damage":0,"enemies":"Snake Plant","floor":31,"turns":2},{"damage":66,"enemies":"Automaton","floor":33,"turns":8}],"seed_played":"574774192930127555","potions_obtained":[{"floor":1,"key":"BloodPotion"},{"floor":2,"key":"SteroidPotion"},{"floor":8,"key":"Dexterity Potion"},{"floor":11,"key":"Regen Potion"},{"floor":12,"key":"LiquidBronze"},{"floor":19,"key":"GamblersBrew"},{"floor":21,"key":"SmokeBomb"},{"floor":24,"key":"FearPotion"},{"floor":31,"key":"Regen Potion"}],"is_trial":false,"path_per_floor":["M","M","M","M","$","E","R","M","T","R","M","E","?","M","R","B",null,"M","M","$","M","M","R","M","E","T","?","R","M","R","M","R","B"],"character_chosen":"IRONCLAD","items_purchased":["Rage","Shrug It Off","True Grit","Meat on the Bone"],"campfire_rested":1,"item_purchase_floors":[5,20,20,20],"current_hp_per_floor":[70,69,70,60,60,34,34,20,20,20,28,20,20,15,42,12,74,66,75,75,67,65,65,28,38,38,38,38,30,30,48,48,0],"gold":290,"neow_bonus":"ONE_RANDOM_RARE_CARD","is_prod":false,"is_daily":false,"chose_seed":false,"campfire_upgraded":6,"win_rate":0,"timestamp":1552123413,"path_taken":["M","M","M","?","$","E","R","M","T","R","M","E","?","M","R","BOSS","M","M","$","M","M","R","M","E","T","?","R","M","R","M","R","BOSS"],"build_version":"2019-01-23","purchased_purges":1,"victory":false,"max_hp_per_floor":[83,86,89,89,89,89,89,92,92,92,95,95,88,91,91,94,94,94,97,97,100,100,100,103,110,110,110,110,110,110,110,110,110],"card_choices":[{"not_picked":["Corruption","Clothesline"],"picked":"Spot Weakness","floor":1},{"not_picked":["Twin Strike","Headbutt"],"picked":"Heavy Blade","floor":2},{"not_picked":["Combust","Fire Breathing"],"picked":"Flex","floor":3},{"not_picked":["Sever Soul","Rampage"],"picked":"Sword Boomerang","floor":4},{"not_picked":["Cleave","Blood for Blood"],"picked":"Disarm","floor":6},{"not_picked":["Disarm","Perfected Strike"],"picked":"Whirlwind","floor":8},{"not_picked":["Shrug It Off","Wild Strike"],"picked":"Double Tap","floor":11},{"not_picked":["Warcry","Dropkick"],"picked":"Feel No Pain","floor":12},{"not_picked":["Cleave","Flex"],"picked":"Sentinel","floor":14},{"not_picked":["Reaper","Barricade"],"picked":"Limit Break","floor":16},{"not_picked":["Perfected Strike","Pommel Strike"],"picked":"Clothesline","floor":18},{"not_picked":["Seeing Red","Rupture","Sever Soul+1"],"picked":"SKIP","floor":19},{"not_picked":["Feel No Pain","Blood for Blood"],"picked":"Spot Weakness","floor":21},{"not_picked":["Clothesline","Sever Soul","Anger"],"picked":"SKIP","floor":22},{"not_picked":["Dual Wield","Intimidate"],"picked":"True Grit+1","floor":24},{"not_picked":["Seeing Red+1","Shrug It Off"],"picked":"Pummel","floor":25},{"not_picked":["Sentinel","Anger+1","Rampage"],"picked":"SKIP","floor":29},{"not_picked":["Clothesline+1","Heavy Blade"],"picked":"Pommel Strike","floor":31}],"player_experience":581615,"relics_obtained":[{"floor":6,"key":"Tiny Chest"},{"floor":9,"key":"Anchor"},{"floor":12,"key":"Juzu Bracelet"},{"floor":25,"key":"Strawberry"},{"floor":26,"key":"Vajra"}],"event_choices":[{"damage_healed":0,"gold_gain":0,"player_choice":"Lose Max HP","damage_taken":0,"relics_obtained":["Golden Idol"],"max_hp_gain":0,"max_hp_loss":7,"event_name":"Golden Idol","floor":13,"gold_loss":0},{"damage_healed":0,"gold_gain":100,"player_choice":"Pray","damage_taken":0,"max_hp_gain":0,"max_hp_loss":0,"event_name":"Golden Shrine","floor":27,"gold_loss":0}],"is_beta":false,"boss_relics":[{"not_picked":["Empty Cage","Pandora\u0027s Box"],"picked":"Velvet Choker"}],"items_purged_floors":[5],"is_endless":false,"potions_floor_spawned":[1,2,8,11,12,14,19,21,24,31],"killed_by":"Automaton","ascension_level":9}