{"gold_per_floor":[117,117,135,145,145,177,177,177,224,224,224,97,110,128,128,232,232,245,7,7,21,21,21,50,70,70,102,112,66,77,93,93,189,189,207,220,220,70,85,85,98,98,98,98,118,152,170,202,202,202],"floor_reached":51,"playtime":3268,"items_purged":["Strike_R"],"score":849,"play_id":"cc1034c8-a7f2-4875-9dfc-929b814c74ed","local_time":"20190224171302","is_ascension_mode":false,"campfire_choices":[{"data":"Body Slam","floor":7,"key":"SMITH"},{"data":"Iron Wave","floor":11,"key":"SMITH"},{"data":"Armaments","floor":15,"key":"SMITH"},{"data":"RitualDagger","floor":23,"key":"SMITH"},{"data":"Havoc","floor":32,"key":"SMITH"},{"data":"Havoc","floor":40,"key":"SMITH"},{"data":"Defend_R","floor":42,"key":"SMITH"},{"floor":49,"key":"REST"}],"neow_cost":"NONE","seed_source_timestamp":226718610372394,"circlet_count":0,"master_deck":["Strike_R","Defend_R+1","Defend_R","Defend_R","Bash+1","Iron Wave+1","Clash","Headbutt","Body Slam+1","Cleave","Armaments+1","Clash","Body Slam+1","RitualDagger+1","Thunderclap","Anger","Twin Strike+1","Clash+1","Havoc+1","Flex+1","Clash","Havoc+1","Clash+1","Havoc+1","RitualDagger+1","True Grit+1","Armaments+1"],"relics":["Burning Blood","Red Skull","Orichalcum","Centennial Puzzle","Runic Pyramid","Question Card","Ancient Tea Set","Calipers","Bronze Scales","Lizard Tail","Vajra","Omamori","Molten Egg 2","Blood Vial"],"potions_floor_usage":[27,28,33,46,47,48,50,50],"damage_taken":[{"damage":8,"enemies":"Small Slimes","floor":1,"turns":3},{"damage":1,"enemies":"Cultist","floor":3,"turns":3},{"damage":11,"enemies":"Jaw Worm","floor":4,"turns":2},{"damage":25,"enemies":"3 Sentries","floor":6,"turns":9},{"damage":0,"enemies":"Blue Slaver","floor":13,"turns":3},{"damage":8,"enemies":"Gremlin Gang","floor":14,"turns":3},{"damage":18,"enemies":"Hexaghost","floor":16,"turns":5},{"damage":0,"enemies":"Spheric Guardian","floor":18,"turns":3},{"damage":14,"enemies":"3 Byrds","floor":21,"turns":4},{"damage":0,"enemies":"Gremlin Leader","floor":24,"turns":4},{"damage":9,"enemies":"Snecko","floor":25,"turns":3},{"damage":8,"enemies":"Slavers","floor":27,"turns":4},{"damage":20,"enemies":"Centurion and Healer","floor":28,"turns":6},{"damage":23,"enemies":"Shelled Parasite and Fungi","floor":30,"turns":3},{"damage":18,"enemies":"Snake Plant","floor":31,"turns":3},{"damage":10,"enemies":"Champ","floor":33,"turns":5},{"damage":6,"enemies":"3 Shapes","floor":35,"turns":3},{"damage":5,"enemies":"Orb Walker","floor":36,"turns":2},{"damage":3,"enemies":"Jaw Worm Horde","floor":39,"turns":3},{"damage":11,"enemies":"4 Shapes","floor":41,"turns":4},{"damage":0,"enemies":"Transient","floor":45,"turns":5},{"damage":48,"enemies":"Nemesis","floor":46,"turns":5},{"damage":0,"enemies":"Spire Growth","floor":47,"turns":2},{"damage":22,"enemies":"Reptomancer","floor":48,"turns":3},{"damage":60,"enemies":"Time Eater","floor":50,"turns":5}],"seed_played":"-5295972584608011730","potions_obtained":[{"floor":1,"key":"Regen Potion"},{"floor":6,"key":"Fire Potion"},{"floor":21,"key":"Fire Potion"},{"floor":27,"key":"Block Potion"},{"floor":28,"key":"GamblersBrew"},{"floor":33,"key":"SkillPotion"},{"floor":39,"key":"SteroidPotion"},{"floor":46,"key":"Swift Potion"},{"floor":47,"key":"EssenceOfSteel"}],"is_trial":false,"path_per_floor":["M","?","M","M","?","E","R","?","T","T","R","$","M","M","R","B",null,"M","$","?","M","?","R","E","M","T","E","M","$","M","M","R","B",null,"M","M","?","$","M","R","M","R","T","?","M","E","M","E","R","B",null],"character_chosen":"IRONCLAD","items_purchased":["Cleave","Question Card","Havoc","Vajra"],"campfire_rested":1,"item_purchase_floors":[12,19,29,38],"current_hp_per_floor":[78,78,80,75,75,56,56,49,49,49,49,49,55,53,53,41,80,80,80,74,66,66,66,72,69,69,67,67,67,50,38,38,34,80,80,80,80,80,80,80,75,75,75,75,80,38,44,28,52,46],"gold":202,"neow_bonus":"UPGRADE_CARD","is_prod":false,"is_daily":false,"chose_seed":false,"campfire_upgraded":7,"win_rate":0,"timestamp":1551028382,"path_taken":["M","?","M","?","?","E","R","?","T","?","R","$","M","?","R","BOSS","M","$","?","M","?","R","E","?","T","E","M","?","M","M","R","BOSS","M","M","?","$","?","R","M","R","T","?","?","E","M","E","R","BOSS"],"build_version":"2019-01-23","purchased_purges":1,"victory":true,"max_hp_per_floor":[80,80,80,80,80,80,80,80,80,80,80,80,80,80,80,80,80,80,80,80,80,80,80,80,80,80,80,80,80,80,80,80,80,80,80,80,80,80,80,80,80,80,80,80,80,80,80,80,80,80],"card_choices":[{"not_picked":["Hemokinesis","Sword Boomerang"],"picked":"Iron Wave","floor":1},{"not_picked":["Battle Trance","Iron Wave"],"picked":"Clash","floor":3},{"not_picked":["Bloodletting","Dual Wield"],"picked":"Headbutt","floor":4},{"not_picked":["Heavy Blade","Dual Wield"],"picked":"Body Slam","floor":6},{"not_picked":["Perfected Strike","Dropkick"],"picked":"Armaments","floor":13},{"not_picked":["Ghostly Armor","Juggernaut"],"picked":"Clash","floor":14},{"not_picked":["Clothesline+1","Iron Wave"],"picked":"Body Slam","floor":18},{"not_picked":["Pommel Strike","Infernal Blade+1","Feed","Evolve"],"picked":"SKIP","floor":21},{"not_picked":["Carnage","Reckless Charge","Battle Trance+1"],"picked":"Thunderclap","floor":24},{"not_picked":["Body Slam","Sword Boomerang","Thunderclap"],"picked":"Anger","floor":25},{"not_picked":["Disarm","Double Tap","Spot Weakness+1"],"picked":"Twin Strike+1","floor":27},{"not_picked":["Whirlwind","Ghostly Armor","True Grit"],"picked":"Clash+1","floor":28},{"not_picked":["Bludgeon","Seeing Red+1","Uppercut"],"picked":"Flex+1","floor":30},{"not_picked":["Sword Boomerang","Twin Strike","Thunderclap","Heavy Blade"],"picked":"SKIP","floor":31},{"not_picked":["Clothesline+1","Thunderclap","Sword Boomerang"],"picked":"Clash","floor":35},{"not_picked":["Rupture+1","Spot Weakness+1","Iron Wave+1"],"picked":"Havoc","floor":36},{"not_picked":["Havoc","Body Slam+1","Heavy Blade+1"],"picked":"Clash+1","floor":39},{"not_picked":["Twin Strike+1","Seeing Red","Entrench"],"picked":"Havoc+1","floor":41},{"not_picked":["Sever Soul+1","Hemokinesis+1","Demon Form","Flex"],"picked":"SKIP","floor":45},{"not_picked":["Twin Strike+1","Immolate","Inflame","Sever Soul+1"],"picked":"SKIP","floor":46},{"not_picked":["Flame Barrier","Thunderclap+1","Power Through+1"],"picked":"True Grit+1","floor":47},{"not_picked":["Power Through","Rampage+1","Twin Strike+1"],"picked":"Armaments+1","floor":48}],"player_experience":491029,"relics_obtained":[{"floor":6,"key":"Red Skull"},{"floor":9,"key":"Orichalcum"},{"floor":10,"key":"Centennial Puzzle"},{"floor":24,"key":"Ancient Tea Set"},{"floor":26,"key":"Calipers"},{"floor":27,"key":"Bronze Scales"},{"floor":43,"key":"Omamori"},{"floor":46,"key":"Molten Egg 2"},{"floor":48,"key":"Blood Vial"}],"event_choices":[{"cards_removed":["Strike_R"],"damage_healed":0,"gold_gain":0,"player_choice":"Purged","damage_taken":0,"max_hp_gain":0,"max_hp_loss":0,"event_name":"Purifier","floor":2,"gold_loss":0},{"cards_removed":["Defend_R"],"damage_healed":0,"gold_gain":0,"player_choice":"Forget","damage_taken":0,"max_hp_gain":0,"max_hp_loss":0,"event_name":"Living Wall","floor":5,"gold_loss":0},{"cards_removed":["Strike_R"],"damage_healed":0,"gold_gain":0,"player_choice":"Card Removal","damage_taken":7,"max_hp_gain":0,"max_hp_loss":0,"event_name":"Golden Wing","floor":8,"gold_loss":0},{"damage_healed":0,"gold_gain":0,"player_choice":"Joined the Cult","damage_taken":6,"max_hp_gain":0,"max_hp_loss":0,"event_name":"Nest","floor":20,"gold_loss":0,"cards_obtained":["RitualDagger"]},{"damage_healed":0,"gold_gain":0,"player_choice":"Upgraded","damage_taken":0,"max_hp_gain":0,"max_hp_loss":0,"event_name":"Upgrade Shrine","floor":22,"gold_loss":0,"cards_upgraded":["Body Slam"]},{"cards_removed":["Strike_R"],"damage_healed":0,"gold_gain":0,"player_choice":"Purged","damage_taken":0,"max_hp_gain":0,"max_hp_loss":0,"event_name":"Purifier","floor":37,"gold_loss":0},{"damage_healed":0,"gold_gain":0,"player_choice":"Copied","damage_taken":0,"max_hp_gain":0,"max_hp_loss":0,"event_name":"Duplicator","floor":44,"gold_loss":0,"cards_obtained":["RitualDagger"]}],"is_beta":false,"boss_relics":[{"not_picked":["Pandora\u0027s Box","Runic Cube"],"picked":"Runic Pyramid"},{"not_picked":["Black Blood","Calling Bell"],"picked":"Lizard Tail"}],"items_purged_floors":[12],"is_endless":false,"potions_floor_spawned":[1,6,21,27,28,33,39,45,46,47],"ascension_level":0}