{"gold_per_floor":[110,60,60,60,83,83,96,96,96,96,111,155,169,189,189,319,319,334,334,259,259,6,6,33,45,45,77,91,91,91,104,104,206,206,218,218,230,330,330,362,108,127,127,127,143,143,156,190,190,190,190,190,30,63,63],"floor_reached":55,"playtime":5006,"items_purged":[],"score":790,"play_id":"fc80f2a9-327a-4f6f-946a-f85b6e0b1aeb","local_time":"20190105210201","is_ascension_mode":false,"campfire_choices":[{"floor":6,"key":"RECALL"},{"data":"Bouncing Flask","floor":10,"key":"SMITH"},{"data":"Blade Dance","floor":15,"key":"SMITH"},{"data":"Burst","floor":23,"key":"SMITH"},{"data":"Neutralize","floor":30,"key":"SMITH"},{"data":"PiercingWail","floor":32,"key":"SMITH"},{"data":"Backflip","floor":44,"key":"SMITH"},{"data":"Flying Knee","floor":46,"key":"SMITH"},{"data":"Survivor","floor":49,"key":"SMITH"},{"data":"Defend_G","floor":52,"key":"SMITH"}],"neow_cost":"NONE","seed_source_timestamp":589525304164046,"circlet_count":0,"master_deck":["Defend_G+1","Defend_G","Defend_G","Defend_G","Survivor+1","Neutralize+1","PiercingWail+1","Flying Knee+1","Backflip+1","Bouncing Flask+1","Blade Dance+1","Burst+1","Outmaneuver+1","Bite","Bite","Bite","Bite","Bite","Blur+1","Acrobatics+1","Prepared+1","Outmaneuver+1","Doppelganger+1","Flechettes+1","Masterful Stab+1","Quick Slash+1","Madness+1","Madness+1","Blade Dance+1","Secret Technique+1","Dodge and Roll+1","Escape Plan+1","Caltrops+1","Blur+1","Deep Breath+1","Finisher+1"],"relics":["Ring of the Serpent","Bloody Idol","Meat on the Bone","Singing Bowl","Kunai","Sozu","Toxic Egg 2","Question Card","Mango","Mercury Hourglass","Pear","The Specimen","PreservedInsect","Shuriken","Art of War","Mummified Hand"],"potions_floor_usage":[24,40,55],"damage_taken":[{"damage":1,"enemies":"Cultist","floor":1,"turns":4},{"damage":0,"enemies":"Small Slimes","floor":5,"turns":3},{"damage":7,"enemies":"Jaw Worm","floor":7,"turns":3},{"damage":0,"enemies":"Looter","floor":11,"turns":3},{"damage":17,"enemies":"Lagavulin","floor":12,"turns":5},{"damage":1,"enemies":"Exordium Wildlife","floor":13,"turns":3},{"damage":8,"enemies":"Gremlin Gang","floor":14,"turns":4},{"damage":16,"enemies":"Slime Boss","floor":16,"turns":10},{"damage":0,"enemies":"3 Byrds","floor":18,"turns":8},{"damage":51,"enemies":"Slavers","floor":24,"turns":6},{"damage":0,"enemies":"Spheric Guardian","floor":25,"turns":7},{"damage":11,"enemies":"Book of Stabbing","floor":27,"turns":10},{"damage":17,"enemies":"Chosen and Byrds","floor":28,"turns":6},{"damage":0,"enemies":"3 Cultists","floor":31,"turns":6},{"damage":6,"enemies":"Collector","floor":33,"turns":14},{"damage":10,"enemies":"Orb Walker","floor":35,"turns":4},{"damage":11,"enemies":"3 Darklings","floor":37,"turns":5},{"damage":0,"enemies":"Mind Bloom Boss Battle","floor":38,"turns":6},{"damage":23,"enemies":"Giant Head","floor":40,"turns":11},{"damage":1,"enemies":"Transient","floor":42,"turns":5},{"damage":2,"enemies":"4 Shapes","floor":45,"turns":4},{"damage":2,"enemies":"Spire Growth","floor":47,"turns":4},{"damage":13,"enemies":"Reptomancer","floor":48,"turns":5},{"damage":13,"enemies":"Awakened One","floor":50,"turns":12},{"damage":24,"enemies":"Shield and Spear","floor":54,"turns":5},{"damage":89,"enemies":"The Heart","floor":55,"turns":9}],"seed_played":"1657538414822409765","potions_obtained":[{"floor":11,"key":"FearPotion"},{"floor":13,"key":"SpeedPotion"},{"floor":16,"key":"SpeedPotion"}],"is_trial":false,"path_per_floor":["M","?","?","T","M","R","M","T","T","R","M","E","M","M","R","B",null,"M","?","?","?","$","R","E","M","T","E","M","T","R","M","R","B",null,"M","?","M","?","?","E","$","M","T","R","M","R","M","E","R","B",null,"R","$","E","B"],"character_chosen":"THE_SILENT","items_purchased":["Toxic Egg 2","Secret Technique+1","Dodge and Roll+1","Escape Plan+1","Blur+1","Deep Breath+1"],"campfire_rested":0,"item_purchase_floors":[22,41,41,41,53,53],"current_hp_per_floor":[69,69,52,52,52,52,45,45,45,45,47,44,43,47,47,43,74,74,74,74,51,51,51,25,44,58,67,59,69,69,77,77,77,77,77,77,77,77,67,71,71,79,79,79,81,81,83,79,79,83,83,83,83,70,0],"gold":63,"neow_bonus":"THREE_CARDS","is_prod":false,"is_daily":false,"chose_seed":false,"campfire_upgraded":9,"win_rate":0,"timestamp":1546722121,"path_taken":["M","?","?","?","M","R","M","?","T","R","M","E","?","?","R","BOSS","M","?","?","?","?","R","E","M","T","E","M","?","R","M","R","BOSS","M","?","M","?","?","E","$","M","T","R","M","R","M","E","R","BOSS","R","$","E","BOSS"],"build_version":"2019-01-03v4","purchased_purges":0,"victory":false,"max_hp_per_floor":[70,70,70,70,70,70,70,70,70,70,72,74,74,74,74,74,74,74,74,74,51,51,51,51,53,67,67,67,77,77,77,77,77,77,77,77,77,77,77,77,77,79,79,79,81,81,83,83,83,83,83,83,83,83,83],"card_choices":[{"not_picked":["Concentrate","Acrobatics"],"picked":"PiercingWail","floor":0},{"not_picked":["Acrobatics","Footwork"],"picked":"Flying Knee","floor":1},{"not_picked":["Acrobatics","Cloak And Dagger"],"picked":"Backflip","floor":5},{"not_picked":["Flechettes","Slice"],"picked":"Bouncing Flask","floor":7},{"not_picked":["Distraction","Acrobatics","Predator"],"picked":"Singing Bowl","floor":11},{"not_picked":["Footwork","Deflect","Masterful Stab"],"picked":"Singing Bowl","floor":12},{"not_picked":["Dagger Throw","Prepared"],"picked":"Blade Dance","floor":13},{"not_picked":["Deadly Poison","Tactician"],"picked":"After Image","floor":14},{"not_picked":["Unload","Envenom"],"picked":"Burst","floor":16},{"not_picked":["Dodge and Roll","Flying Knee"],"picked":"Outmaneuver+1","floor":18},{"not_picked":["Sucker Punch","Riddle With Holes"],"picked":"Blur+1","floor":24},{"not_picked":["Prepared+1","Deadly Poison+1","Endless Agony+1","Underhanded Strike"],"picked":"Singing Bowl","floor":25},{"not_picked":["Phantasmal Killer+1","Masterful Stab","Slice"],"picked":"Acrobatics+1","floor":27},{"not_picked":["Finisher","Outmaneuver+1","Underhanded Strike"],"picked":"Prepared+1","floor":28},{"not_picked":["Slice","Dagger Throw","Eviscerate"],"picked":"Outmaneuver+1","floor":31},{"not_picked":["Unload","Wraith Form v2","Malaise+1"],"picked":"Doppelganger+1","floor":33},{"not_picked":["Noxious Fumes","Predator","Outmaneuver+1"],"picked":"Flechettes+1","floor":35},{"not_picked":["Leg Sweep+1","Poisoned Stab","Slice+1"],"picked":"Masterful Stab+1","floor":37},{"not_picked":["Bane","Dagger Throw","Deflect+1"],"picked":"Quick Slash+1","floor":38},{"not_picked":["Concentrate+1","Dash+1","Outmaneuver+1"],"picked":"Blade Dance+1","floor":40},{"not_picked":["Reflex+1","Die Die Die","Outmaneuver+1","Tactician+1"],"picked":"Singing Bowl","floor":42},{"not_picked":["Noxious Fumes","Slice+1","Choke+1","Eviscerate"],"picked":"Singing Bowl","floor":45},{"not_picked":["Skewer+1","Masterful Stab","Prepared+1","Choke+1"],"picked":"Singing Bowl","floor":47},{"not_picked":["Dodge and Roll+1","Flying Knee+1","Riddle With Holes"],"picked":"Caltrops+1","floor":48},{"not_picked":["Footwork+1","Choke+1","Noxious Fumes+1"],"picked":"Finisher+1","floor":54}],"player_experience":442713,"relics_obtained":[{"floor":8,"key":"Meat on the Bone"},{"floor":9,"key":"Singing Bowl"},{"floor":12,"key":"Kunai"},{"floor":24,"key":"Question Card"},{"floor":26,"key":"Mango"},{"floor":27,"key":"Mercury Hourglass"},{"floor":29,"key":"Pear"},{"floor":38,"key":"The Specimen"},{"floor":40,"key":"PreservedInsect"},{"floor":43,"key":"Shuriken"},{"floor":48,"key":"Art of War"},{"floor":54,"key":"Mummified Hand"}],"event_choices":[{"cards_removed":["Defend_G"],"damage_healed":0,"gold_gain":0,"player_choice":"Card Removal","damage_taken":0,"max_hp_gain":0,"max_hp_loss":0,"event_name":"The Cleric","floor":2,"gold_loss":50},{"damage_healed":0,"gold_gain":0,"player_choice":"Take Damage","damage_taken":17,"relics_obtained":["Golden Idol"],"max_hp_gain":0,"max_hp_loss":0,"event_name":"Golden Idol","floor":3,"gold_loss":0},{"damage_healed":0,"gold_gain":0,"player_choice":"Gave Idol","damage_taken":0,"relics_obtained":["Bloody Idol"],"max_hp_gain":0,"max_hp_loss":0,"event_name":"Forgotten Altar","floor":19,"relics_lost":["Golden Idol"],"gold_loss":0},{"cards_removed":["Strike_G"],"damage_healed":0,"gold_gain":0,"player_choice":"Gave Gold","damage_taken":0,"max_hp_gain":0,"max_hp_loss":0,"event_name":"Beggar","floor":20,"gold_loss":75},{"damage_healed":0,"gold_gain":0,"player_choice":"Became a vampire","damage_taken":0,"max_hp_gain":0,"max_hp_loss":23,"event_name":"Vampires","floor":21,"gold_loss":0,"cards_obtained":["Bite","Bite","Bite","Bite","Bite"]},{"cards_removed":["After Image"],"damage_healed":0,"gold_gain":0,"player_choice":"Removed Power","damage_taken":0,"max_hp_gain":0,"max_hp_loss":0,"event_name":"Falling","floor":36,"gold_loss":0},{"damage_healed":0,"gold_gain":0,"player_choice":"Fight","damage_taken":0,"max_hp_gain":0,"max_hp_loss":0,"event_name":"MindBloom","floor":38,"gold_loss":0},{"damage_healed":0,"gold_gain":0,"player_choice":"Embrace Madness","damage_taken":10,"max_hp_gain":0,"max_hp_loss":0,"event_name":"Winding Halls","floor":39,"gold_loss":0,"cards_obtained":["Madness","Madness"]}],"is_beta":false,"boss_relics":[{"not_picked":["White Beast Statue","Fusion Hammer"],"picked":"Sozu"},{"not_picked":["Empty Cage","Astrolabe"],"picked":"Ring of the Serpent"}],"items_purged_floors":[],"is_endless":false,"potions_floor_spawned":[11,13,16,18,24,35,37,45,47,54],"killed_by":"The Heart","ascension_level":0}