{"gold_per_floor":[118,66,79,99,116,116,129,160,184,204,261,277,83,83],"floor_reached":14,"playtime":756,"items_purged":["Strike_G"],"score":198,"play_id":"da9d9f2f-631c-4035-ad6f-c93f6e386a47","local_time":"20190812093603","is_ascension_mode":true,"campfire_choices":[{"data":"Prepared","floor":6,"key":"SMITH"}],"neow_cost":"NONE","seed_source_timestamp":76442184300,"circlet_count":0,"master_deck":["AscendersBane","Strike_G","Strike_G","Strike_G","Strike_G","Defend_G","Defend_G","Defend_G","Defend_G","Defend_G","Survivor","Neutralize","Outmaneuver","Crippling Poison","Sucker Punch","Prepared+1","Terror","Cloak And Dagger","Deadly Poison","Envenom","Underhanded Strike","Noxious Fumes","Riddle With Holes"],"relics":["Runic Pyramid","Boot","Snake Skull","Omamori","Tiny Chest"],"potions_floor_usage":[8,14,14],"damage_taken":[{"damage":0,"enemies":"Cultist","floor":1,"turns":5},{"damage":0,"enemies":"Jaw Worm","floor":3,"turns":5},{"damage":2,"enemies":"2 Louse","floor":4,"turns":3},{"damage":4,"enemies":"Large Slime","floor":5,"turns":8},{"damage":0,"enemies":"Looter","floor":7,"turns":4},{"damage":14,"enemies":"3 Sentries","floor":8,"turns":12},{"damage":6,"enemies":"Exordium Wildlife","floor":10,"turns":5},{"damage":23,"enemies":"Lagavulin","floor":11,"turns":8},{"damage":1,"enemies":"3 Louse","floor":12,"turns":3},{"damage":31,"enemies":"Gremlin Nob","floor":14,"turns":3}],"seed_played":"176843769804213834","potions_obtained":[{"floor":5,"key":"Ancient Potion"},{"floor":7,"key":"Explosive Potion"},{"floor":8,"key":"SpeedPotion"},{"floor":11,"key":"Energy Potion"}],"is_trial":false,"path_per_floor":["M","?","M","M","M","R","M","E","T","M","E","M","$","E"],"character_chosen":"THE_SILENT","items_purchased":["Noxious Fumes","Riddle With Holes"],"campfire_rested":0,"item_purchase_floors":[13,13],"current_hp_per_floor":[59,59,59,57,53,53,53,39,39,33,10,9,9,0],"gold":83,"neow_bonus":"BOSS_RELIC","is_prod":false,"is_daily":false,"chose_seed":false,"campfire_upgraded":1,"win_rate":0,"timestamp":1565616963,"path_taken":["M","?","M","M","M","R","M","E","T","M","E","M","$","E"],"build_version":"2019-07-17","purchased_purges":1,"victory":false,"max_hp_per_floor":[66,66,66,66,66,66,66,66,66,66,66,66,66,66],"card_choices":[{"not_picked":["Acrobatics","Blade Dance"],"picked":"Outmaneuver","floor":1},{"not_picked":["Escape Plan","Cloak And Dagger"],"picked":"Crippling Poison","floor":3},{"not_picked":["Heel Hook","Cloak And Dagger"],"picked":"Sucker Punch","floor":4},{"not_picked":["Predator","Slice"],"picked":"Prepared","floor":5},{"not_picked":["Quick Slash","Slice"],"picked":"Terror","floor":7},{"not_picked":["Slice","Terror"],"picked":"Cloak And Dagger","floor":8},{"not_picked":["Cloak And Dagger","Sucker Punch"],"picked":"Deadly Poison","floor":10},{"not_picked":["Acrobatics","Outmaneuver"],"picked":"Envenom","floor":11},{"not_picked":["Masterful Stab","Deadly Poison"],"picked":"Underhanded Strike","floor":12}],"player_experience":690849,"relics_obtained":[{"floor":8,"key":"Snake Skull"},{"floor":9,"key":"Omamori"},{"floor":11,"key":"Tiny Chest"}],"event_choices":[{"damage_healed":0,"gold_gain":0,"player_choice":"Paid Gold","damage_taken":0,"relics_obtained":["Boot"],"max_hp_gain":0,"max_hp_loss":0,"event_name":"WeMeetAgain","floor":2,"gold_loss":52}],"is_beta":false,"boss_relics":[],"items_purged_floors":[13],"is_endless":false,"potions_floor_spawned":[5,7,8,11],"killed_by":"Gremlin Nob","ascension_level":18}