{"gold_per_floor":[114,129,144,144,28,28,58,73,73,88,103,118,118,133,133,233,233,248,263,263,278,293,323,323,338,338,88,103,103,118,133,133,133],"floor_reached":33,"playtime":4322,"items_purged":[],"score":327,"play_id":"0a4a8783-b2f9-4bdc-b56e-94e8a5701a1b","local_time":"20190411204602","daily_mods":["Draft","Uncertain Future","Binary"],"is_ascension_mode":false,"campfire_choices":[{"data":"Catalyst","floor":6,"key":"SMITH"},{"floor":15,"key":"DIG"},{"floor":24,"key":"REST"},{"floor":29,"key":"DIG"},{"floor":32,"key":"DIG"}],"neow_cost":"","seed_source_timestamp":0,"circlet_count":0,"master_deck":["Backflip","Deadly Poison","Dagger Throw","Backflip","Cloak And Dagger","Backflip","Sucker Punch","Cloak And Dagger","Sucker Punch","Dash","Catalyst+1","Quick Slash","Well Laid Plans","Caltrops","Terror","Poisoned Stab","Predator","Noxious Fumes","Backflip","Poisoned Stab","Caltrops","Escape Plan","Bouncing Flask","Backflip","After Image+1","Acrobatics","Dodge and Roll+1","Corpse Explosion","Accuracy"],"special_seed":17997,"relics":["Ring of the Snake","FaceOfCleric","Shovel","Dead Branch","Tough Bandages","WristBlade","Bird Faced Urn","The Specimen","Meat on the Bone","Matryoshka","Girya"],"potions_floor_usage":[18,23,23,33],"damage_taken":[{"damage":0,"enemies":"Cultist","floor":1,"turns":3},{"damage":0,"enemies":"Jaw Worm","floor":2,"turns":4},{"damage":6,"enemies":"2 Louse","floor":3,"turns":2},{"damage":12,"enemies":"3 Sentries","floor":7,"turns":7},{"damage":9,"enemies":"Blue Slaver","floor":8,"turns":4},{"damage":4,"enemies":"Gremlin Gang","floor":10,"turns":4},{"damage":2,"enemies":"2 Fungi Beasts","floor":11,"turns":3},{"damage":17,"enemies":"Exordium Thugs","floor":12,"turns":6},{"damage":0,"enemies":"3 Louse","floor":14,"turns":5},{"damage":4,"enemies":"Hexaghost","floor":16,"turns":7},{"damage":25,"enemies":"2 Thieves","floor":18,"turns":5},{"damage":0,"enemies":"Chosen","floor":19,"turns":5},{"damage":8,"enemies":"Shelled Parasite and Fungi","floor":21,"turns":10},{"damage":8,"enemies":"Snecko","floor":22,"turns":5},{"damage":39,"enemies":"Slavers","floor":23,"turns":10},{"damage":8,"enemies":"Centurion and Healer","floor":25,"turns":10},{"damage":19,"enemies":"Cultist and Chosen","floor":28,"turns":7},{"damage":12,"enemies":"Snake Plant","floor":30,"turns":5},{"damage":14,"enemies":"Chosen and Byrds","floor":31,"turns":5},{"damage":58,"enemies":"Champ","floor":33,"turns":17}],"seed_played":"6366022716300994326","potions_obtained":[{"floor":7,"key":"Swift Potion"},{"floor":10,"key":"Poison Potion"},{"floor":11,"key":"Ancient Potion"},{"floor":16,"key":"Dexterity Potion"},{"floor":19,"key":"LiquidBronze"},{"floor":22,"key":"PowerPotion"},{"floor":28,"key":"Dexterity Potion"},{"floor":30,"key":"Swift Potion"}],"is_trial":false,"path_per_floor":["M","M","M","?","$","R","E","M","T","M","M","M","?","M","R","B",null,"M","M","?","M","M","E","R","M","T","$","M","R","M","M","R","B"],"character_chosen":"THE_SILENT","items_purchased":["Noxious Fumes","Backflip","Meat on the Bone"],"campfire_rested":1,"item_purchase_floors":[5,5,27],"current_hp_per_floor":[70,70,64,64,64,64,53,45,45,42,41,25,25,26,26,23,77,53,54,54,47,40,2,26,27,27,27,31,31,40,45,45,0],"gold":133,"neow_bonus":"","is_prod":false,"is_daily":true,"chose_seed":false,"campfire_upgraded":1,"win_rate":0,"timestamp":1555004762,"path_taken":["M","M","M","?","$","R","E","M","T","M","?","M","?","M","R","BOSS","M","?","?","M","M","E","R","M","T","$","M","R","?","M","R","BOSS"],"build_version":"2019-01-23","purchased_purges":0,"victory":false,"max_hp_per_floor":[70,70,70,70,70,70,71,72,72,73,74,75,75,76,76,77,77,78,79,79,80,81,82,82,83,83,83,84,84,85,86,86,86],"card_choices":[{"not_picked":["Underhanded Strike","Prepared"],"picked":"Backflip","floor":0},{"not_picked":["Outmaneuver","Deflect"],"picked":"Sucker Punch","floor":0},{"not_picked":["Outmaneuver","PiercingWail"],"picked":"Deadly Poison","floor":0},{"not_picked":["Tactician","Reflex"],"picked":"Dagger Throw","floor":0},{"not_picked":["Dodge and Roll","Sucker Punch"],"picked":"Backflip","floor":0},{"not_picked":["Outmaneuver","Quick Slash"],"picked":"Cloak And Dagger","floor":0},{"not_picked":["Heel Hook","Dodge and Roll"],"picked":"Backflip","floor":0},{"not_picked":["Underhanded Strike","Acrobatics"],"picked":"Sucker Punch","floor":0},{"not_picked":["Prepared","Bane"],"picked":"Cloak And Dagger","floor":0},{"not_picked":["Prepared","Dagger Throw"],"picked":"Sucker Punch","floor":0},{"not_picked":["Quick Slash","Deadly Poison"],"picked":"Dash","floor":0},{"not_picked":["Heel Hook","PiercingWail"],"picked":"Catalyst","floor":0},{"not_picked":["Bane","Reflex"],"picked":"Quick Slash","floor":0},{"not_picked":["Blade Dance","Blur"],"picked":"Well Laid Plans","floor":0},{"not_picked":["Underhanded Strike","Prepared"],"picked":"Caltrops","floor":0},{"not_picked":["Blade Dance"],"picked":"Terror","floor":1},{"not_picked":["Dodge and Roll"],"picked":"Poisoned Stab","floor":2},{"not_picked":["Setup"],"picked":"Predator","floor":3},{"not_picked":["All Out Attack"],"picked":"Poisoned Stab","floor":7},{"not_picked":["Deadly Poison"],"picked":"Caltrops","floor":8},{"not_picked":["Finisher"],"picked":"Escape Plan","floor":10},{"not_picked":["Finisher","Underhanded Strike"],"picked":"SKIP","floor":11},{"not_picked":["Calculated Gamble"],"picked":"Bouncing Flask","floor":12},{"not_picked":["Flying Knee","Blade Dance"],"picked":"SKIP","floor":14},{"not_picked":["Grand Finale"],"picked":"After Image","floor":16},{"not_picked":["Masterful Stab","Slice"],"picked":"SKIP","floor":18},{"not_picked":["Riddle With Holes"],"picked":"Acrobatics","floor":19},{"not_picked":["Bane"],"picked":"Dodge and Roll+1","floor":21},{"not_picked":["Prepared","Finisher"],"picked":"SKIP","floor":22},{"not_picked":["Sucker Punch","Underhanded Strike"],"picked":"SKIP","floor":23},{"not_picked":["Slice","Flying Knee"],"picked":"SKIP","floor":25},{"not_picked":["Underhanded Strike","Poisoned Stab"],"picked":"SKIP","floor":28},{"not_picked":["Caltrops+1"],"picked":"Corpse Explosion","floor":30},{"not_picked":["Bane"],"picked":"Accuracy","floor":31}],"player_experience":76394,"relics_obtained":[{"floor":7,"key":"Shovel"},{"floor":9,"key":"Dead Branch"},{"floor":15,"key":"Tough Bandages"},{"floor":23,"key":"Bird Faced Urn"},{"floor":26,"key":"The Specimen"},{"floor":29,"key":"Matryoshka"},{"floor":32,"key":"Girya"}],"event_choices":[{"damage_healed":0,"gold_gain":0,"player_choice":"Trade","damage_taken":0,"relics_obtained":["FaceOfCleric"],"max_hp_gain":0,"max_hp_loss":0,"event_name":"FaceTrader","floor":4,"gold_loss":0},{"damage_healed":0,"gold_gain":0,"cards_transformed":["Sucker Punch"],"player_choice":"Transformed","damage_taken":0,"max_hp_gain":0,"max_hp_loss":0,"event_name":"Transmorgrifier","floor":13,"gold_loss":0,"cards_obtained":["Backflip"]},{"damage_healed":0,"gold_gain":0,"player_choice":"Upgraded","damage_taken":0,"max_hp_gain":0,"max_hp_loss":0,"event_name":"Upgrade Shrine","floor":20,"gold_loss":0,"cards_upgraded":["After Image"]}],"is_beta":false,"boss_relics":[{"not_picked":["Runic Pyramid","Snecko Eye"],"picked":"WristBlade"}],"items_purged_floors":[],"is_endless":false,"potions_floor_spawned":[7,10,11,16,19,22,28,30],"killed_by":"Champ","ascension_level":0}