{"gold_per_floor":[111,122,5,18,18,18,47,67,67,67,29,44,44,44,44,165,165,185,0,14,14,28,28,28,28,28,28,71,85,103,103],"floor_reached":31,"playtime":1928,"items_purged":[],"score":357,"play_id":"761084ca-dad8-40d2-b311-d67674b5d008","local_time":"20190307213200","is_ascension_mode":true,"campfire_choices":[{"data":"Zap","floor":6,"key":"SMITH"},{"floor":10,"key":"REST"},{"data":"Storm","floor":13,"key":"SMITH"},{"data":"Consume","floor":15,"key":"SMITH"},{"floor":24,"key":"REST"},{"floor":27,"key":"REST"}],"neow_cost":"NONE","seed_source_timestamp":1194034971562771,"circlet_count":0,"master_deck":["Defend_B","Defend_B","Defend_B","Defend_B","Zap+1","Dualcast","Tempest","Conserve Battery","Coolheaded","Storm+1","White Noise","Steam","Ball Lightning","Consume+1","Capacitor","Stack","Echo Form","Ball Lightning+1","Scrape+1","Leap+1","Ball Lightning+1","Conserve Battery","Finesse","Steam","Glacier","Auto Shields","Leap","Leap"],"relics":["Cracked Core","Omamori","PreservedInsect","Golden Idol","Astrolabe","Dodecahedron","MutagenicStrength","Regal Pillow","Nunchaku"],"potions_floor_usage":[7,18,30,31],"damage_taken":[{"damage":2,"enemies":"Jaw Worm","floor":1,"turns":4},{"damage":10,"enemies":"Small Slimes","floor":2,"turns":2},{"damage":6,"enemies":"Cultist","floor":4,"turns":4},{"damage":25,"enemies":"Gremlin Nob","floor":7,"turns":4},{"damage":3,"enemies":"Large Slime","floor":8,"turns":4},{"damage":2,"enemies":"Blue Slaver","floor":12,"turns":3},{"damage":25,"enemies":"Hexaghost","floor":16,"turns":9},{"damage":20,"enemies":"2 Thieves","floor":18,"turns":5},{"damage":13,"enemies":"3 Byrds","floor":20,"turns":3},{"damage":18,"enemies":"Centurion and Healer","floor":22,"turns":8},{"damage":22,"enemies":"Colosseum Slavers","floor":25,"turns":4},{"damage":23,"enemies":"Slavers","floor":28,"turns":3},{"damage":6,"enemies":"Shelled Parasite and Fungi","floor":29,"turns":10},{"damage":7,"enemies":"Snecko","floor":30,"turns":6},{"damage":3,"enemies":"Cultist and Chosen","floor":31,"turns":4}],"seed_played":"-1832286130198054198","potions_obtained":[{"floor":2,"key":"FearPotion"},{"floor":12,"key":"GamblersBrew"},{"floor":16,"key":"Block Potion"},{"floor":22,"key":"Strength Potion"},{"floor":28,"key":"Weak Potion"},{"floor":30,"key":"LiquidBronze"}],"is_trial":false,"path_per_floor":["M","M","$","M","?","R","E","M","T","R","$","M","R","?","R","B",null,"M","$","M","?","M","?","R","?","T","R","E","M","M","M"],"character_chosen":"DEFECT","items_purchased":["Storm","White Noise","Capacitor","Conserve Battery","Finesse","Steam"],"campfire_rested":3,"item_purchase_floors":[3,3,11,19,19,19],"current_hp_per_floor":[66,56,56,50,50,50,25,22,22,44,44,42,42,42,42,17,56,36,36,23,23,5,5,25,3,3,38,15,9,2,0],"gold":103,"neow_bonus":"TRANSFORM_CARD","is_prod":false,"is_daily":false,"chose_seed":false,"campfire_upgraded":3,"win_rate":0,"timestamp":1551994320,"path_taken":["M","M","$","M","?","R","E","M","T","R","?","M","R","?","R","BOSS","M","$","M","?","?","?","R","?","T","R","E","M","M","M"],"build_version":"2019-01-23","purchased_purges":0,"victory":false,"max_hp_per_floor":[75,75,75,75,75,75,75,75,75,75,75,75,75,69,69,69,69,69,69,69,69,69,69,69,69,69,69,69,69,69,69],"card_choices":[{"not_picked":["Leap","Rip and Tear"],"picked":"Conserve Battery","floor":1},{"not_picked":["Lockon","Hologram"],"picked":"Coolheaded","floor":2},{"not_picked":["Beam Cell","Redo"],"picked":"Steam","floor":4},{"not_picked":["Amplify","Conserve Battery"],"picked":"Ball Lightning","floor":7},{"not_picked":["Static Discharge","Chaos"],"picked":"Consume","floor":8},{"not_picked":["Hologram","Steam"],"picked":"Stack","floor":12},{"not_picked":["Electrodynamics","Meteor Strike"],"picked":"Echo Form","floor":16},{"not_picked":["Barrage","Force Field"],"picked":"Ball Lightning+1","floor":18},{"not_picked":["Barrage","Redo","Consume"],"picked":"SKIP","floor":20},{"not_picked":["Gash","White Noise+1"],"picked":"Glacier","floor":22},{"not_picked":["Redo","Steam"],"picked":"Auto Shields","floor":28},{"not_picked":["Cold Snap","Compile Driver"],"picked":"Leap","floor":29},{"not_picked":["Beam Cell+1","Redo"],"picked":"Leap","floor":30}],"player_experience":575469,"relics_obtained":[{"floor":7,"key":"Omamori"},{"floor":9,"key":"PreservedInsect"},{"floor":26,"key":"Regal Pillow"},{"floor":28,"key":"Nunchaku"}],"event_choices":[{"damage_healed":0,"gold_gain":0,"player_choice":"Ignored","damage_taken":0,"max_hp_gain":0,"max_hp_loss":0,"event_name":"Liars Game","floor":5,"gold_loss":0},{"damage_healed":0,"gold_gain":0,"player_choice":"Lose Max HP","damage_taken":0,"relics_obtained":["Golden Idol"],"max_hp_gain":0,"max_hp_loss":6,"event_name":"Golden Idol","floor":14,"gold_loss":0},{"damage_healed":0,"gold_gain":0,"player_choice":"Gave Potion","damage_taken":0,"relics_obtained":["Dodecahedron"],"max_hp_gain":0,"max_hp_loss":0,"event_name":"WeMeetAgain","floor":21,"gold_loss":0},{"damage_healed":0,"gold_gain":0,"player_choice":"Inject Mutagens","damage_taken":0,"relics_obtained":["MutagenicStrength"],"max_hp_gain":0,"max_hp_loss":0,"event_name":"Drug Dealer","floor":23,"gold_loss":0},{"damage_healed":0,"gold_gain":0,"player_choice":"Fight","damage_taken":0,"max_hp_gain":0,"max_hp_loss":0,"event_name":"Colosseum","floor":25,"gold_loss":0},{"damage_healed":0,"gold_gain":0,"player_choice":"Fled From Nobs","damage_taken":0,"max_hp_gain":0,"max_hp_loss":0,"event_name":"Colosseum","floor":25,"gold_loss":0}],"is_beta":false,"boss_relics":[{"not_picked":["Philosopher\u0027s Stone","Cursed Key"],"picked":"Astrolabe"}],"items_purged_floors":[],"is_endless":false,"potions_floor_spawned":[2,12,16,22,25,28,30],"killed_by":"Cultist and Chosen","ascension_level":8}