{"gold_per_floor":[113,113,123,19,29,29,58,82,82,82,117,135,163,193,193,269,269,280,295,134,153,167,167,177,203,230,230],"floor_reached":27,"playtime":2689,"items_purged":["Strike_G"],"score":518,"play_id":"46ef5161-2540-46e9-a454-6fa99dc89ab1","local_time":"20190407170005","is_ascension_mode":true,"campfire_choices":[{"floor":6.0,"key":"REST"},{"data":"Neutralize","floor":10.0,"key":"SMITH"},{"floor":15,"key":"REST"},{"floor":23,"key":"REST"}],"neow_cost":"NONE","seed_source_timestamp":839455024838591,"circlet_count":0,"master_deck":["AscendersBane","Defend_G","Defend_G","Defend_G","Defend_G","Defend_G","Strike_G+1","Strike_G","Strike_G","Survivor","Neutralize+1","Blur+1","Flying Knee","Dash","Dagger Spray","Quick Slash","Bouncing Flask","Deflect","Leg Sweep+1","Bouncing Flask","After Image+1","Caltrops+1","Acrobatics","Bullet Time+1","Deadly Poison"],"special_seed":0,"relics":["Ring of the Snake","Pen Nib","Orichalcum","Calipers","WingedGreaves","Frozen Egg 2","Pocketwatch","Black Star","Toxic Egg 2","Singing Bowl","War Paint"],"potions_floor_usage":[13,22,25,27,27],"damage_taken":[{"damage":7.0,"enemies":"Jaw Worm","floor":1.0,"turns":8.0},{"damage":1.0,"enemies":"2 Louse","floor":3.0,"turns":3.0},{"damage":0.0,"enemies":"Cultist","floor":5.0,"turns":4.0},{"damage":7.0,"enemies":"Gremlin Nob","floor":7.0,"turns":4.0},{"damage":0.0,"enemies":"Lagavulin","floor":11.0,"turns":7.0},{"damage":11.0,"enemies":"Exordium Wildlife","floor":12.0,"turns":7.0},{"damage":4,"enemies":"Gremlin Nob","floor":13,"turns":3},{"damage":4,"enemies":"Lagavulin","floor":14,"turns":8},{"damage":18,"enemies":"The Guardian","floor":16,"turns":10},{"damage":13,"enemies":"3 Byrds","floor":18,"turns":6},{"damage":5,"enemies":"Chosen","floor":19,"turns":6},{"damage":3,"enemies":"Centurion and Healer","floor":21,"turns":9},{"damage":14,"enemies":"Cultist and Chosen","floor":22,"turns":6},{"damage":9,"enemies":"Shelled Parasite and Fungi","floor":24,"turns":9},{"damage":26,"enemies":"Gremlin Leader","floor":25,"turns":8},{"damage":7,"enemies":"Slavers","floor":27,"turns":1}],"seed_played":"7301075903378510373","potions_obtained":[{"floor":7.0,"key":"Strength Potion"},{"floor":12.0,"key":"Strength Potion"},{"floor":13,"key":"FearPotion"},{"floor":14,"key":"SteroidPotion"},{"floor":18,"key":"Explosive Potion"},{"floor":21,"key":"Dexterity Potion"},{"floor":22,"key":"PowerPotion"},{"floor":25,"key":"Weak Potion"}],"is_trial":false,"path_per_floor":["M","?","M","$","M","R","E","T","T","R","E","M","E","E","R","B",null,"M","M","$","M","M","R","M","E","T","E"],"character_chosen":"THE_SILENT","items_purchased":["Dash","Dagger Spray","Caltrops+1"],"campfire_rested":3,"item_purchase_floors":[4,4,20],"current_hp_per_floor":[52,32,31,31,31,50,43,43,43,43,43,32,28,24,43,25,56,43,38,38,35,21,40,31,7,7,0],"gold":230,"neow_bonus":"REMOVE_CARD","is_prod":false,"is_daily":false,"chose_seed":false,"campfire_upgraded":1,"win_rate":0,"timestamp":1554652805,"path_taken":["M","?","M","$","M","R","E","?","T","R","E","M","E","E","R","BOSS","M","M","$","M","M","R","M","E","T","E"],"build_version":"2019-01-23","purchased_purges":1,"victory":false,"max_hp_per_floor":[66,66,66,66,66,66,66,66,66,66,66,66,66,66,66,66,66,66,66,66,66,66,66,66,68,68,68],"card_choices":[{"not_picked":["Acrobatics","Prepared"],"picked":"Blur","floor":1.0},{"not_picked":["Poisoned Stab","Choke"],"picked":"Flying Knee","floor":3.0},{"not_picked":["Acrobatics","All Out Attack"],"picked":"Quick Slash","floor":5.0},{"not_picked":["Well Laid Plans","Catalyst"],"picked":"Bouncing Flask","floor":7.0},{"not_picked":["Sucker Punch","Reflex","Expertise"],"picked":"SKIP","floor":11.0},{"not_picked":["Flying Knee","Quick Slash"],"picked":"Deflect","floor":12.0},{"not_picked":["Outmaneuver","Choke"],"picked":"Leg Sweep","floor":13},{"not_picked":["Prepared","Doppelganger"],"picked":"Bouncing Flask","floor":14},{"not_picked":["Phantasmal Killer","Corpse Explosion"],"picked":"After Image+1","floor":16},{"not_picked":["Poisoned Stab","Accuracy+1","Predator"],"picked":"SKIP","floor":18},{"not_picked":["Poisoned Stab","Dagger Spray","Quick Slash"],"picked":"SKIP","floor":19},{"not_picked":["Finisher","Outmaneuver"],"picked":"Acrobatics","floor":21},{"not_picked":["Quick Slash","Tactician"],"picked":"Bullet Time","floor":22},{"not_picked":["Slice+1","Poisoned Stab"],"picked":"Deadly Poison","floor":24},{"not_picked":["Night Terror","A Thousand Cuts+1","Deflect"],"picked":"Singing Bowl","floor":25}],"player_experience":757577,"relics_obtained":[{"floor":7.0,"key":"Pen Nib"},{"floor":8.0,"key":"Orichalcum"},{"floor":9.0,"key":"Calipers"},{"floor":11.0,"key":"WingedGreaves"},{"floor":13,"key":"Frozen Egg 2"},{"floor":14,"key":"Pocketwatch"},{"floor":25,"key":"Toxic Egg 2"},{"floor":25,"key":"Singing Bowl"},{"floor":26,"key":"War Paint"}],"event_choices":[{"damage_healed":0.0,"max_hp_gain":0.0,"max_hp_loss":0.0,"gold_gain":0.0,"event_name":"Shining Light","player_choice":"Entered Light","floor":2.0,"gold_loss":0.0,"damage_taken":20.0,"cards_upgraded":["Strike_G","Blur"]}],"is_beta":false,"boss_relics":[{"not_picked":["Ring of the Serpent","Runic Pyramid"],"picked":"Black Star"}],"items_purged_floors":[20],"is_endless":false,"potions_floor_spawned":[7,12,13,14,18,21,22,25],"killed_by":"Slavers","ascension_level":16}