{"gold_per_floor":[117,117,130,28,28,63,75,75,98,98,112,162,162,173,173,251,251,262,275,249,266,285,285,295,295,295,60,86,86,86,139,139,212,212,226,90,90,0,18,18,18,34,86,86,113,18,18,35,35,35],"floor_reached":51,"playtime":3229,"items_purged":["Scrape","Writhe"],"score":1432,"play_id":"a69843fe-1834-4207-8b44-34c2dc755f87","local_time":"20190407202704","is_ascension_mode":true,"campfire_choices":[{"data":"Defragment","floor":8.0,"key":"SMITH"},{"data":"Chaos","floor":13.0,"key":"SMITH"},{"floor":15.0,"key":"REST"},{"data":"Fission","floor":23.0,"key":"SMITH"},{"data":"Consume","floor":25.0,"key":"SMITH"},{"data":"Ghostly","floor":32,"key":"SMITH"},{"data":"Coolheaded","floor":40,"key":"SMITH"},{"data":"Discovery","floor":47,"key":"SMITH"},{"data":"Coolheaded","floor":49,"key":"SMITH"}],"neow_cost":"NONE","seed_source_timestamp":851283606916976,"circlet_count":0,"master_deck":["AscendersBane","Zap+1","Dualcast+1","Lockon+1","Conserve Battery+1","Cold Snap+1","Melter+1","Chaos+1","Defragment+1","Ball Lightning+1","Doom and Gloom+1","Reboot+1","Fission+1","Chill+1","Core Surge+1","Storm+1","Aggregate+1","Consume+1","Skim+1","Ball Lightning+1","Static Discharge+1","Coolheaded+1","Doom and Gloom+1","Ghostly+1","Ghostly+1","Ghostly+1","Capacitor+1","Secret Technique","Discovery+1","Coolheaded+1"],"special_seed":0,"relics":["Busted Crown","Smiling Mask","Orichalcum","Centennial Puzzle","Pandora\u0027s Box","Kunai","Whetstone","DataDisk","War Paint","Snecko Eye","Red Mask","Mark of the Bloom","Bronze Scales","Mummified Hand"],"potions_floor_usage":[33,33,50],"damage_taken":[{"damage":0.0,"enemies":"Cultist","floor":1.0,"turns":3.0},{"damage":9.0,"enemies":"2 Louse","floor":3.0,"turns":3.0},{"damage":19.0,"enemies":"3 Sentries","floor":6.0,"turns":11.0},{"damage":0.0,"enemies":"Small Slimes","floor":7.0,"turns":3.0},{"damage":6.0,"enemies":"Gremlin Gang","floor":11.0,"turns":5.0},{"damage":11.0,"enemies":"Exordium Wildlife","floor":14.0,"turns":2.0},{"damage":5.0,"enemies":"Hexaghost","floor":16.0,"turns":6.0},{"damage":4.0,"enemies":"3 Byrds","floor":18.0,"turns":4.0},{"damage":5.0,"enemies":"Shell Parasite","floor":19.0,"turns":2.0},{"damage":10.0,"enemies":"Centurion and Healer","floor":21.0,"turns":4.0},{"damage":0.0,"enemies":"Sentry and Sphere","floor":22.0,"turns":3.0},{"damage":12.0,"enemies":"Snecko","floor":24.0,"turns":4.0},{"damage":3,"enemies":"Gremlin Leader","floor":28,"turns":5},{"damage":0,"enemies":"Collector","floor":33,"turns":7},{"damage":0,"enemies":"3 Shapes","floor":35,"turns":4},{"damage":0,"enemies":"Orb Walker","floor":39,"turns":3},{"damage":0,"enemies":"Maw","floor":42,"turns":4},{"damage":0,"enemies":"Reptomancer","floor":45,"turns":4},{"damage":0,"enemies":"3 Darklings","floor":48,"turns":3},{"damage":0,"enemies":"Donu and Deca","floor":50,"turns":6}],"seed_played":"-1486771884963394527","potions_obtained":[{"floor":1.0,"key":"Dexterity Potion"},{"floor":6.0,"key":"Dexterity Potion"},{"floor":11.0,"key":"AttackPotion"},{"floor":19.0,"key":"LiquidBronze"},{"floor":21.0,"key":"Explosive Potion"},{"floor":39,"key":"Swift Potion"},{"floor":42,"key":"Energy Potion"}],"is_trial":false,"path_per_floor":["M","?","M","$","?","E","M","R","T","T","M","?","R","M","R","B",null,"M","M","$","M","M","R","M","R","T","$","E","?","?","T","R","B",null,"M","$","?","?","M","R","?","M","T","?","E","$","R","M","R","B",null],"character_chosen":"DEFECT","items_purchased":["Cold Snap","Melter","Ball Lightning","Static Discharge","Coolheaded","Doom and Gloom","Capacitor","Discovery"],"campfire_rested":1,"item_purchase_floors":[4,4,20,27,27,27,36,46],"current_hp_per_floor":[64,64,55,55,55,36,36,36,36,36,30,23,23,12,33,28,60,56,51,51,41,41,41,29,29,29,29,26,26,26,26,26,26,33,33,33,33,33,33,33,33,33,33,33,33,33,33,33,33,33],"gold":35,"neow_bonus":"BOSS_RELIC","is_prod":false,"is_daily":false,"chose_seed":false,"campfire_upgraded":8,"win_rate":0,"timestamp":1554665224,"path_taken":["M","?","M","?","?","E","?","R","T","?","M","?","R","M","R","BOSS","M","M","$","?","M","R","?","R","T","$","E","?","?","?","R","BOSS","M","$","?","?","M","R","?","M","T","?","E","?","R","M","R","BOSS"],"build_version":"2019-01-23","purchased_purges":2,"victory":true,"max_hp_per_floor":[71,71,71,71,71,71,71,71,71,71,71,71,71,71,71,71,71,71,71,71,71,71,71,71,71,71,71,71,71,35,35,35,35,35,35,35,35,35,35,35,35,35,35,35,35,35,35,35,35,35],"card_choices":[{"not_picked":[],"picked":"Lockon","floor":1.0},{"not_picked":[],"picked":"Conserve Battery","floor":3.0},{"not_picked":["All For One"],"picked":"SKIP","floor":6.0},{"not_picked":[],"picked":"Defragment","floor":7.0},{"not_picked":[],"picked":"Ball Lightning","floor":11.0},{"not_picked":[],"picked":"Doom and Gloom","floor":14.0},{"not_picked":[],"picked":"Reboot","floor":16.0},{"not_picked":["Storm"],"picked":"SKIP","floor":18.0},{"not_picked":[],"picked":"Skim","floor":19.0},{"not_picked":["Blizzard"],"picked":"SKIP","floor":21.0},{"not_picked":["Redo"],"picked":"SKIP","floor":22.0},{"not_picked":["Recycle"],"picked":"SKIP","floor":24.0},{"not_picked":["Reboot"],"picked":"SKIP","floor":28},{"not_picked":[],"picked":"Capacitor+1","floor":35},{"not_picked":["Redo"],"picked":"SKIP","floor":39},{"not_picked":["Sweeping Beam"],"picked":"SKIP","floor":42},{"not_picked":[],"picked":"Secret Technique","floor":44},{"not_picked":["Streamline+1"],"picked":"SKIP","floor":45},{"not_picked":[],"picked":"Coolheaded","floor":48}],"player_experience":768688,"relics_obtained":[{"floor":6.0,"key":"Smiling Mask"},{"floor":9.0,"key":"Orichalcum"},{"floor":10.0,"key":"Centennial Puzzle"},{"floor":26.0,"key":"Kunai"},{"floor":28,"key":"Whetstone"},{"floor":31,"key":"War Paint"},{"floor":43,"key":"Bronze Scales"},{"floor":45,"key":"Mummified Hand"}],"event_choices":[{"damage_healed":0.0,"max_hp_gain":0.0,"max_hp_loss":0.0,"gold_gain":0.0,"event_name":"Accursed Blacksmith","player_choice":"Forge","floor":2.0,"gold_loss":0.0,"damage_taken":0.0,"cards_upgraded":["Lockon"]},{"damage_healed":0.0,"max_hp_gain":0.0,"max_hp_loss":0.0,"gold_gain":0.0,"cards_transformed":["Strike_B"],"event_name":"Transmorgrifier","player_choice":"Transformed","floor":5.0,"gold_loss":0.0,"damage_taken":0.0,"cards_obtained":["Chaos"]},{"damage_healed":0.0,"max_hp_gain":0.0,"max_hp_loss":0.0,"gold_gain":50.0,"event_name":"FaceTrader","player_choice":"Touch","floor":12.0,"gold_loss":0.0,"damage_taken":7.0},{"damage_healed":0,"gold_gain":0,"player_choice":"Opened","damage_taken":0,"relics_obtained":["DataDisk"],"max_hp_gain":0,"max_hp_loss":0,"event_name":"The Mausoleum","floor":29,"gold_loss":0,"cards_obtained":["Writhe"]},{"damage_healed":0,"gold_gain":0,"player_choice":"Became a Ghost","damage_taken":0,"max_hp_gain":0,"max_hp_loss":36,"event_name":"Ghosts","floor":30,"gold_loss":0,"cards_obtained":["Ghostly","Ghostly","Ghostly"]},{"cards_removed":["Capacitor"],"damage_healed":0,"gold_gain":0,"player_choice":"Removed Power","damage_taken":0,"max_hp_gain":0,"max_hp_loss":0,"event_name":"Falling","floor":37,"gold_loss":0},{"damage_healed":0,"gold_gain":0,"player_choice":"Paid","damage_taken":0,"relics_obtained":["Red Mask"],"max_hp_gain":0,"max_hp_loss":0,"event_name":"Tomb of Lord Red Mask","floor":38,"gold_loss":90},{"damage_healed":0,"gold_gain":0,"player_choice":"Upgrade","damage_taken":0,"relics_obtained":["Mark of the Bloom"],"max_hp_gain":0,"max_hp_loss":0,"event_name":"MindBloom","floor":41,"gold_loss":0,"cards_upgraded":["Zap","Dualcast","Conserve Battery","Cold Snap","Melter","Ball Lightning","Chill","Core Surge","Storm","Skim","Static Discharge","Doom and Gloom","Ghostly","Ghostly"]},{"damage_healed":0,"gold_gain":0,"player_choice":"Memory 1","damage_taken":0,"max_hp_gain":0,"max_hp_loss":0,"event_name":"SensoryStone","floor":44,"gold_loss":0}],"is_beta":false,"boss_relics":[{"not_picked":["Velvet Choker","Nuclear Battery"],"picked":"Pandora\u0027s Box"},{"not_picked":["Lizard Tail","Tiny House"],"picked":"Snecko Eye"}],"items_purged_floors":[27,36],"is_endless":false,"potions_floor_spawned":[1,6,11,19,21,22,39,42,45],"ascension_level":16}