{"gold_per_floor":[118,133,152,165,180,205,205,215,262,276,276],"floor_reached":11,"playtime":839,"items_purged":[],"score":150,"play_id":"8176aa9a-659c-4ba1-a151-54ee6bc2be55","local_time":"20190415204026","is_ascension_mode":true,"campfire_choices":[],"neow_cost":"NONE","seed_source_timestamp":0,"circlet_count":0,"master_deck":["AscendersBane","Defend_G","Defend_G","Defend_G","Defend_G","Defend_G","Strike_G","Strike_G","Strike_G","Strike_G","Strike_G","Survivor","Neutralize","Dash","Dagger Throw","Caltrops","Blur","Footwork","Dodge and Roll","Well Laid Plans","Escape Plan"],"special_seed":0,"relics":["Ring of the Snake","Bag of Preparation","Boot"],"potions_floor_usage":[11,11],"damage_taken":[{"damage":1.0,"enemies":"Cultist","floor":1.0,"turns":4.0},{"damage":0.0,"enemies":"2 Louse","floor":2.0,"turns":4.0},{"damage":0.0,"enemies":"Jaw Worm","floor":3.0,"turns":7.0},{"damage":1.0,"enemies":"Looter","floor":4.0,"turns":4.0},{"damage":2.0,"enemies":"Red Slaver","floor":5.0,"turns":6.0},{"damage":25.0,"enemies":"3 Sentries","floor":6.0,"turns":12.0},{"damage":0.0,"enemies":"Blue Slaver","floor":8.0,"turns":5.0},{"damage":8,"enemies":"Exordium Thugs","floor":10,"turns":7},{"damage":42,"enemies":"Gremlin Nob","floor":11,"turns":4}],"seed_played":"-806804920843888678","potions_obtained":[{"floor":1.0,"key":"AttackPotion"},{"floor":2.0,"key":"FearPotion"},{"floor":8.0,"key":"GamblersBrew"}],"is_trial":false,"path_per_floor":["M","M","M","M","M","E","?","M","T","M","E"],"character_chosen":"THE_SILENT","items_purchased":[],"campfire_rested":0,"item_purchase_floors":[],"current_hp_per_floor":[64,64,64,63,61,36,36,36,36,28,0],"gold":276,"neow_bonus":"TEN_PERCENT_HP_BONUS","is_prod":false,"is_daily":false,"chose_seed":false,"campfire_upgraded":0,"win_rate":0,"timestamp":1555357226,"path_taken":["M","?","M","M","M","E","?","M","T","M","E"],"build_version":"2019-01-23","purchased_purges":0,"victory":false,"max_hp_per_floor":[72,72,72,72,72,72,72,72,72,72,72],"card_choices":[{"not_picked":["Masterful Stab","Blade Dance"],"picked":"Dash","floor":1.0},{"not_picked":["Expertise","Setup"],"picked":"Dagger Throw","floor":2.0},{"not_picked":["Setup","Cloak And Dagger"],"picked":"Caltrops","floor":3.0},{"not_picked":["Cloak And Dagger","Concentrate"],"picked":"Blur","floor":4.0},{"not_picked":["Dagger Spray","Acrobatics"],"picked":"Footwork","floor":5.0},{"not_picked":["Quick Slash","Phantasmal Killer"],"picked":"Dodge and Roll","floor":6.0},{"not_picked":["Caltrops","Dash"],"picked":"Well Laid Plans","floor":8.0},{"not_picked":["Quick Slash","Dagger Throw"],"picked":"Escape Plan","floor":10}],"player_experience":802235,"relics_obtained":[{"floor":6.0,"key":"Bag of Preparation"},{"floor":9.0,"key":"Boot"}],"event_choices":[{"damage_healed":0.0,"max_hp_gain":0.0,"max_hp_loss":0.0,"gold_gain":0.0,"event_name":"Match and Keep!","player_choice":"0 cards matched","floor":7.0,"gold_loss":0.0,"damage_taken":0.0,"cards_obtained":[]}],"is_beta":false,"boss_relics":[],"items_purged_floors":[],"is_endless":false,"potions_floor_spawned":[1,2,4,8],"killed_by":"Gremlin Nob","ascension_level":18}