{"gold_per_floor":[119,136,136,136,156,156,180,180,180,205,225,245,245,264,264,384],"floor_reached":16,"playtime":675,"items_purged":[],"score":146,"play_id":"d96480fc-40d8-4483-a983-3072544decb0","local_time":"20190225232533","is_ascension_mode":false,"campfire_choices":[{"data":"Bash","floor":6,"key":"SMITH"},{"data":"Armaments","floor":13,"key":"SMITH"},{"floor":15,"key":"REST"}],"neow_cost":"NONE","seed_source_timestamp":338077243660948,"circlet_count":0,"master_deck":["Strike_R","Strike_R","Strike_R","Defend_R","Defend_R","Defend_R","Defend_R","Bash+1","Anger","Warcry","Iron Wave","Dropkick","Searing Blow","Immolate","Armaments+1","Uppercut","Immolate"],"relics":["Runic Dome","Golden Idol"],"potions_floor_usage":[11,12,14,16,16],"damage_taken":[{"damage":0,"enemies":"2 Louse","floor":1,"turns":3},{"damage":4,"enemies":"Small Slimes","floor":2,"turns":3},{"damage":1,"enemies":"Cultist","floor":5,"turns":3},{"damage":11,"enemies":"Lots of Slimes","floor":7,"turns":3},{"damage":7,"enemies":"3 Louse","floor":10,"turns":3},{"damage":0,"enemies":"Looter","floor":11,"turns":1},{"damage":8,"enemies":"Red Slaver","floor":12,"turns":3},{"damage":10,"enemies":"Exordium Thugs","floor":14,"turns":3},{"damage":31,"enemies":"The Guardian","floor":16,"turns":8}],"seed_played":"-2363770989689756658","potions_obtained":[{"floor":1,"key":"Explosive Potion"},{"floor":5,"key":"SkillPotion"},{"floor":10,"key":"Fruit Juice"},{"floor":11,"key":"Poison Potion"},{"floor":12,"key":"PowerPotion"}],"is_trial":false,"path_per_floor":["M","M","?","?","M","R","M","?","T","M","M","M","R","M","R","B"],"character_chosen":"IRONCLAD","items_purchased":[],"campfire_rested":1,"item_purchase_floors":[],"current_hp_per_floor":[80,76,76,56,55,55,44,44,44,37,37,29,29,19,43,17],"gold":384,"neow_bonus":"BOSS_RELIC","is_prod":false,"is_daily":false,"chose_seed":false,"campfire_upgraded":2,"win_rate":0,"timestamp":1551137133,"path_taken":["M","M","?","?","M","R","M","?","T","?","M","?","R","M","R","BOSS"],"build_version":"2019-01-23","purchased_purges":0,"victory":false,"max_hp_per_floor":[80,80,80,80,80,80,80,80,80,80,80,80,80,80,80,85],"card_choices":[{"not_picked":["Seeing Red","Warcry","Bloodletting"],"picked":"SKIP","floor":1},{"not_picked":["Dual Wield","Disarm"],"picked":"Anger","floor":2},{"not_picked":["Thunderclap","Shrug It Off"],"picked":"Iron Wave","floor":5},{"not_picked":["Body Slam","Burning Pact"],"picked":"Dropkick","floor":7},{"not_picked":["Spot Weakness","Twin Strike"],"picked":"Searing Blow","floor":10},{"not_picked":["Cleave","True Grit"],"picked":"Immolate","floor":11},{"not_picked":["Whirlwind","Battle Trance"],"picked":"Armaments","floor":12},{"not_picked":["Heavy Blade","Pummel"],"picked":"Uppercut","floor":14},{"not_picked":["Exhume","Offering"],"picked":"Immolate","floor":16}],"player_experience":500165,"relics_obtained":[],"event_choices":[{"damage_healed":0,"gold_gain":0,"cards_transformed":["Strike_R"],"player_choice":"Change","damage_taken":0,"max_hp_gain":0,"max_hp_loss":0,"event_name":"Living Wall","floor":3,"gold_loss":0,"cards_obtained":["Warcry"]},{"damage_healed":0,"gold_gain":0,"player_choice":"Take Damage","damage_taken":20,"relics_obtained":["Golden Idol"],"max_hp_gain":0,"max_hp_loss":0,"event_name":"Golden Idol","floor":4,"gold_loss":0},{"cards_removed":["Strike_R"],"damage_healed":0,"gold_gain":0,"player_choice":"Purged","damage_taken":0,"max_hp_gain":0,"max_hp_loss":0,"event_name":"Purifier","floor":8,"gold_loss":0}],"is_beta":false,"boss_relics":[],"items_purged_floors":[],"is_endless":false,"potions_floor_spawned":[1,5,10,11,12],"killed_by":"The Guardian","ascension_level":0}