{"gold_per_floor":[114,114,129,129,129,129,157,238,238,238,254,264,264,264,264,264],"floor_reached":16,"playtime":865,"items_purged":[],"score":98,"play_id":"a886aff0-5dfd-4a09-a934-e353c9d041ac","local_time":"20190105193819","is_ascension_mode":false,"campfire_choices":[{"floor":6,"key":"RECALL"},{"data":"Dagger Spray","floor":13,"key":"SMITH"},{"data":"Neutralize","floor":15,"key":"SMITH"}],"neow_cost":"NONE","seed_source_timestamp":588648646875837,"circlet_count":0,"master_deck":["Defend_G","Defend_G+1","Defend_G","Defend_G","Defend_G","Strike_G","Strike_G","Strike_G","Strike_G","Strike_G","Survivor","Neutralize+1","Caltrops+1","Dagger Spray+1","PiercingWail","Caltrops","Bullet Time"],"relics":["Ring of the Snake","The Specimen","Meat on the Bone","Snake Skull"],"potions_floor_usage":[7,16,16],"damage_taken":[{"damage":2,"enemies":"Small Slimes","floor":1,"turns":4},{"damage":3,"enemies":"Jaw Worm","floor":3,"turns":5},{"damage":45,"enemies":"3 Sentries","floor":7,"turns":6},{"damage":0,"enemies":"2 Louse","floor":11,"turns":4},{"damage":4,"enemies":"2 Fungi Beasts","floor":12,"turns":3},{"damage":41,"enemies":"Slime Boss","floor":16,"turns":12}],"seed_played":"-4558618878600720618","potions_obtained":[{"floor":3,"key":"Energy Potion"},{"floor":7,"key":"Ancient Potion"},{"floor":10,"key":"Dexterity Potion"},{"floor":10,"key":"SpeedPotion"}],"is_trial":false,"path_per_floor":["M","?","M","?","T","R","E","T","T","?","M","M","R","?","R","B"],"character_chosen":"THE_SILENT","items_purchased":[],"campfire_rested":0,"item_purchase_floors":[],"current_hp_per_floor":[75,75,72,57,57,57,12,12,12,12,24,32,32,37,37,0],"gold":264,"neow_bonus":"TEN_PERCENT_HP_BONUS","is_prod":false,"is_daily":false,"chose_seed":false,"campfire_upgraded":2,"win_rate":0,"timestamp":1546717099,"path_taken":["M","?","M","?","?","R","E","?","T","?","?","M","R","?","R","BOSS"],"build_version":"2019-01-03v4","purchased_purges":0,"victory":false,"max_hp_per_floor":[77,77,77,77,77,77,77,77,77,77,77,77,77,82,82,82],"card_choices":[{"not_picked":["PiercingWail","Setup"],"picked":"Caltrops","floor":1},{"not_picked":["Dagger Throw","Sucker Punch"],"picked":"Dagger Spray","floor":3},{"not_picked":["Tactician","Prepared"],"picked":"PiercingWail","floor":7},{"not_picked":["Cloak And Dagger","All Out Attack"],"picked":"Caltrops","floor":11},{"not_picked":["Prepared","Sucker Punch"],"picked":"Bullet Time","floor":12}],"player_experience":441848,"relics_obtained":[{"floor":7,"key":"The Specimen"},{"floor":8,"key":"Meat on the Bone"},{"floor":9,"key":"Snake Skull"}],"event_choices":[{"damage_healed":0,"gold_gain":0,"player_choice":"Ignored","damage_taken":0,"max_hp_gain":0,"max_hp_loss":0,"event_name":"Liars Game","floor":2,"gold_loss":0},{"damage_healed":0,"gold_gain":0,"player_choice":"Entered Light","damage_taken":15,"max_hp_gain":0,"max_hp_loss":0,"event_name":"Shining Light","floor":4,"gold_loss":0,"cards_upgraded":["Defend_G","Caltrops"]},{"damage_healed":0,"gold_gain":0,"player_choice":"Got Potions","damage_taken":0,"max_hp_gain":0,"max_hp_loss":0,"event_name":"Lab","floor":10,"gold_loss":0},{"damage_healed":0,"gold_gain":0,"player_choice":"Donut","damage_taken":0,"max_hp_gain":5,"max_hp_loss":0,"event_name":"Big Fish","floor":14,"gold_loss":0}],"is_beta":false,"boss_relics":[],"items_purged_floors":[],"is_endless":false,"potions_floor_spawned":[3,7],"killed_by":"Slime Boss","ascension_level":0}