{"gold_per_floor":[364,424,134,134,151,151,184,195,218,218,235,268,268,279,279,357,357,377,377,394,410,423,448,448,301,301,301,312,322,14,41,41,120,120,136,136,136,32,32,32,61,61,61,61,90,110,120,133,133,133],"floor_reached":51,"playtime":7358,"items_purged":["Strike_B","Strike_B","Strike_B"],"score":1351,"play_id":"eb143914-72a6-48f3-a5c0-97859f310f8e","local_time":"20190413161022","is_ascension_mode":true,"campfire_choices":[{"data":"Loop","floor":6.0,"key":"SMITH"},{"floor":10.0,"key":"REST"},{"floor":15.0,"key":"REST"},{"floor":24.0,"key":"REST"},{"data":"Defragment","floor":27.0,"key":"SMITH"},{"floor":32.0,"key":"REST"},{"data":"Coolheaded","floor":40.0,"key":"SMITH"},{"data":"Defragment","floor":42.0,"key":"SMITH"},{"floor":44.0,"key":"REST"},{"floor":49,"key":"REST"}],"neow_cost":"PERCENT_DAMAGE","seed_source_timestamp":146017477468689,"circlet_count":0,"master_deck":["AscendersBane","Strike_B","Defend_B","Defend_B","Defend_B","Zap","Dualcast","Doom and Gloom+1","Loop+1","Redo","Steam","Sweeping Beam","Coolheaded+1","Genetic Algorithm","Reboot","Consume","Loop+1","Ball Lightning+1","Conserve Battery","Capacitor","Stack+1","Defragment+1","Defragment+1","Infinite Blades","Reboot","Infinite Blades","Cloak And Dagger","Backflip","Ghostly Armor+1","Twin Strike+1","Dodge and Roll","FTL+1","Flame Barrier+1"],"special_seed":0,"relics":["Cracked Core","Anchor","Centennial Puzzle","Bag of Marbles","Smiling Mask","CultistMask","Nuclear Battery","Regal Pillow","Kunai","PrismaticShard","Bottled Tornado","Orrery","Whetstone","Du-Vu Doll","Juzu Bracelet"],"potions_floor_usage":[50,50],"damage_taken":[{"damage":0.0,"enemies":"2 Louse","floor":1.0,"turns":3.0},{"damage":0.0,"enemies":"Jaw Worm","floor":5.0,"turns":3.0},{"damage":25.0,"enemies":"Lagavulin","floor":7.0,"turns":5.0},{"damage":1.0,"enemies":"Cultist","floor":8.0,"turns":3.0},{"damage":0.0,"enemies":"2 Fungi Beasts","floor":11.0,"turns":2.0},{"damage":20.0,"enemies":"3 Sentries","floor":12.0,"turns":4.0},{"damage":0.0,"enemies":"Exordium Thugs","floor":14.0,"turns":2.0},{"damage":36.0,"enemies":"Slime Boss","floor":16.0,"turns":8.0},{"damage":10.0,"enemies":"Chosen","floor":18.0,"turns":5.0},{"damage":1.0,"enemies":"Spheric Guardian","floor":20.0,"turns":4.0},{"damage":9.0,"enemies":"Snake Plant","floor":21.0,"turns":3.0},{"damage":0.0,"enemies":"Snecko","floor":22.0,"turns":4.0},{"damage":28.0,"enemies":"Book of Stabbing","floor":23.0,"turns":7.0},{"damage":0.0,"enemies":"Centurion and Healer","floor":28.0,"turns":10.0},{"damage":12.0,"enemies":"Shelled Parasite and Fungi","floor":29.0,"turns":3.0},{"damage":21.0,"enemies":"Gremlin Leader","floor":31.0,"turns":8.0},{"damage":30.0,"enemies":"Champ","floor":33.0,"turns":12.0},{"damage":6.0,"enemies":"Orb Walker","floor":35.0,"turns":4.0},{"damage":21.0,"enemies":"Nemesis","floor":41.0,"turns":11.0},{"damage":16.0,"enemies":"Giant Head","floor":45.0,"turns":13.0},{"damage":21.0,"enemies":"3 Darklings","floor":46.0,"turns":4.0},{"damage":5.0,"enemies":"Jaw Worm Horde","floor":47.0,"turns":3.0},{"damage":14,"enemies":"Writhing Mass","floor":48,"turns":10},{"damage":44,"enemies":"Donu and Deca","floor":50,"turns":21}],"seed_played":"-1692328821968797010","potions_obtained":[{"floor":5.0,"key":"Explosive Potion"},{"floor":7.0,"key":"Poison Potion"},{"floor":12.0,"key":"Strength Potion"},{"floor":14.0,"key":"Explosive Potion"},{"floor":16.0,"key":"SkillPotion"},{"floor":18.0,"key":"Block Potion"},{"floor":22.0,"key":"SteroidPotion"},{"floor":31.0,"key":"EssenceOfSteel"},{"floor":33.0,"key":"FearPotion"},{"floor":46.0,"key":"Dexterity Potion"},{"floor":48,"key":"SkillPotion"}],"is_trial":false,"path_per_floor":["M","?","$","?","M","R","E","M","T","R","M","E","?","M","R","B",null,"M","?","M","M","M","E","R","$","T","R","M","M","$","E","R","B",null,"M","?","?","$","?","R","E","R","T","R","E","M","M","M","R","B",null],"character_chosen":"DEFECT","items_purchased":["Anchor","Poison Potion","Defragment","PowerPotion","PrismaticShard","Defragment","PowerPotion"],"campfire_rested":6,"item_purchase_floors":[3,3,25,25,30,30,38],"current_hp_per_floor":[46,46,46,46,46,46,21,20,20,41,41,21,21,21,42,6,55,45,45,44,35,35,7,43,43,43,43,43,31,31,10,46,16,57,51,51,51,51,51,51,30,30,30,66,50,29,24,10,46,2],"gold":133,"neow_bonus":"TWO_FIFTY_GOLD","is_prod":false,"is_daily":false,"chose_seed":false,"campfire_upgraded":4,"win_rate":0,"timestamp":1555168222,"path_taken":["M","?","$","?","?","R","E","M","T","R","M","E","?","M","R","BOSS","M","?","M","?","?","E","R","$","T","R","M","M","$","E","R","BOSS","M","?","?","$","?","R","E","R","T","R","E","M","M","M","R","BOSS"],"build_version":"2019-01-23","purchased_purges":3,"victory":true,"max_hp_per_floor":[71,71,71,71,71,71,71,71,71,71,71,71,71,71,71,71,71,71,71,71,71,71,71,71,71,71,71,71,71,71,71,71,71,71,71,71,71,71,71,71,71,71,71,71,71,71,71,71,71,71],"card_choices":[{"not_picked":["Cold Snap","Lockon"],"picked":"Doom and Gloom","floor":1.0},{"not_picked":["Beam Cell","Streamline"],"picked":"Loop","floor":5.0},{"not_picked":["Compile Driver","Reboot"],"picked":"Redo","floor":7.0},{"not_picked":["Storm","Aggregate"],"picked":"Steam","floor":8.0},{"not_picked":["Barrage","Darkness"],"picked":"Sweeping Beam","floor":11.0},{"not_picked":["Turbo","Meteor Strike"],"picked":"Coolheaded","floor":12.0},{"not_picked":["Cold Snap","Stack"],"picked":"Genetic Algorithm","floor":14.0},{"not_picked":["Meteor Strike","Thunder Strike"],"picked":"Reboot","floor":16.0},{"not_picked":["Aggregate","Steam"],"picked":"Consume","floor":18.0},{"not_picked":["Doom and Gloom","Sweeping Beam"],"picked":"Ball Lightning","floor":20.0},{"not_picked":["Cold Snap","Force Field"],"picked":"Conserve Battery","floor":21.0},{"not_picked":["Redo","BootSequence"],"picked":"Capacitor","floor":22.0},{"not_picked":["BootSequence","Undo"],"picked":"Stack+1","floor":23.0},{"not_picked":["Conserve Battery","Blizzard","Steam"],"picked":"SKIP","floor":28.0},{"not_picked":["Ball Lightning","Sweeping Beam","Scrape+1"],"picked":"SKIP","floor":29.0},{"not_picked":["Dagger Throw","Dramatic Entrance+1"],"picked":"Infinite Blades","floor":31.0},{"not_picked":["Unload","Demon Form"],"picked":"Reboot","floor":33.0},{"not_picked":["Darkness","Ghostly Armor"],"picked":"Infinite Blades","floor":34.0},{"not_picked":["Bane","Poisoned Stab"],"picked":"Cloak And Dagger","floor":34.0},{"not_picked":["Headbutt","True Grit"],"picked":"Backflip","floor":34.0},{"not_picked":["Rip and Tear","Shockwave"],"picked":"Ghostly Armor+1","floor":34.0},{"not_picked":["Carnage","Streamline"],"picked":"Twin Strike+1","floor":34.0},{"not_picked":["Headbutt","Flex+1"],"picked":"Dodge and Roll","floor":35.0},{"not_picked":["Hologram","Ghostly Armor"],"picked":"FTL","floor":41.0},{"not_picked":["Sword Boomerang","Infernal Blade+1","Carnage+1"],"picked":"SKIP","floor":45.0},{"not_picked":["Bouncing Flask","Prepared","Turbo"],"picked":"SKIP","floor":46.0},{"not_picked":["Jack Of All Trades","Prepared"],"picked":"Flame Barrier+1","floor":47.0},{"not_picked":["Poisoned Stab","Blade Dance","Pommel Strike"],"picked":"SKIP","floor":48}],"player_experience":788308,"relics_obtained":[{"floor":7.0,"key":"Centennial Puzzle"},{"floor":9.0,"key":"Bag of Marbles"},{"floor":12.0,"key":"Smiling Mask"},{"floor":23.0,"key":"Regal Pillow"},{"floor":26.0,"key":"Kunai"},{"floor":31.0,"key":"Bottled Tornado"},{"floor":41.0,"key":"Whetstone"},{"floor":43.0,"key":"Du-Vu Doll"},{"floor":45.0,"key":"Juzu Bracelet"}],"event_choices":[{"damage_healed":0.0,"max_hp_gain":0.0,"max_hp_loss":0.0,"gold_gain":60.0,"event_name":"Golden Wing","player_choice":"Gained Gold","floor":2.0,"gold_loss":0.0,"damage_taken":0.0},{"damage_healed":0.0,"max_hp_gain":0.0,"max_hp_loss":0.0,"gold_gain":0.0,"event_name":"Upgrade Shrine","player_choice":"Upgraded","floor":4.0,"gold_loss":0.0,"damage_taken":0.0,"cards_upgraded":["Doom and Gloom"]},{"damage_healed":0.0,"max_hp_gain":0.0,"max_hp_loss":0.0,"gold_gain":0.0,"event_name":"FaceTrader","player_choice":"Trade","floor":13.0,"gold_loss":0.0,"damage_taken":0.0,"relics_obtained":["CultistMask"]},{"damage_healed":0.0,"max_hp_gain":0.0,"max_hp_loss":0.0,"gold_gain":0.0,"event_name":"Duplicator","player_choice":"Copied","floor":19.0,"gold_loss":0.0,"damage_taken":0.0,"cards_obtained":["Loop"]},{"damage_healed":0.0,"max_hp_gain":0.0,"max_hp_loss":0.0,"gold_gain":0.0,"event_name":"Mysterious Sphere","player_choice":"Ignored","floor":36.0,"gold_loss":0.0,"damage_taken":0.0},{"damage_healed":0.0,"max_hp_gain":0.0,"max_hp_loss":0.0,"gold_gain":0.0,"event_name":"SensoryStone","player_choice":"Memory 1","floor":37.0,"gold_loss":0.0,"damage_taken":0.0},{"cards_removed":["Defend_B"],"damage_healed":0.0,"max_hp_gain":0.0,"max_hp_loss":0.0,"gold_gain":0.0,"event_name":"Falling","player_choice":"Removed Skill","floor":39.0,"gold_loss":0.0,"damage_taken":0.0}],"is_beta":false,"boss_relics":[{"not_picked":["Ectoplasm","Coffee Dripper"],"picked":"Nuclear Battery"},{"not_picked":["Pandora\u0027s Box","Astrolabe"],"picked":"Orrery"}],"items_purged_floors":[3,25,38],"is_endless":false,"potions_floor_spawned":[5,7,12,14,16,18,22,29,31,33,46,48],"ascension_level":17}