{"path_per_floor":["M","?","$","M","?","E","M","M","T","R","M","?","R","E","R","B",null,"M","?","$","?","M"],"character_chosen":"THE_SILENT","items_purchased":["Ice Cream"],"gold_per_floor":[116,116,41,56,6,34,44,55,82,82,99,99,99,143,143,267,267,287,287,0,0,13],"floor_reached":23,"campfire_rested":2,"playtime":1410,"current_hp_per_floor":[73,78,78,73,73,41,29,21,21,21,16,16,40,25,49,43,82,61,61,61,61,58],"items_purged":["Regret"],"gold":13,"score":229,"play_id":"ac101fa3-a967-4a44-b4a8-f28710843b5e","is_prod":false,"is_daily":false,"is_ascension_mode":true,"campfire_upgraded":1,"path_taken":["M","?","$","?","?","E","M","M","T","R","M","?","R","E","R","BOSS","M","?","?","?","?","E"],"build_version":"2018-02-08-PROD1","purchased_purges":1,"victory":false,"master_deck":["Defend_G","Defend_G","Defend_G","Defend_G","Defend_G+1","Strike_G","Strike_G","Strike_G","Strike_G","Survivor","Neutralize","Injury","Crippling Poison+1","Acrobatics","Predator","Noxious Fumes+1","Outmaneuver","Catalyst","Injury","Backstab","Burst","Noxious Fumes","Die Die Die"],"max_hp_per_floor":[77,82,82,82,82,82,82,82,82,82,82,82,82,82,82,82,82,82,82,82,82,82],"relics":["Calling Bell","Oddly Smooth Stone","Bronze Scales","Strawberry","Du-Vu Doll","War Paint","Golden Idol","Tingsha","The Specimen","Ice Cream"],"card_choices":[{"not_picked":["Cloak And Dagger","PiercingWail"],"picked":"Crippling Poison"},{"not_picked":["Quick Slash","Backflip"],"picked":"Acrobatics"},{"not_picked":["Storm of Steel","Die Die Die"],"picked":"Predator"},{"not_picked":["Deflect","Quick Slash"],"picked":"Noxious Fumes"},{"not_picked":["Flechettes","Blade Dance"],"picked":"Outmaneuver"},{"not_picked":["Quick Slash","Cloak And Dagger"],"picked":"Catalyst"},{"not_picked":["Malaise","Bouncing Flask"],"picked":"Backstab"},{"not_picked":["Wraith Form","Phantasmal Killer"],"picked":"Burst"},{"not_picked":["Dash","Backstab"],"picked":"Noxious Fumes"}],"player_experience":127300,"potions_floor_usage":[6],"damage_taken":[{"damage":4,"enemies":"Small Slimes","floor":1,"turns":4},{"damage":5,"enemies":"Cultist","floor":4,"turns":6},{"damage":32,"enemies":"Lagavulin","floor":6,"turns":10},{"damage":12,"enemies":"Blue Slaver","floor":7,"turns":3},{"damage":8,"enemies":"Lots of Slimes","floor":8,"turns":4},{"damage":5,"enemies":"Exordium Thugs","floor":11,"turns":5},{"damage":15,"enemies":"3 Sentries","floor":14,"turns":7},{"damage":6,"enemies":"The Guardian","floor":16,"turns":8},{"damage":21,"enemies":"Spheric Guardian","floor":18,"turns":6},{"damage":3,"enemies":"Chosen","floor":22,"turns":5},{"damage":58,"enemies":"Book of Stabbing","floor":23,"turns":4}],"event_choices":[{"event_name":"Big Fish","player_choice":"Donut","floor":2,"damage_taken":0},{"event_name":"The Cleric","player_choice":"Card Removal","floor":5,"damage_taken":0},{"event_name":"Golden Idol","player_choice":"Take Wound","floor":12,"damage_taken":0},{"event_name":"Transmorgrifier","player_choice":"Transform","floor":19,"damage_taken":0},{"event_name":"Drug Dealer","player_choice":"Ignored","floor":21,"damage_taken":0}],"boss_relics":[{"not_picked":["Sozu","Black Star"],"picked":"The Specimen"}],"potions_floor_spawned":[1,6,14,16,18],"seed_played":"3493462521662309648","killed_by":"Book of Stabbing","ascension_level":3,"is_trial":false}