{"gold_per_floor":[111,124,137,150,150,150,179,199,199,199,199,199,229,240,240,338,338,355,374,390,409,409,442,442,468,521,533,553,652,652,686,686,784,784,794,794,807,820,820,846,846,864,864,58,74,93,93,128,128,128],"floor_reached":50,"playtime":3676,"items_purged":["Shame"],"score":781,"play_id":"82a5cba9-c699-47d2-89b6-2f60c6c5a959","local_time":"20190817230302","is_ascension_mode":true,"campfire_choices":[{"data":"Well Laid Plans","floor":6,"key":"SMITH"},{"data":"Neutralize","floor":10,"key":"SMITH"},{"data":"Poisoned Stab","floor":12,"key":"SMITH"},{"floor":15,"key":"REST"},{"floor":24,"key":"REST"},{"floor":30,"key":"REST"},{"floor":32,"key":"REST"},{"floor":41,"key":"REST"},{"floor":47,"key":"REST"},{"floor":49,"key":"REST"}],"neow_cost":"NONE","seed_source_timestamp":709547831242347,"circlet_count":0,"master_deck":["Strike_G+1","Strike_G+1","Strike_G+1","Strike_G+1","Strike_G+1","Defend_G+1","Defend_G+1","Defend_G+1","Defend_G+1","Survivor","Neutralize+1","Finesse","Well Laid Plans+1","Predator","Backflip","PiercingWail","Poisoned Stab+1","Backflip","Escape Plan","Footwork","Doppelganger","Flying Knee","Bouncing Flask","Dodge and Roll","Bouncing Flask+1","Noxious Fumes+1","Escape Plan","Die Die Die","Calculated Gamble","Escape Plan+1","Bullet Time","Terror","Panache+1","Backstab"],"relics":["Ring of the Snake","Sundial","Boot","The Courier","Mercury Hourglass","Sozu","Frozen Egg 2","Snake Skull","Happy Flower","Art of War","Cursed Key","Oddly Smooth Stone","Gremlin Horn","Ninja Scroll","PreservedInsect","Regal Pillow","Medical Kit"],"potions_floor_usage":[7,13,16,38],"damage_taken":[{"damage":2,"enemies":"2 Louse","floor":1,"turns":4},{"damage":0,"enemies":"Small Slimes","floor":2,"turns":3},{"damage":0,"enemies":"Cultist","floor":3,"turns":4},{"damage":4,"enemies":"Looter","floor":4,"turns":3},{"damage":8,"enemies":"Lagavulin","floor":7,"turns":9},{"damage":0,"enemies":"Exordium Wildlife","floor":8,"turns":4},{"damage":18,"enemies":"Gremlin Nob","floor":13,"turns":4},{"damage":4,"enemies":"3 Louse","floor":14,"turns":3},{"damage":11,"enemies":"The Guardian","floor":16,"turns":11},{"damage":2,"enemies":"Shell Parasite","floor":18,"turns":5},{"damage":5,"enemies":"2 Thieves","floor":19,"turns":4},{"damage":1,"enemies":"Snake Plant","floor":20,"turns":4},{"damage":10,"enemies":"3 Cultists","floor":21,"turns":6},{"damage":21,"enemies":"Slavers","floor":23,"turns":7},{"damage":0,"enemies":"Book of Stabbing","floor":25,"turns":5},{"damage":16,"enemies":"Centurion and Healer","floor":27,"turns":7},{"damage":0,"enemies":"Chosen and Byrds","floor":28,"turns":4},{"damage":17,"enemies":"Gremlin Leader","floor":31,"turns":5},{"damage":0,"enemies":"Collector","floor":33,"turns":8},{"damage":13,"enemies":"3 Darklings","floor":35,"turns":5},{"damage":2,"enemies":"Orb Walker","floor":37,"turns":2},{"damage":0,"enemies":"Writhing Mass","floor":38,"turns":6},{"damage":36,"enemies":"Reptomancer","floor":40,"turns":6},{"damage":0,"enemies":"4 Shapes","floor":42,"turns":3},{"damage":0,"enemies":"Maw","floor":45,"turns":4},{"damage":16,"enemies":"Sphere and 2 Shapes","floor":46,"turns":4},{"damage":26,"enemies":"Nemesis","floor":48,"turns":5},{"damage":71,"enemies":"Donu and Deca","floor":50,"turns":5}],"seed_played":"4168133261594134611","potions_obtained":[{"floor":3,"key":"SteroidPotion"},{"floor":8,"key":"Swift Potion"},{"floor":11,"key":"Strength Potion"},{"floor":11,"key":"Block Potion"},{"floor":13,"key":"Energy Potion"}],"is_trial":false,"path_per_floor":["M","M","M","M","?","R","E","M","T","R","?","R","E","M","R","B",null,"M","M","M","M","?","E","R","E","T","M","M","?","R","E","R","B",null,"M","?","M","M","?","E","R","M","T","$","M","M","R","E","R","B"],"character_chosen":"THE_SILENT","items_purchased":["Panache+1","Ninja Scroll","PreservedInsect","Regal Pillow","Medical Kit"],"campfire_rested":7,"item_purchase_floors":[44,44,44,44,44],"current_hp_per_floor":[68,68,68,64,57,57,49,49,49,49,49,49,31,27,48,37,70,68,63,62,52,52,31,52,52,52,36,36,36,57,40,61,61,70,57,57,55,55,55,19,40,40,40,40,40,24,60,34,70,0],"gold":128,"neow_bonus":"RANDOM_COLORLESS","is_prod":false,"is_daily":false,"chose_seed":false,"campfire_upgraded":3,"win_rate":0,"timestamp":1566075782,"path_taken":["M","M","M","M","?","R","E","M","T","R","?","R","E","M","R","BOSS","M","M","?","M","?","E","R","E","T","M","M","?","R","E","R","BOSS","M","?","M","M","?","E","R","M","T","$","M","M","R","E","R","BOSS"],"build_version":"2019-07-17","purchased_purges":1,"victory":false,"max_hp_per_floor":[70,70,70,70,70,70,70,70,70,70,70,70,70,70,70,70,70,70,70,70,70,70,70,70,70,70,70,70,70,70,70,70,70,70,70,70,70,70,70,70,70,70,70,70,70,70,70,70,70,70],"card_choices":[{"not_picked":["Slice","Acrobatics"],"picked":"Well Laid Plans","floor":1},{"not_picked":["Slice","Dagger Throw"],"picked":"Predator","floor":2},{"not_picked":["Prepared","Acrobatics"],"picked":"Backflip","floor":3},{"not_picked":["Prepared","Heel Hook"],"picked":"PiercingWail","floor":4},{"not_picked":["Choke","Underhanded Strike"],"picked":"Poisoned Stab","floor":7},{"not_picked":["Dagger Throw","Reflex"],"picked":"Backflip","floor":8},{"not_picked":["Finisher","Heel Hook"],"picked":"Escape Plan","floor":13},{"not_picked":["Bouncing Flask","Phantasmal Killer"],"picked":"Footwork","floor":14},{"not_picked":["Phantasmal Killer","Die Die Die"],"picked":"Doppelganger","floor":16},{"not_picked":["Riddle With Holes","Dagger Throw"],"picked":"Flying Knee","floor":18},{"not_picked":["Dodge and Roll","Poisoned Stab"],"picked":"Bouncing Flask","floor":19},{"not_picked":["Flechettes","Poisoned Stab","Reflex"],"picked":"SKIP","floor":20},{"not_picked":["Storm of Steel","Prepared+1"],"picked":"Dodge and Roll","floor":21},{"not_picked":["Distraction+1","All Out Attack"],"picked":"Bouncing Flask+1","floor":23},{"not_picked":["Expertise","Backflip+1","Dagger Spray"],"picked":"SKIP","floor":25},{"not_picked":["Dagger Spray","Flying Knee+1","Choke"],"picked":"SKIP","floor":27},{"not_picked":["Crippling Poison","Acrobatics"],"picked":"Noxious Fumes+1","floor":28},{"not_picked":["Tactician+1","Reflex"],"picked":"Escape Plan","floor":31},{"not_picked":["Night Terror","Venomology"],"picked":"Die Die Die","floor":33},{"not_picked":["Quick Slash+1","Sucker Punch","Choke"],"picked":"SKIP","floor":35},{"not_picked":["Endless Agony","Sucker Punch"],"picked":"Calculated Gamble","floor":37},{"not_picked":["Dagger Spray","Flying Knee+1"],"picked":"Escape Plan+1","floor":38},{"not_picked":["Slice+1","Dagger Throw"],"picked":"Bullet Time","floor":40},{"not_picked":["Quick Slash","Riddle With Holes"],"picked":"Terror","floor":42},{"not_picked":["Blade Dance+1","Reflex+1","Dagger Spray"],"picked":"SKIP","floor":45},{"not_picked":["Underhanded Strike","Dagger Spray","Accuracy+1"],"picked":"SKIP","floor":46},{"not_picked":["Blade Dance","Backflip+1"],"picked":"Backstab","floor":48}],"player_experience":124397,"relics_obtained":[{"floor":7,"key":"Boot"},{"floor":9,"key":"The Courier"},{"floor":13,"key":"Mercury Hourglass"},{"floor":23,"key":"Frozen Egg 2"},{"floor":25,"key":"Snake Skull"},{"floor":26,"key":"Happy Flower"},{"floor":31,"key":"Art of War"},{"floor":40,"key":"Oddly Smooth Stone"},{"floor":43,"key":"Gremlin Horn"}],"event_choices":[{"damage_healed":0,"gold_gain":0,"player_choice":"Success","damage_taken":7,"relics_obtained":["Sundial"],"max_hp_gain":0,"max_hp_loss":0,"event_name":"Scrap Ooze","floor":5,"gold_loss":0},{"damage_healed":0,"gold_gain":0,"player_choice":"Got Potions","damage_taken":0,"max_hp_gain":0,"max_hp_loss":0,"event_name":"Lab","floor":11,"gold_loss":0},{"damage_healed":0,"gold_gain":0,"player_choice":"Simplicity","damage_taken":0,"max_hp_gain":0,"max_hp_loss":0,"event_name":"Back to Basics","floor":22,"gold_loss":0,"cards_upgraded":["Strike_G","Strike_G","Strike_G","Strike_G","Strike_G","Defend_G","Defend_G","Defend_G","Defend_G","Defend_G"]},{"damage_healed":0,"gold_gain":99,"player_choice":"Stole From Cult","damage_taken":0,"max_hp_gain":0,"max_hp_loss":0,"event_name":"Nest","floor":29,"gold_loss":0},{"cards_removed":["Defend_G"],"damage_healed":0,"gold_gain":0,"player_choice":"Removed Skill","damage_taken":0,"max_hp_gain":0,"max_hp_loss":0,"event_name":"Falling","floor":36,"gold_loss":0},{"damage_healed":0,"gold_gain":0,"player_choice":"Ignored","damage_taken":0,"max_hp_gain":0,"max_hp_loss":0,"event_name":"Mysterious Sphere","floor":39,"gold_loss":0}],"is_beta":false,"boss_relics":[{"not_picked":["WristBlade","Snecko Eye"],"picked":"Sozu"},{"not_picked":["White Beast Statue","Pandora\u0027s Box"],"picked":"Cursed Key"}],"items_purged_floors":[44],"is_endless":false,"potions_floor_spawned":[3,8,13,14,18,25,28,33,37,40,48],"killed_by":"Donu and Deca","ascension_level":4}