{"gold_per_floor":[12,24,24,34,34,34,34,67,67,93,93,118,118,148,148,246,246,262,234,249,266,281,281,24,24,24,24,42,42,53,65,65,163,163,182,200,223,223,239,271,211,211,289,309,358,358,65,79,79,79],"floor_reached":51,"playtime":6123,"items_purged":["Strike_R","Defend_R"],"score":657,"play_id":"f76f1492-0d8d-46b5-96b1-95a5f1317d21","local_time":"20190404173354","is_ascension_mode":false,"campfire_choices":[{"data":"Armaments","floor":6,"key":"SMITH"},{"data":"Armaments","floor":13,"key":"SMITH"},{"floor":15,"key":"REST"},{"data":"Barricade","floor":23,"key":"SMITH"},{"data":"Double Tap","floor":25,"key":"SMITH"},{"data":"Dual Wield","floor":32,"key":"SMITH"},{"floor":42,"key":"REST"},{"data":"Madness","floor":49,"key":"SMITH"}],"neow_cost":"NO_GOLD","seed_source_timestamp":99179729649859,"circlet_count":0,"master_deck":["Strike_R","Strike_R","Defend_R","Defend_R+1","Defend_R","Bash+1","Armaments+1","Armaments+1","Armaments","Iron Wave","Reaper","Dual Wield+1","Reaper","Barricade+1","Headbutt","Iron Wave","Shrug It Off+1","Shrug It Off+1","Double Tap+1","Cleave","Anger","Trip","Twin Strike+1","Headbutt","Feed","Headbutt+1","Madness","Madness+1","Blood for Blood+1","Perfected Strike","Spot Weakness"],"relics":["Burning Blood","Incense Burner","Magic Flower","Ornamental Fan","Red Skull","Vajra","Gremlin Horn","Potion Belt","Black Star","Oddly Smooth Stone","Nloth\u0027s Gift","Busted Crown","Happy Flower","StoneCalendar","PreservedInsect","Bottled Lightning","Pocketwatch","Shuriken","TheAbacus"],"potions_floor_usage":[16],"damage_taken":[{"damage":2,"enemies":"Small Slimes","floor":1,"turns":4},{"damage":4,"enemies":"Cultist","floor":2,"turns":4},{"damage":0,"enemies":"Jaw Worm","floor":4,"turns":6},{"damage":15,"enemies":"3 Sentries","floor":8,"turns":14},{"damage":17,"enemies":"Lagavulin","floor":10,"turns":12},{"damage":24,"enemies":"Gremlin Nob","floor":12,"turns":5},{"damage":25,"enemies":"Lagavulin","floor":14,"turns":6},{"damage":61,"enemies":"The Guardian","floor":16,"turns":16},{"damage":27,"enemies":"Shell Parasite","floor":18,"turns":17},{"damage":53,"enemies":"2 Thieves","floor":19,"turns":5},{"damage":42,"enemies":"Centurion and Healer","floor":20,"turns":13},{"damage":24,"enemies":"Snake Plant","floor":21,"turns":10},{"damage":42,"enemies":"Sentry and Sphere","floor":22,"turns":12},{"damage":14,"enemies":"Chosen and Byrds","floor":28,"turns":9},{"damage":45,"enemies":"3 Cultists","floor":30,"turns":7},{"damage":20,"enemies":"Centurion and Healer","floor":31,"turns":18},{"damage":70,"enemies":"Champ","floor":33,"turns":19},{"damage":0,"enemies":"Orb Walker","floor":35,"turns":5},{"damage":42,"enemies":"3 Darklings","floor":36,"turns":9},{"damage":16,"enemies":"Spire Growth","floor":39,"turns":4},{"damage":54,"enemies":"Giant Head","floor":40,"turns":8},{"damage":12,"enemies":"4 Shapes","floor":44,"turns":6},{"damage":32,"enemies":"2 Orb Walkers","floor":45,"turns":5},{"damage":0,"enemies":"Sphere and 2 Shapes","floor":48,"turns":3},{"damage":79,"enemies":"Time Eater","floor":50,"turns":11}],"seed_played":"-9154905239901916911","potions_obtained":[{"floor":1,"key":"Ancient Potion"},{"floor":8,"key":"Explosive Potion"},{"floor":14,"key":"Strength Potion"},{"floor":19,"key":"Poison Potion"},{"floor":22,"key":"Swift Potion"},{"floor":30,"key":"SkillPotion"},{"floor":31,"key":"Block Potion"},{"floor":44,"key":"SpeedPotion"},{"floor":45,"key":"Strength Potion"}],"is_trial":false,"path_per_floor":["M","M","?","M","?","R","?","E","T","E","?","E","R","E","R","B",null,"M","M","M","M","M","R","$","R","T","?","M","?","M","M","R","B",null,"M","M","T","?","M","E","?","R","T","M","?","T","$","M","R","B",null],"character_chosen":"IRONCLAD","items_purchased":["Oddly Smooth Stone","Cleave","TheAbacus"],"campfire_rested":2,"item_purchase_floors":[24,24,47],"current_hp_per_floor":[80,80,80,80,64,64,69,60,60,52,45,38,38,34,59,33,85,85,59,73,60,27,27,27,27,27,27,49,33,38,85,85,24,85,89,74,74,63,67,22,22,48,48,76,58,58,58,81,81,53],"gold":79,"neow_bonus":"ONE_RARE_RELIC","is_prod":false,"is_daily":false,"chose_seed":false,"campfire_upgraded":6,"win_rate":0.0,"timestamp":1554388434,"path_taken":["M","M","?","M","?","R","?","E","T","E","?","E","R","E","R","BOSS","M","M","M","M","M","R","$","R","T","?","?","?","M","M","R","BOSS","M","?","?","?","M","E","?","R","T","?","?","?","$","M","R","BOSS"],"build_version":"2019-01-23","purchased_purges":2,"victory":true,"max_hp_per_floor":[80,80,80,80,80,80,85,85,85,85,85,85,85,85,85,85,85,85,85,85,85,85,85,85,85,85,85,85,85,85,85,85,85,85,89,89,89,89,89,89,89,89,89,89,92,92,92,92,92,92],"card_choices":[{"not_picked":["Corruption","Fire Breathing"],"picked":"Armaments","floor":1},{"not_picked":["Hemokinesis","Whirlwind"],"picked":"Armaments","floor":2},{"not_picked":["Clothesline","Flex"],"picked":"Armaments","floor":4},{"not_picked":["Seeing Red","Warcry"],"picked":"Iron Wave","floor":8},{"not_picked":["Inflame","Sword Boomerang"],"picked":"Reaper","floor":10},{"not_picked":["Feel No Pain","Ghostly Armor"],"picked":"Dual Wield","floor":12},{"not_picked":["Flex","Perfected Strike"],"picked":"Reaper","floor":14},{"not_picked":["Offering","Demon Form"],"picked":"Barricade","floor":16},{"not_picked":["Corruption","Sword Boomerang+1"],"picked":"Headbutt","floor":18},{"not_picked":["Perfected Strike+1","Seeing Red"],"picked":"Iron Wave","floor":19},{"not_picked":["Warcry+1","Heavy Blade"],"picked":"Shrug It Off+1","floor":20},{"not_picked":["Perfected Strike","Clothesline"],"picked":"Shrug It Off+1","floor":21},{"not_picked":["Corruption","Cleave+1"],"picked":"Double Tap","floor":22},{"not_picked":["Pommel Strike","Warcry"],"picked":"Anger","floor":28},{"not_picked":["Sword Boomerang","Clash"],"picked":"Twin Strike+1","floor":30},{"not_picked":["Limit Break","True Grit"],"picked":"Headbutt","floor":31},{"not_picked":["Barricade","Double Tap"],"picked":"Feed","floor":33},{"not_picked":["Anger"],"picked":"SKIP","floor":35},{"not_picked":[],"picked":"Headbutt+1","floor":36},{"not_picked":[],"picked":"Blood for Blood+1","floor":39},{"not_picked":["Feed"],"picked":"SKIP","floor":40},{"not_picked":["Hemokinesis"],"picked":"SKIP","floor":44},{"not_picked":["Thunderclap+1"],"picked":"SKIP","floor":48}],"player_experience":32160,"relics_obtained":[{"floor":8,"key":"Magic Flower"},{"floor":9,"key":"Ornamental Fan"},{"floor":10,"key":"Red Skull"},{"floor":12,"key":"Gremlin Horn"},{"floor":14,"key":"Potion Belt"},{"floor":26,"key":"Sundial"},{"floor":37,"key":"Happy Flower"},{"floor":40,"key":"StoneCalendar"},{"floor":40,"key":"PreservedInsect"},{"floor":43,"key":"Bottled Lightning"},{"floor":45,"key":"Pocketwatch"},{"floor":46,"key":"Shuriken"}],"event_choices":[{"damage_healed":0,"gold_gain":0,"player_choice":"Leave","damage_taken":0,"max_hp_gain":0,"max_hp_loss":0,"event_name":"The Cleric","floor":3,"gold_loss":0},{"damage_healed":0,"gold_gain":0,"player_choice":"Entered Light","damage_taken":16,"max_hp_gain":0,"max_hp_loss":0,"event_name":"Shining Light","floor":5,"gold_loss":0,"cards_upgraded":["Defend_R","Bash"]},{"damage_healed":0,"gold_gain":0,"player_choice":"Donut","damage_taken":0,"max_hp_gain":5,"max_hp_loss":0,"event_name":"Big Fish","floor":7,"gold_loss":0},{"damage_healed":0,"gold_gain":0,"player_choice":"Success","damage_taken":7,"relics_obtained":["Vajra"],"max_hp_gain":0,"max_hp_loss":0,"event_name":"Scrap Ooze","floor":11,"gold_loss":0},{"damage_healed":0,"gold_gain":0,"player_choice":"Traded Relic","damage_taken":0,"relics_obtained":["Nloth\u0027s Gift"],"max_hp_gain":0,"max_hp_loss":0,"event_name":"N\u0027loth","floor":27,"relics_lost":["Sundial"],"gold_loss":0},{"damage_healed":0,"gold_gain":0,"player_choice":"CARD ","damage_taken":16,"max_hp_gain":0,"max_hp_loss":0,"event_name":"Knowing Skull","floor":29,"potions_obtained":[],"gold_loss":0,"cards_obtained":["Trip"]},{"damage_healed":0,"gold_gain":0,"player_choice":"Embrace Madness","damage_taken":11,"max_hp_gain":0,"max_hp_loss":0,"event_name":"Winding Halls","floor":38,"gold_loss":0,"cards_obtained":["Madness","Madness"]},{"damage_healed":0,"gold_gain":0,"cards_transformed":["Strike_R","Strike_R"],"player_choice":"Transformed Cards","damage_taken":0,"max_hp_gain":0,"max_hp_loss":0,"event_name":"Designer","floor":41,"gold_loss":60,"cards_obtained":["Perfected Strike","Spot Weakness"]},{"damage_healed":0,"gold_gain":0,"player_choice":"Fight","damage_taken":0,"max_hp_gain":0,"max_hp_loss":0,"event_name":"Mysterious Sphere","floor":45,"gold_loss":0}],"is_beta":false,"boss_relics":[{"not_picked":["White Beast Statue","Runic Cube"],"picked":"Black Star"},{"not_picked":["Empty Cage","Cursed Key"],"picked":"Busted Crown"}],"items_purged_floors":[24,47],"is_endless":false,"potions_floor_spawned":[1,8,14,19,22,30,31,33,40,44,45],"ascension_level":0}