{"gold_per_floor":[110,110,110,121,132,132,152,152,225,257,271,303,303,315,315,413,413,431,202,202,202,59,59,59,59,89,119,148,148,162,178,178,280,330,344,344,344,344,357,357,371,371,371,390,408,408,408,34,34,34],"floor_reached":50,"playtime":3016,"items_purged":[],"score":722,"play_id":"e92291ec-84d8-4c26-9286-9e582989bec7","local_time":"20181223185116","is_ascension_mode":true,"campfire_choices":[{"data":"Footwork","floor":6,"key":"SMITH"},{"data":"1","floor":15,"key":"LIFT"},{"data":"2","floor":23,"key":"LIFT"},{"data":"3","floor":25,"key":"LIFT"},{"data":"Infinite Blades","floor":29,"key":"SMITH"},{"data":"Noxious Fumes","floor":32,"key":"SMITH"},{"data":"After Image","floor":40,"key":"SMITH"},{"data":"Secret Technique","floor":42,"key":"SMITH"},{"data":"Neutralize","floor":46,"key":"SMITH"},{"floor":49,"key":"REST"}],"neow_cost":"NONE","seed_source_timestamp":244748402361927,"circlet_count":0,"master_deck":["Defend_G+1","Defend_G","Defend_G","Defend_G","Survivor+1","Neutralize+1","Backstab","Footwork+1","Flying Knee","Backflip","Blade Dance","Blur","Backflip","Corpse Explosion","Discovery+1","Calculated Gamble+1","Dagger Spray","Infinite Blades+1","Flying Knee","Cloak And Dagger+1","Backstab","Bite","Bite","Bite","Bite","Bite","Flying Knee","Noxious Fumes+1","Dodge and Roll+1","Escape Plan","After Image+1","Riddle With Holes","Madness","Madness","Secret Technique+1","Backflip+1","Well Laid Plans","Deadly Poison"],"relics":["Ring of the Snake","Matryoshka","Happy Flower","Sundial","Girya","Vajra","Astrolabe","Blood Vial","Tiny Chest","Gremlin Horn","Red Mask","Art of War","Tiny House","Pantograph","Kunai"],"potions_floor_usage":[7,10,12,12,28,31,33,45,47,47],"damage_taken":[{"damage":1,"enemies":"Small Slimes","floor":1,"turns":4},{"damage":4,"enemies":"Jaw Worm","floor":4,"turns":6},{"damage":0,"enemies":"Cultist","floor":5,"turns":4},{"damage":0,"enemies":"Exordium Thugs","floor":7,"turns":5},{"damage":6,"enemies":"Lagavulin","floor":10,"turns":7},{"damage":1,"enemies":"2 Fungi Beasts","floor":11,"turns":5},{"damage":4,"enemies":"Gremlin Nob","floor":12,"turns":3},{"damage":6,"enemies":"Lots of Slimes","floor":14,"turns":5},{"damage":9,"enemies":"The Guardian","floor":16,"turns":13},{"damage":9,"enemies":"3 Byrds","floor":18,"turns":6},{"damage":0,"enemies":"Masked Bandits","floor":27,"turns":2},{"damage":9,"enemies":"Book of Stabbing","floor":28,"turns":5},{"damage":17,"enemies":"Shell Parasite","floor":30,"turns":4},{"damage":11,"enemies":"Shelled Parasite and Fungi","floor":31,"turns":4},{"damage":20,"enemies":"Collector","floor":33,"turns":9},{"damage":6,"enemies":"3 Shapes","floor":35,"turns":3},{"damage":6,"enemies":"Orb Walker","floor":39,"turns":2},{"damage":0,"enemies":"4 Shapes","floor":41,"turns":3},{"damage":34,"enemies":"3 Darklings","floor":44,"turns":4},{"damage":9,"enemies":"Sphere and 2 Shapes","floor":45,"turns":4},{"damage":37,"enemies":"Giant Head","floor":47,"turns":8},{"damage":58,"enemies":"Time Eater","floor":50,"turns":6}],"seed_played":"2512486578620251840","potions_obtained":[{"floor":1,"key":"Block Potion"},{"floor":3,"key":"FairyPotion"},{"floor":3,"key":"EssenceOfSteel"},{"floor":3,"key":"PowerPotion"},{"floor":10,"key":"Strength Potion"},{"floor":11,"key":"Explosive Potion"},{"floor":18,"key":"Weak Potion"},{"floor":30,"key":"Weak Potion"},{"floor":31,"key":"Poison Potion"},{"floor":34,"key":"SmokeBomb"},{"floor":41,"key":"Regen Potion"},{"floor":45,"key":"SteroidPotion"}],"is_trial":false,"path_per_floor":["M","?","?","M","M","R","M","T","T","E","M","E","?","M","R","B",null,"M","$","?","?","$","R","$","R","T","?","E","R","M","M","R","B",null,"M","?","?","?","M","R","M","R","T","M","M","R","E","$","R","B"],"character_chosen":"THE_SILENT","items_purchased":["Infinite Blades","Flying Knee","Cloak And Dagger","Backstab","Blood Vial","Kunai","Well Laid Plans","Deadly Poison"],"campfire_rested":1,"item_purchase_floors":[19,19,19,19,22,48,48,48],"current_hp_per_floor":[62,48,48,44,44,44,44,44,44,38,37,33,33,27,27,18,57,48,48,35,35,35,35,35,35,35,41,38,38,33,30,30,30,52,56,49,49,49,45,45,53,53,53,23,34,34,5,5,22,0],"gold":34,"neow_bonus":"RANDOM_COLORLESS","is_prod":false,"is_daily":false,"chose_seed":false,"campfire_upgraded":6,"win_rate":0,"timestamp":1545591076,"path_taken":["M","?","?","?","M","R","M","?","T","E","M","E","?","?","R","BOSS","M","$","?","?","$","R","?","R","T","?","E","R","M","M","R","BOSS","M","?","?","?","M","R","M","R","T","M","M","R","E","$","R","BOSS"],"build_version":"2018-12-20","purchased_purges":0,"victory":false,"max_hp_per_floor":[70,70,70,70,70,70,70,70,70,70,70,70,70,70,70,70,70,70,70,75,52,52,52,52,52,52,52,52,52,52,52,52,52,57,57,57,57,57,57,57,57,57,57,57,57,57,57,57,57,57],"card_choices":[{"not_picked":["Slice","Quick Slash"],"picked":"Backstab","floor":1},{"not_picked":["Poisoned Stab","Flying Knee"],"picked":"Footwork","floor":4},{"not_picked":["Prepared","Poisoned Stab"],"picked":"Flying Knee","floor":5},{"not_picked":["Expertise","Bane","Sucker Punch"],"picked":"SKIP","floor":7},{"not_picked":["Quick Slash","Venomology"],"picked":"Backflip","floor":10},{"not_picked":["Prepared","Predator"],"picked":"Blade Dance","floor":11},{"not_picked":["Reflex","Dagger Throw"],"picked":"Blur","floor":12},{"not_picked":["Prepared","Bane"],"picked":"Backflip","floor":14},{"not_picked":["Glass Knife","Grand Finale"],"picked":"Corpse Explosion","floor":16},{"not_picked":["Crippling Poison","All Out Attack+1"],"picked":"Dagger Spray","floor":18},{"not_picked":["Masterful Stab","PiercingWail+1"],"picked":"Flying Knee","floor":27},{"not_picked":["Underhanded Strike","Cloak And Dagger"],"picked":"Noxious Fumes","floor":28},{"not_picked":["Underhanded Strike","Blade Dance"],"picked":"Dodge and Roll+1","floor":30},{"not_picked":["Choke+1","Cloak And Dagger"],"picked":"Escape Plan","floor":31},{"not_picked":["A Thousand Cuts","Storm of Steel"],"picked":"After Image","floor":33},{"not_picked":["Flying Knee","Poisoned Stab+1"],"picked":"Riddle With Holes","floor":35},{"not_picked":["Good Instincts","Bandage Up"],"picked":"Secret Technique","floor":37},{"not_picked":["Setup+1","Poisoned Stab","Slice"],"picked":"SKIP","floor":39},{"not_picked":["Dash","Quick Slash"],"picked":"Backflip+1","floor":41},{"not_picked":["Flechettes+1","Deflect","Sucker Punch"],"picked":"SKIP","floor":44},{"not_picked":["Deadly Poison","Leg Sweep","Dagger Throw"],"picked":"SKIP","floor":45}],"player_experience":378830,"relics_obtained":[{"floor":8,"key":"Matryoshka"},{"floor":9,"key":"Happy Flower"},{"floor":9,"key":"Sundial"},{"floor":10,"key":"Girya"},{"floor":12,"key":"Vajra"},{"floor":26,"key":"Tiny Chest"},{"floor":26,"key":"Gremlin Horn"},{"floor":27,"key":"Red Mask"},{"floor":28,"key":"Art of War"},{"floor":43,"key":"Pantograph"}],"event_choices":[{"damage_healed":0,"gold_gain":0,"player_choice":"Entered Light","damage_taken":14,"max_hp_gain":0,"max_hp_loss":0,"event_name":"Shining Light","floor":2,"gold_loss":0,"cards_upgraded":["Defend_G","Survivor"]},{"damage_healed":0,"gold_gain":0,"player_choice":"Got Potions","damage_taken":0,"max_hp_gain":0,"max_hp_loss":0,"event_name":"Lab","floor":3,"gold_loss":0},{"damage_healed":0,"gold_gain":0,"cards_transformed":["Defend_G"],"player_choice":"Transformed","damage_taken":0,"max_hp_gain":0,"max_hp_loss":0,"event_name":"Transmorgrifier","floor":13,"gold_loss":0,"cards_obtained":["Prepared"]},{"damage_healed":0,"gold_gain":0,"player_choice":"Shed Blood","damage_taken":18,"max_hp_gain":5,"max_hp_loss":0,"event_name":"Forgotten Altar","floor":20,"gold_loss":0},{"damage_healed":0,"gold_gain":0,"player_choice":"Became a vampire","damage_taken":0,"max_hp_gain":0,"max_hp_loss":23,"event_name":"Vampires","floor":21,"gold_loss":0,"cards_obtained":["Bite","Bite","Bite","Bite","Bite"]},{"damage_healed":0,"gold_gain":0,"player_choice":"Fought Bandits","damage_taken":0,"max_hp_gain":0,"max_hp_loss":0,"event_name":"Masked Bandits","floor":27,"gold_loss":0},{"damage_healed":0,"gold_gain":0,"player_choice":"Embrace Madness","damage_taken":7,"max_hp_gain":0,"max_hp_loss":0,"event_name":"Winding Halls","floor":36,"gold_loss":0,"cards_obtained":["Madness","Madness"]},{"damage_healed":0,"gold_gain":0,"player_choice":"Memory 1","damage_taken":0,"max_hp_gain":0,"max_hp_loss":0,"event_name":"SensoryStone","floor":37,"gold_loss":0},{"cards_removed":["Calculated Gamble"],"damage_healed":0,"gold_gain":0,"player_choice":"Removed Skill","damage_taken":0,"max_hp_gain":0,"max_hp_loss":0,"event_name":"Falling","floor":38,"gold_loss":0}],"is_beta":false,"boss_relics":[{"not_picked":["Runic Pyramid","Calling Bell"],"picked":"Astrolabe"},{"not_picked":["Coffee Dripper","Orrery"],"picked":"Tiny House"}],"items_purged_floors":[],"is_endless":false,"potions_floor_spawned":[1,5,10,11,18,30,31,41,45],"killed_by":"Time Eater","ascension_level":7}