{"gold_per_floor":[109,126,146,165,240,273,288,145,145,165,196,196,215,281,281,385,385,399,411,421,488,500,527,452,467,493,528,528,561,576,541,541,640,640,651,701,717,867,880,908,908,923,923,497,527,5,21,89,89,89],"floor_reached":51,"playtime":4078,"items_purged":["Strike_R","Strike_R","Strike_R"],"score":883,"play_id":"9af3d058-4a36-4fbb-a1bf-0562837116ac","local_time":"20190307000908","is_ascension_mode":false,"campfire_choices":[{"data":"Flame Barrier","floor":15,"key":"SMITH"},{"data":"Demon Form","floor":28,"key":"SMITH"},{"data":"Heavy Blade","floor":32,"key":"SMITH"},{"data":"Armaments","floor":41,"key":"SMITH"},{"data":"Metallicize","floor":49,"key":"SMITH"}],"neow_cost":"NONE","seed_source_timestamp":1114903321086123,"circlet_count":0,"master_deck":["Strike_R","Strike_R","Defend_R","Defend_R","Defend_R","Defend_R","Bash+1","Shrug It Off","Shockwave+1","Disarm","Heavy Blade+1","Pommel Strike","Evolve+1","Metallicize+1","Flame Barrier+1","Demon Form+1","Twin Strike","Shrug It Off","Heavy Blade","Uppercut","Battle Trance+1","Headbutt+1","Dual Wield","Fiend Fire","Pummel","Magnetism","Metamorphosis","Mind Blast","Armaments+1","Twin Strike+1","Metallicize","Burning Pact","Blood for Blood","Sword Boomerang+1"],"relics":["Burning Blood","Singing Bowl","Anchor","Sundial","Odd Mushroom","Bag of Marbles","SsserpentHead","Snecko Eye","Pocketwatch","Red Skull","Oddly Smooth Stone","Boot","Mercury Hourglass","Black Star","Gremlin Horn","Bag of Preparation","Shuriken","Membership Card","Incense Burner","Gambling Chip","The Courier","Letter Opener","Ornamental Fan","Ice Cream","TheAbacus"],"potions_floor_usage":[6,10,16,16,40,45,50,50,50],"damage_taken":[{"damage":6,"enemies":"Jaw Worm","floor":1,"turns":3},{"damage":5,"enemies":"2 Louse","floor":2,"turns":4},{"damage":0,"enemies":"Cultist","floor":3,"turns":3},{"damage":8,"enemies":"Exordium Wildlife","floor":4,"turns":9},{"damage":21,"enemies":"Lagavulin","floor":6,"turns":9},{"damage":14,"enemies":"Lots of Slimes","floor":7,"turns":7},{"damage":2,"enemies":"The Mushroom Lair","floor":10,"turns":5},{"damage":20,"enemies":"3 Sentries","floor":11,"turns":14},{"damage":0,"enemies":"Looter","floor":13,"turns":2},{"damage":7,"enemies":"Gremlin Gang","floor":14,"turns":6},{"damage":35,"enemies":"The Guardian","floor":16,"turns":16},{"damage":0,"enemies":"Chosen","floor":18,"turns":4},{"damage":0,"enemies":"Shell Parasite","floor":19,"turns":4},{"damage":0,"enemies":"Snecko","floor":21,"turns":4},{"damage":0,"enemies":"Cultist and Chosen","floor":22,"turns":6},{"damage":0,"enemies":"Book of Stabbing","floor":23,"turns":4},{"damage":0,"enemies":"Centurion and Healer","floor":25,"turns":4},{"damage":32,"enemies":"Gremlin Leader","floor":27,"turns":4},{"damage":23,"enemies":"Slavers","floor":29,"turns":5},{"damage":0,"enemies":"Snecko","floor":30,"turns":4},{"damage":3,"enemies":"Champ","floor":33,"turns":7},{"damage":0,"enemies":"3 Darklings","floor":35,"turns":3},{"damage":0,"enemies":"Orb Walker","floor":37,"turns":2},{"damage":0,"enemies":"Sphere and 2 Shapes","floor":39,"turns":5},{"damage":29,"enemies":"Giant Head","floor":40,"turns":7},{"damage":9,"enemies":"3 Darklings","floor":42,"turns":4},{"damage":0,"enemies":"Reptomancer","floor":45,"turns":2},{"damage":0,"enemies":"Spire Growth","floor":47,"turns":2},{"damage":0,"enemies":"4 Shapes","floor":48,"turns":3},{"damage":18,"enemies":"Donu and Deca","floor":50,"turns":5}],"seed_played":"-3624888243226217332","potions_obtained":[{"floor":2,"key":"SkillPotion"},{"floor":3,"key":"Fire Potion"},{"floor":6,"key":"GamblersBrew"},{"floor":11,"key":"Dexterity Potion"},{"floor":18,"key":"Weak Potion"},{"floor":25,"key":"Strength Potion"},{"floor":27,"key":"Ancient Potion"},{"floor":45,"key":"GamblersBrew"}],"is_trial":false,"path_per_floor":["M","M","M","M","?","E","M","$","T","?","E","?","M","M","R","B",null,"M","M","?","M","M","E","$","M","T","E","R","E","M","?","R","B",null,"M","?","M","?","M","E","R","M","T","$","E","$","M","M","R","B",null],"character_chosen":"IRONCLAD","items_purchased":["Anchor","Membership Card","Incense Burner","Swift Potion","Letter Opener","Ornamental Fan","Ice Cream","Burning Pact","Blood for Blood","TheAbacus"],"campfire_rested":0,"item_purchase_floors":[8,44,44,44,46,46,46,46,46,46],"current_hp_per_floor":[80,80,80,78,67,52,46,46,46,50,38,38,44,43,43,14,84,84,84,84,86,88,88,88,88,88,62,62,45,51,51,51,54,88,88,78,86,86,90,67,67,66,66,66,72,72,78,86,86,74],"gold":89,"neow_bonus":"UPGRADE_CARD","is_prod":false,"is_daily":false,"chose_seed":false,"campfire_upgraded":5,"win_rate":0,"timestamp":1551917348,"path_taken":["M","M","M","M","?","E","M","$","T","?","E","?","M","?","R","BOSS","M","M","?","?","M","E","$","M","T","E","R","E","M","?","R","BOSS","M","?","M","?","M","E","R","M","T","$","E","$","M","?","R","BOSS"],"build_version":"2019-01-23","purchased_purges":3,"victory":true,"max_hp_per_floor":[80,80,80,80,80,80,82,82,82,82,84,84,84,84,84,84,84,84,84,84,86,88,88,88,88,88,88,88,88,88,88,88,88,88,88,88,90,90,90,90,90,92,92,92,92,92,92,94,94,94],"card_choices":[{"not_picked":["Sword Boomerang","Flex"],"picked":"Shrug It Off","floor":1},{"not_picked":["True Grit","Cleave"],"picked":"Shockwave","floor":2},{"not_picked":["Armaments","Sword Boomerang"],"picked":"Disarm","floor":3},{"not_picked":["Perfected Strike","Whirlwind"],"picked":"Heavy Blade","floor":4},{"not_picked":["Heavy Blade","Searing Blow"],"picked":"Pommel Strike","floor":6},{"not_picked":["Twin Strike","Heavy Blade","Iron Wave"],"picked":"Singing Bowl","floor":7},{"not_picked":["Dark Embrace","Clash"],"picked":"Evolve","floor":10},{"not_picked":["Sword Boomerang","Infernal Blade","Shockwave"],"picked":"Singing Bowl","floor":11},{"not_picked":["Sword Boomerang","True Grit"],"picked":"Metallicize","floor":13},{"not_picked":["Sword Boomerang","Armaments"],"picked":"Flame Barrier","floor":14},{"not_picked":["Dark Embrace","Bludgeon"],"picked":"Demon Form","floor":16},{"not_picked":["Seeing Red","Dropkick"],"picked":"Twin Strike","floor":18},{"not_picked":["Flex","Carnage"],"picked":"Shrug It Off","floor":19},{"not_picked":["Twin Strike","Armaments","Iron Wave+1"],"picked":"Singing Bowl","floor":21},{"not_picked":["Body Slam","Perfected Strike","Shrug It Off"],"picked":"Singing Bowl","floor":22},{"not_picked":["Barricade","Flex"],"picked":"Heavy Blade","floor":23},{"not_picked":["Body Slam","True Grit"],"picked":"Uppercut","floor":25},{"not_picked":["Armaments","Cleave"],"picked":"Battle Trance+1","floor":27},{"not_picked":["Thunderclap","Second Wind"],"picked":"Headbutt+1","floor":29},{"not_picked":["Shrug It Off","Iron Wave"],"picked":"Dual Wield","floor":30},{"not_picked":["Berserk","Offering"],"picked":"Fiend Fire","floor":33},{"not_picked":["Feel No Pain","Seeing Red"],"picked":"Pummel","floor":35},{"not_picked":["Panacea","Enlightenment"],"picked":"Magnetism","floor":36},{"not_picked":["Flash of Steel","Thinking Ahead"],"picked":"Metamorphosis","floor":36},{"not_picked":["Blind","Purity"],"picked":"Mind Blast","floor":36},{"not_picked":["Dropkick","True Grit","Rupture"],"picked":"Singing Bowl","floor":37},{"not_picked":["Cleave","Heavy Blade"],"picked":"Armaments","floor":39},{"not_picked":["Iron Wave","Brutality"],"picked":"Twin Strike+1","floor":40},{"not_picked":["Iron Wave+1","Uppercut","Flex"],"picked":"Singing Bowl","floor":42},{"not_picked":["Whirlwind+1","Blood for Blood"],"picked":"Metallicize","floor":45},{"not_picked":["Second Wind+1","True Grit"],"picked":"Sword Boomerang+1","floor":47},{"not_picked":["Sever Soul","Wild Strike","Thunderclap"],"picked":"Singing Bowl","floor":48}],"player_experience":564110,"relics_obtained":[{"floor":6,"key":"Singing Bowl"},{"floor":9,"key":"Sundial"},{"floor":10,"key":"Odd Mushroom"},{"floor":11,"key":"Bag of Marbles"},{"floor":23,"key":"Pocketwatch"},{"floor":26,"key":"Red Skull"},{"floor":27,"key":"Oddly Smooth Stone"},{"floor":29,"key":"Boot"},{"floor":40,"key":"Gremlin Horn"},{"floor":40,"key":"Bag of Preparation"},{"floor":43,"key":"Shuriken"},{"floor":45,"key":"Gambling Chip"},{"floor":45,"key":"The Courier"}],"event_choices":[{"damage_healed":0,"gold_gain":75,"player_choice":"Gather Gold","damage_taken":11,"max_hp_gain":0,"max_hp_loss":0,"event_name":"World of Goop","floor":5,"gold_loss":0},{"damage_healed":0,"gold_gain":0,"player_choice":"Fought Mushrooms","damage_taken":0,"max_hp_gain":0,"max_hp_loss":0,"event_name":"Mushrooms","floor":10,"gold_loss":0},{"damage_healed":0,"gold_gain":0,"player_choice":"Trade","damage_taken":0,"relics_obtained":["SsserpentHead"],"max_hp_gain":0,"max_hp_loss":0,"event_name":"FaceTrader","floor":12,"gold_loss":0},{"damage_healed":0,"gold_gain":0,"player_choice":"Upgraded Two","damage_taken":0,"max_hp_gain":0,"max_hp_loss":0,"event_name":"Designer","floor":20,"gold_loss":40,"cards_upgraded":["Shockwave","Evolve"]},{"damage_healed":0,"gold_gain":0,"player_choice":"Obtained Relic","damage_taken":0,"relics_obtained":["Mercury Hourglass"],"max_hp_gain":0,"max_hp_loss":0,"event_name":"Addict","floor":31,"gold_loss":85},{"damage_healed":0,"gold_gain":0,"player_choice":"Memory 3","damage_taken":10,"max_hp_gain":0,"max_hp_loss":0,"event_name":"SensoryStone","floor":36,"gold_loss":0},{"damage_healed":0,"gold_gain":100,"player_choice":"Pray","damage_taken":0,"max_hp_gain":0,"max_hp_loss":0,"event_name":"Golden Shrine","floor":38,"gold_loss":0}],"is_beta":false,"boss_relics":[{"not_picked":["Philosopher\u0027s Stone","Ectoplasm"],"picked":"Snecko Eye"},{"not_picked":["Runic Dome","Lizard Tail"],"picked":"Black Star"}],"items_purged_floors":[24,44,46],"is_endless":false,"potions_floor_spawned":[2,3,6,11,18,25,27,30,35,45,48],"ascension_level":0}