{"gold_per_floor":[110,122,141,164,180,212,212,243,266,282,314,328,343,222,222,318,318,331,331,348,111,126,159,173,206,206,206,220,220,250,260,260,355,355,375,391,185,199,216,251,270,299,299,328,328,338,348,361,361,361,361,361,65,96,96],"floor_reached":56,"playtime":6027,"items_purged":["Strike_R","Strike_R","Strike_R","Cleave"],"score":1406,"play_id":"b0e35af7-9fe6-4af6-8507-745c7cb116fa","local_time":"20190428184320","is_ascension_mode":true,"campfire_choices":[{"data":"Bash","floor":7,"key":"SMITH"},{"data":"Demon Form","floor":15,"key":"SMITH"},{"data":"Limit Break","floor":29,"key":"SMITH"},{"data":"True Grit","floor":32,"key":"SMITH"},{"data":"Spot Weakness","floor":45,"key":"SMITH"},{"floor":49,"key":"RECALL"},{"data":"Corruption","floor":52,"key":"SMITH"}],"neow_cost":"PERCENT_DAMAGE","seed_source_timestamp":507243940112830,"circlet_count":0,"master_deck":["Defend_R","Defend_R","Defend_R","Defend_R","Bash+1","Spot Weakness+1","Feel No Pain","Carnage","Burning Pact","Feel No Pain","Demon Form+1","True Grit+1","Anger","Shrug It Off","Limit Break+1","Headbutt","Juggernaut","Clothesline","Corruption+1","Shrug It Off","Headbutt","True Grit+1","Thunderclap+1","Pummel","Body Slam","Infernal Blade+1","Shrug It Off+1","Reaper","Disarm+1","Shockwave","Exhume","Pummel+1","Heavy Blade+1","Inflame+1","Havoc+1"],"relics":["Burning Blood","Dead Branch","Anchor","Sundial","Incense Burner","Bag of Preparation","Philosopher\u0027s Stone","Pen Nib","Smiling Mask","Orichalcum","Dream Catcher","Empty Cage","War Paint","Kunai","Red Skull","Darkstone Periapt","Happy Flower","Blue Candle","Bronze Scales"],"potions_floor_usage":[8,12,24,28,55,55],"damage_taken":[{"damage":1,"enemies":"Cultist","floor":1,"turns":3},{"damage":2,"enemies":"2 Louse","floor":2,"turns":4},{"damage":6,"enemies":"Jaw Worm","floor":3,"turns":3},{"damage":6,"enemies":"Large Slime","floor":5,"turns":6},{"damage":9,"enemies":"3 Sentries","floor":6,"turns":6},{"damage":14,"enemies":"Lagavulin","floor":8,"turns":6},{"damage":2,"enemies":"Blue Slaver","floor":10,"turns":4},{"damage":6,"enemies":"3 Sentries","floor":11,"turns":7},{"damage":3,"enemies":"Gremlin Gang","floor":12,"turns":6},{"damage":0,"enemies":"Large Slime","floor":13,"turns":5},{"damage":7,"enemies":"The Guardian","floor":16,"turns":10},{"damage":0,"enemies":"Chosen","floor":18,"turns":5},{"damage":10,"enemies":"3 Byrds","floor":20,"turns":5},{"damage":20,"enemies":"Snecko","floor":22,"turns":4},{"damage":1,"enemies":"Gremlin Leader","floor":23,"turns":5},{"damage":9,"enemies":"Sentry and Sphere","floor":24,"turns":5},{"damage":10,"enemies":"Book of Stabbing","floor":25,"turns":4},{"damage":10,"enemies":"Snake Plant","floor":28,"turns":8},{"damage":1,"enemies":"Slavers","floor":30,"turns":3},{"damage":0,"enemies":"Chosen and Byrds","floor":31,"turns":5},{"damage":21,"enemies":"Automaton","floor":33,"turns":8},{"damage":10,"enemies":"3 Shapes","floor":35,"turns":5},{"damage":0,"enemies":"3 Darklings","floor":36,"turns":4},{"damage":3,"enemies":"4 Shapes","floor":38,"turns":7},{"damage":0,"enemies":"Maw","floor":39,"turns":6},{"damage":1,"enemies":"Reptomancer","floor":40,"turns":5},{"damage":5,"enemies":"Sphere and 2 Shapes","floor":41,"turns":3},{"damage":3,"enemies":"Giant Head","floor":42,"turns":4},{"damage":0,"enemies":"Reptomancer","floor":44,"turns":4},{"damage":0,"enemies":"Jaw Worm Horde","floor":46,"turns":3},{"damage":0,"enemies":"Writhing Mass","floor":47,"turns":5},{"damage":0,"enemies":"Maw","floor":48,"turns":6},{"damage":34,"enemies":"Time Eater","floor":50,"turns":12},{"damage":27,"enemies":"Shield and Spear","floor":54,"turns":6},{"damage":54,"enemies":"The Heart","floor":55,"turns":8}],"seed_played":"-7385139887367073541","potions_obtained":[{"floor":2,"key":"EssenceOfSteel"},{"floor":5,"key":"Weak Potion"},{"floor":6,"key":"Block Potion"},{"floor":8,"key":"Explosive Potion"},{"floor":12,"key":"Poison Potion"},{"floor":25,"key":"Explosive Potion"},{"floor":33,"key":"Dexterity Potion"},{"floor":36,"key":"FearPotion"},{"floor":38,"key":"PowerPotion"},{"floor":41,"key":"SkillPotion"}],"is_trial":false,"path_per_floor":["M","M","M","T","M","E","R","E","T","M","E","M","M","$","R","B",null,"M","?","M","$","M","E","M","E","T","?","M","R","E","M","R","B",null,"M","M","$","M","M","E","M","E","T","E","R","M","M","M","R","B",null,"R","$","E","B",null],"character_chosen":"IRONCLAD","items_purchased":["Shrug It Off","Corruption","Shrug It Off","Headbutt","War Paint","Blue Candle"],"campfire_rested":0,"item_purchase_floors":[14,21,21,21,37,53],"current_hp_per_floor":[61,65,65,65,65,62,62,54,54,58,58,61,67,67,67,66,80,80,80,76,76,62,67,64,60,60,60,56,56,61,67,67,52,80,76,80,80,80,80,80,80,80,80,80,80,80,80,80,80,80,80,80,80,80,32],"gold":96,"neow_bonus":"ONE_RARE_RELIC","is_prod":false,"is_daily":false,"chose_seed":false,"campfire_upgraded":6,"win_rate":0,"timestamp":1556473400,"path_taken":["M","M","?","?","M","E","R","E","T","M","E","?","M","$","R","BOSS","M","?","?","$","?","E","M","E","T","?","M","R","E","M","R","BOSS","M","M","$","M","M","E","M","E","T","E","R","M","M","M","R","BOSS","R","$","E","BOSS"],"build_version":"2019-01-23","purchased_purges":4,"victory":true,"max_hp_per_floor":[80,80,80,80,80,80,80,80,80,80,80,80,80,80,80,80,80,80,80,80,80,80,80,80,80,80,80,80,80,80,80,80,80,80,80,80,80,80,80,80,80,80,80,80,80,80,80,80,80,80,80,80,80,80,80],"card_choices":[{"not_picked":["Thunderclap","Pommel Strike"],"picked":"Spot Weakness","floor":1},{"not_picked":["Clash","Sentinel"],"picked":"Feel No Pain","floor":2},{"not_picked":["Combust","Wild Strike"],"picked":"Carnage","floor":3},{"not_picked":["Body Slam","Warcry"],"picked":"Burning Pact","floor":5},{"not_picked":["Dropkick","Sword Boomerang"],"picked":"Feel No Pain","floor":6},{"not_picked":["Carnage","Clothesline"],"picked":"Demon Form","floor":8},{"not_picked":["Thunderclap","Cleave"],"picked":"True Grit","floor":10},{"not_picked":["Double Tap","Iron Wave"],"picked":"Cleave","floor":11},{"not_picked":["Wild Strike","Blood for Blood","Pommel Strike"],"picked":"SKIP","floor":12},{"not_picked":["Thunderclap","Havoc"],"picked":"Anger","floor":13},{"not_picked":["Offering","Double Tap"],"picked":"Limit Break","floor":16},{"not_picked":["Armaments","Body Slam"],"picked":"Headbutt","floor":18},{"not_picked":["Fire Breathing","Feel No Pain"],"picked":"Clothesline","floor":20},{"not_picked":["Power Through","Clash+1","Twin Strike"],"picked":"SKIP","floor":22},{"not_picked":["Burning Pact","Thunderclap"],"picked":"True Grit","floor":23},{"not_picked":["Blood for Blood","Reckless Charge"],"picked":"Thunderclap+1","floor":24},{"not_picked":["Rampage","Clothesline"],"picked":"Pummel","floor":25},{"not_picked":["Double Tap","Carnage"],"picked":"Body Slam","floor":28},{"not_picked":["Whirlwind","Flex+1"],"picked":"Infernal Blade+1","floor":30},{"not_picked":["Headbutt+1","Rupture"],"picked":"Shrug It Off+1","floor":31},{"not_picked":["Juggernaut","Bludgeon"],"picked":"Reaper","floor":33},{"not_picked":["Clothesline","Armaments"],"picked":"Disarm","floor":35},{"not_picked":["Anger","Clothesline"],"picked":"Shockwave","floor":36},{"not_picked":["Iron Wave+1","True Grit+1"],"picked":"Exhume","floor":38},{"not_picked":["Infernal Blade+1","Clothesline"],"picked":"Pummel+1","floor":39},{"not_picked":["Flex","Cleave+1"],"picked":"Heavy Blade+1","floor":40},{"not_picked":["Disarm","Flex+1","Rage+1"],"picked":"SKIP","floor":41},{"not_picked":["Metallicize","Headbutt","Pummel"],"picked":"SKIP","floor":42},{"not_picked":["Impervious","Pommel Strike"],"picked":"Inflame+1","floor":44},{"not_picked":["Twin Strike","Wild Strike+1","Pommel Strike"],"picked":"SKIP","floor":46},{"not_picked":["Feel No Pain+1","Second Wind","Whirlwind+1"],"picked":"SKIP","floor":47},{"not_picked":["Power Through+1","Shrug It Off+1"],"picked":"Havoc+1","floor":48},{"not_picked":["Twin Strike","Immolate","Rampage"],"picked":"SKIP","floor":54}],"player_experience":905919,"relics_obtained":[{"floor":4,"key":"Anchor"},{"floor":6,"key":"Sundial"},{"floor":8,"key":"Incense Burner"},{"floor":11,"key":"Bag of Preparation"},{"floor":23,"key":"Pen Nib"},{"floor":25,"key":"Smiling Mask"},{"floor":26,"key":"Orichalcum"},{"floor":30,"key":"Dream Catcher"},{"floor":40,"key":"Kunai"},{"floor":42,"key":"Red Skull"},{"floor":43,"key":"Darkstone Periapt"},{"floor":44,"key":"Happy Flower"},{"floor":54,"key":"Bronze Scales"}],"event_choices":[{"damage_healed":0,"gold_gain":0,"player_choice":"1 cards matched","damage_taken":0,"max_hp_gain":0,"max_hp_loss":0,"event_name":"Match and Keep!","floor":19,"gold_loss":0,"cards_obtained":["Juggernaut"]},{"damage_healed":0,"gold_gain":0,"player_choice":"Ignored","damage_taken":0,"max_hp_gain":0,"max_hp_loss":0,"event_name":"Vampires","floor":27,"gold_loss":0}],"is_beta":false,"boss_relics":[{"not_picked":["White Beast Statue","Ectoplasm"],"picked":"Philosopher\u0027s Stone"},{"not_picked":["Busted Crown","Fusion Hammer"],"picked":"Empty Cage"}],"items_purged_floors":[14,21,37,53],"is_endless":false,"potions_floor_spawned":[2,5,6,8,12,20,23,25,33,36,38,41,46,48,54],"ascension_level":1}