{"gold_per_floor":[362,362,68,81,6,31,45,74,74,90,119,131,50,68,68,171,171,156,7,26,41,41,41,41,71,157,183,215,239,251],"floor_reached":30,"playtime":1902,"items_purged":["Writhe","Strike_G"],"score":430,"play_id":"b8e66023-8bc1-42c2-a12d-bb3c170d479b","local_time":"20190720112328","is_ascension_mode":true,"campfire_choices":[{"data":"Apotheosis","floor":15,"key":"SMITH"},{"data":"Backstab","floor":23,"key":"SMITH"}],"neow_cost":"CURSE","seed_source_timestamp":312014983704000,"circlet_count":0,"master_deck":["Strike_G","Strike_G","Strike_G","Strike_G","Defend_G","Defend_G","Defend_G","Defend_G","Defend_G","Survivor","Neutralize","Backflip","Apotheosis+1","Masterful Stab","Dagger Spray","Noxious Fumes","Terror","Leg Sweep","Blade Dance","Backstab+1","Acrobatics","Noxious Fumes+1","Well Laid Plans+1","Dash","Malaise","Underhanded Strike","Acrobatics","Decay","Catalyst","Pain","Catalyst","Burst"],"relics":["Ring of the Snake","Frozen Egg 2","Letter Opener","Blue Candle","Oddly Smooth Stone","Cursed Key","MawBank","Pear"],"potions_floor_usage":[2,6,8,8,11,14,16,25,29,29],"damage_taken":[{"damage":4,"enemies":"Small Slimes","floor":1,"turns":5},{"damage":0,"enemies":"Cultist","floor":4,"turns":3},{"damage":15,"enemies":"Lagavulin","floor":6,"turns":8},{"damage":0,"enemies":"2 Louse","floor":7,"turns":2},{"damage":20,"enemies":"Gremlin Nob","floor":8,"turns":4},{"damage":6,"enemies":"2 Fungi Beasts","floor":10,"turns":3},{"damage":8,"enemies":"Lagavulin","floor":11,"turns":4},{"damage":0,"enemies":"3 Louse","floor":12,"turns":2},{"damage":0,"enemies":"Red Slaver","floor":14,"turns":4},{"damage":0,"enemies":"The Guardian","floor":16,"turns":9},{"damage":14,"enemies":"2 Thieves","floor":18,"turns":4},{"damage":5,"enemies":"Chosen","floor":20,"turns":5},{"damage":0,"enemies":"Snake Plant","floor":21,"turns":3},{"damage":29,"enemies":"Slavers","floor":25,"turns":4},{"damage":17,"enemies":"3 Cultists","floor":27,"turns":7},{"damage":2,"enemies":"Centurion and Healer","floor":28,"turns":5},{"damage":10,"enemies":"Sentry and Sphere","floor":29,"turns":7},{"damage":20,"enemies":"Chosen and Byrds","floor":30,"turns":4}],"seed_played":"-6946986939026720611","potions_obtained":[{"floor":1,"key":"FearPotion"},{"floor":2,"key":"SpeedPotion"},{"floor":2,"key":"Fruit Juice"},{"floor":2,"key":"Fire Potion"},{"floor":7,"key":"FearPotion"},{"floor":8,"key":"Swift Potion"},{"floor":12,"key":"Poison Potion"},{"floor":14,"key":"SteroidPotion"},{"floor":18,"key":"Explosive Potion"},{"floor":28,"key":"EssenceOfSteel"},{"floor":29,"key":"FearPotion"}],"is_trial":false,"path_per_floor":["M","?","$","M","$","E","M","E","T","M","E","M","$","M","R","B",null,"M","$","M","M","?","R","?","E","T","M","M","M","M"],"character_chosen":"THE_SILENT","items_purchased":["Apotheosis","Masterful Stab","Noxious Fumes","Well Laid Plans+1","Acrobatics"],"campfire_rested":0,"item_purchase_floors":[3,3,5,13,19],"current_hp_per_floor":[66,71,71,71,71,56,56,36,36,30,22,22,22,22,22,22,62,48,48,43,43,43,43,68,39,49,32,30,20,0],"gold":251,"neow_bonus":"TWO_FIFTY_GOLD","is_prod":false,"is_daily":false,"chose_seed":false,"campfire_upgraded":2,"win_rate":0,"timestamp":1563636208,"path_taken":["M","?","$","M","$","E","M","E","T","M","E","M","?","M","R","BOSS","M","$","M","M","?","R","?","E","T","M","M","M","M"],"build_version":"2019-07-17","purchased_purges":2,"victory":false,"max_hp_per_floor":[70,75,75,75,75,75,75,75,75,75,75,75,75,75,75,75,75,75,75,75,75,75,75,75,75,85,85,85,85,85],"card_choices":[{"not_picked":["Expertise","Outmaneuver"],"picked":"Backflip","floor":1},{"not_picked":["Prepared","Bane"],"picked":"Dagger Spray","floor":4},{"not_picked":["Expertise","Tactician"],"picked":"Terror","floor":6},{"not_picked":["Cloak And Dagger","Dash"],"picked":"Leg Sweep","floor":7},{"not_picked":["Outmaneuver","Bane"],"picked":"Blade Dance","floor":8},{"not_picked":["Cloak And Dagger","Poisoned Stab"],"picked":"Backstab","floor":10},{"not_picked":["Masterful Stab","Dagger Throw"],"picked":"Acrobatics","floor":11},{"not_picked":["Cloak And Dagger","Endless Agony"],"picked":"Noxious Fumes+1","floor":12},{"not_picked":["Dagger Throw","Flechettes"],"picked":"Dash","floor":14},{"not_picked":["Die Die Die","Glass Knife"],"picked":"Malaise","floor":16},{"not_picked":["Bane","Cloak And Dagger+1"],"picked":"Underhanded Strike","floor":18},{"not_picked":["Riddle With Holes","Bane+1","Flechettes"],"picked":"SKIP","floor":20},{"not_picked":["Endless Agony","Dagger Spray+1","Dagger Throw"],"picked":"SKIP","floor":21},{"not_picked":["Crippling Poison+1","Skewer+1"],"picked":"Catalyst","floor":25},{"not_picked":["Bane","Dagger Throw"],"picked":"Catalyst","floor":27},{"not_picked":["Terror+1","Backstab"],"picked":"Burst","floor":28},{"not_picked":["Blur+1","Dash","Dagger Throw"],"picked":"SKIP","floor":29}],"player_experience":441482,"relics_obtained":[{"floor":6,"key":"Frozen Egg 2"},{"floor":8,"key":"Letter Opener"},{"floor":9,"key":"Blue Candle"},{"floor":11,"key":"Oddly Smooth Stone"},{"floor":25,"key":"MawBank"},{"floor":26,"key":"Pear"}],"event_choices":[{"damage_healed":0,"gold_gain":0,"player_choice":"Got Potions","damage_taken":0,"max_hp_gain":0,"max_hp_loss":0,"event_name":"Lab","floor":2,"gold_loss":0},{"damage_healed":0,"gold_gain":0,"player_choice":"Smashed Altar","damage_taken":0,"max_hp_gain":0,"max_hp_loss":0,"event_name":"Forgotten Altar","floor":22,"gold_loss":0,"cards_obtained":["Decay"]},{"damage_healed":25,"gold_gain":0,"player_choice":"Heal","damage_taken":0,"max_hp_gain":0,"max_hp_loss":0,"event_name":"The Library","floor":24,"gold_loss":0}],"is_beta":false,"boss_relics":[{"not_picked":["Ring of the Serpent","Fusion Hammer"],"picked":"Cursed Key"}],"items_purged_floors":[3,19],"is_endless":false,"potions_floor_spawned":[1,7,8,12,14,18,28,29],"killed_by":"Chosen and Byrds","ascension_level":5}