{"gold_per_floor":[115,190,190,190,190,190,215,254,254,254,28,67,88,2,2,2],"floor_reached":16,"playtime":748,"items_purged":[],"score":212,"play_id":"48e38104-656f-4824-b32f-510c4092207f","local_time":"20190427074622","is_ascension_mode":true,"campfire_choices":[{"data":"Zap","floor":6,"key":"SMITH"},{"floor":10,"key":"REST"},{"data":"Hyperbeam","floor":15,"key":"SMITH"}],"neow_cost":"NONE","seed_source_timestamp":386729586357932,"circlet_count":0,"master_deck":["AscendersBane","Strike_B","Strike_B","Strike_B","Strike_B","Defend_B","Defend_B","Defend_B","Defend_B","Zap+1","Dualcast","Forethought","Compile Driver+1","Self Repair","Hyperbeam+1","Ball Lightning","Auto Shields","Capacitor","Steam","Ball Lightning","Glacier"],"relics":["Cracked Core","Thread and Needle","Golden Idol","Ancient Tea Set","Emotion Chip","PreservedInsect"],"potions_floor_usage":[],"damage_taken":[{"damage":1,"enemies":"Small Slimes","floor":1,"turns":4},{"damage":3,"enemies":"Jaw Worm","floor":7,"turns":2},{"damage":30,"enemies":"Lagavulin","floor":8,"turns":8},{"damage":8,"enemies":"3 Sentries","floor":12,"turns":4},{"damage":0,"enemies":"2 Louse","floor":13,"turns":3},{"damage":40,"enemies":"Hexaghost","floor":16,"turns":9}],"seed_played":"-2815947325856166280","potions_obtained":[{"floor":12,"key":"LiquidBronze"},{"floor":13,"key":"Block Potion"}],"is_trial":false,"path_per_floor":["M","?","?","?","?","R","M","E","T","R","$","E","M","$","R","B"],"character_chosen":"DEFECT","items_purchased":["Ball Lightning","Auto Shields","Capacitor","Glacier"],"campfire_rested":1,"item_purchase_floors":[11,11,11,14],"current_hp_per_floor":[63,52,41,41,41,41,38,15,15,34,34,33,40,40,40,0],"gold":2,"neow_bonus":"RANDOM_COLORLESS","is_prod":false,"is_daily":false,"chose_seed":false,"campfire_upgraded":2,"win_rate":0,"timestamp":1556347582,"path_taken":["M","?","?","?","?","R","M","E","T","R","$","E","M","?","R","BOSS"],"build_version":"2019-01-23","purchased_purges":0,"victory":false,"max_hp_per_floor":[71,71,71,71,64,64,64,64,64,64,64,64,64,64,64,64],"card_choices":[{"not_picked":["Hologram","Redo"],"picked":"Compile Driver","floor":1},{"not_picked":["Steam Power","Beam Cell"],"picked":"Self Repair","floor":7},{"not_picked":["Static Discharge","Rebound"],"picked":"Hyperbeam","floor":8},{"not_picked":["Barrage","Rebound"],"picked":"Steam","floor":12},{"not_picked":["Steam","Beam Cell"],"picked":"Ball Lightning","floor":13}],"player_experience":883060,"relics_obtained":[{"floor":8,"key":"Ancient Tea Set"},{"floor":9,"key":"Emotion Chip"},{"floor":12,"key":"PreservedInsect"}],"event_choices":[{"damage_healed":0,"gold_gain":75,"player_choice":"Gather Gold","damage_taken":11,"max_hp_gain":0,"max_hp_loss":0,"event_name":"World of Goop","floor":2,"gold_loss":0},{"damage_healed":0,"gold_gain":0,"player_choice":"Success","damage_taken":11,"relics_obtained":["Thread and Needle"],"max_hp_gain":0,"max_hp_loss":0,"event_name":"Scrap Ooze","floor":3,"gold_loss":0},{"damage_healed":0,"gold_gain":0,"player_choice":"Grow","damage_taken":0,"max_hp_gain":0,"max_hp_loss":0,"event_name":"Living Wall","floor":4,"gold_loss":0,"cards_upgraded":["Compile Driver"]},{"damage_healed":0,"gold_gain":0,"player_choice":"Lose Max HP","damage_taken":0,"relics_obtained":["Golden Idol"],"max_hp_gain":0,"max_hp_loss":7,"event_name":"Golden Idol","floor":5,"gold_loss":0}],"is_beta":false,"boss_relics":[],"items_purged_floors":[],"is_endless":false,"potions_floor_spawned":[12,13],"killed_by":"Hexaghost","ascension_level":20}