{"gold_per_floor":[109,123,134,14,33,67,84,84,84,9,22,53,53,84,84,179,179,199,219,236,236,9,34,34,34,34,34,66,86,86,99,99,204,204,214,214,154,170,189,219,144,144,167,167,185,215,215,225,225,225],"floor_reached":51,"playtime":4869,"items_purged":["Shame"],"score":1176,"play_id":"5819f6ca-2e9b-4243-afd8-80ead924fc5d","local_time":"20190313133255","is_ascension_mode":true,"campfire_choices":[{"floor":15,"key":"REST"},{"data":"After Image","floor":25,"key":"SMITH"},{"data":"Envenom","floor":27,"key":"SMITH"},{"data":"Well Laid Plans","floor":30,"key":"SMITH"},{"data":"Catalyst","floor":32,"key":"SMITH"},{"data":"Neutralize","floor":47,"key":"SMITH"},{"data":"Adrenaline","floor":49,"key":"SMITH"}],"neow_cost":"NONE","seed_source_timestamp":50821505086953,"circlet_count":0,"master_deck":["AscendersBane","Defend_G","Defend_G","Defend_G","Defend_G","Defend_G","Strike_G","Strike_G","Strike_G","Survivor","Neutralize+1","Well Laid Plans+1","Dodge and Roll","Quick Slash","Finisher","Swift Strike","PiercingWail+1","Leg Sweep","Riddle With Holes","Dash","Acrobatics","Envenom+1","After Image+1","Backflip+1","All Out Attack","Cloak And Dagger+1","Flechettes","Crippling Poison","Backstab","Catalyst+1","Adrenaline+1","Backflip+1","Prepared","After Image","Dagger Spray+1","Blade Dance+1","Infinite Blades","Bane+1"],"relics":["Ring of the Snake","Omamori","Snake Skull","Torii","Mummified Hand","Paper Crane","Shuriken","Vajra","Coffee Dripper","Meat on the Bone","Bag of Preparation","Singing Bowl","MutagenicStrength","Pocketwatch","Matryoshka","Calling Bell","Bronze Scales","Molten Egg 2","FossilizedHelix","Pear","Regal Pillow","Pen Nib","Ornamental Fan"],"potions_floor_usage":[6,16,35,50],"damage_taken":[{"damage":0,"enemies":"Cultist","floor":1,"turns":4},{"damage":2,"enemies":"Jaw Worm","floor":2,"turns":5},{"damage":0,"enemies":"2 Louse","floor":3,"turns":3},{"damage":16,"enemies":"Exordium Thugs","floor":5,"turns":7},{"damage":21,"enemies":"Lagavulin","floor":6,"turns":6},{"damage":1,"enemies":"3 Louse","floor":7,"turns":5},{"damage":2,"enemies":"Exordium Wildlife","floor":11,"turns":7},{"damage":5,"enemies":"3 Sentries","floor":12,"turns":12},{"damage":12,"enemies":"Lagavulin","floor":14,"turns":6},{"damage":11,"enemies":"The Guardian","floor":16,"turns":8},{"damage":0,"enemies":"Shell Parasite","floor":18,"turns":4},{"damage":1,"enemies":"Spheric Guardian","floor":19,"turns":3},{"damage":0,"enemies":"Chosen and Byrds","floor":20,"turns":4},{"damage":13,"enemies":"Book of Stabbing","floor":23,"turns":4},{"damage":0,"enemies":"Gremlin Leader","floor":28,"turns":4},{"damage":0,"enemies":"Snecko","floor":29,"turns":3},{"damage":8,"enemies":"Cultist and Chosen","floor":31,"turns":5},{"damage":11,"enemies":"Automaton","floor":33,"turns":7},{"damage":1,"enemies":"3 Darklings","floor":35,"turns":4},{"damage":0,"enemies":"3 Shapes","floor":38,"turns":2},{"damage":0,"enemies":"3 Darklings","floor":39,"turns":4},{"damage":1,"enemies":"Nemesis","floor":40,"turns":7},{"damage":0,"enemies":"Spire Growth","floor":45,"turns":3},{"damage":0,"enemies":"Giant Head","floor":46,"turns":7},{"damage":0,"enemies":"Maw","floor":48,"turns":5},{"damage":19,"enemies":"Awakened One","floor":50,"turns":10}],"seed_played":"7905088947132855381","potions_obtained":[{"floor":1,"key":"Poison Potion"},{"floor":11,"key":"Swift Potion"},{"floor":14,"key":"EssenceOfSteel"},{"floor":20,"key":"Weak Potion"},{"floor":38,"key":"SpeedPotion"}],"is_trial":false,"path_per_floor":["M","M","M","$","M","E","M","?","T","$","M","E","T","E","R","B",null,"M","M","M","?","$","E","?","R","T","R","E","M","R","M","R","B",null,"M","?","?","M","M","E","$","?","T","?","M","E","R","M","R","B",null],"character_chosen":"THE_SILENT","items_purchased":["Finisher","Swift Strike","GhostInAJar","Flechettes","Bag of Preparation"],"campfire_rested":1,"item_purchase_floors":[4,4,10,22,22],"current_hp_per_floor":[63,61,61,61,45,24,23,20,20,20,18,13,13,1,22,11,55,55,54,54,54,54,41,41,41,41,41,41,43,43,47,47,48,66,65,65,65,65,65,74,74,74,74,74,76,76,76,76,76,57],"gold":225,"neow_bonus":"RANDOM_COMMON_RELIC","is_prod":false,"is_daily":false,"chose_seed":false,"campfire_upgraded":6,"win_rate":0,"timestamp":1552483975,"path_taken":["M","M","M","?","M","E","M","?","T","?","M","E","?","E","R","BOSS","M","M","M","?","?","E","?","R","T","R","E","M","R","?","R","BOSS","M","?","?","M","?","E","$","?","T","?","M","E","R","?","R","BOSS"],"build_version":"2019-01-23","purchased_purges":1,"victory":true,"max_hp_per_floor":[70,70,70,70,70,70,70,70,70,70,70,70,70,70,70,70,70,70,70,70,70,70,70,70,70,70,70,70,72,72,72,72,72,72,72,72,72,72,72,82,82,78,78,78,80,80,80,80,80,80],"card_choices":[{"not_picked":["Underhanded Strike","Dodge and Roll"],"picked":"Well Laid Plans","floor":1},{"not_picked":["Sucker Punch","Bane"],"picked":"Dodge and Roll","floor":2},{"not_picked":["Flying Knee","Caltrops"],"picked":"Quick Slash","floor":3},{"not_picked":["Dagger Throw","Backflip"],"picked":"PiercingWail","floor":5},{"not_picked":["Underhanded Strike","Backflip"],"picked":"Leg Sweep","floor":6},{"not_picked":["Eviscerate","Deflect"],"picked":"Riddle With Holes","floor":7},{"not_picked":["Outmaneuver","Cloak And Dagger"],"picked":"Dash","floor":11},{"not_picked":["Outmaneuver","Accuracy"],"picked":"Acrobatics","floor":12},{"not_picked":["Backstab","Skewer"],"picked":"Envenom","floor":14},{"not_picked":["Malaise","Burst"],"picked":"After Image","floor":16},{"not_picked":["Acrobatics","All Out Attack"],"picked":"Backflip+1","floor":18},{"not_picked":["Eviscerate+1","Reflex"],"picked":"All Out Attack","floor":19},{"not_picked":["Prepared","Deflect"],"picked":"Cloak And Dagger+1","floor":20},{"not_picked":["Masterful Stab","Well Laid Plans"],"picked":"Crippling Poison","floor":23},{"not_picked":["Calculated Gamble","Sucker Punch"],"picked":"Backstab","floor":28},{"not_picked":["Tactician","Grand Finale","Dagger Spray"],"picked":"Singing Bowl","floor":29},{"not_picked":["Crippling Poison","Outmaneuver"],"picked":"Catalyst","floor":31},{"not_picked":["Glass Knife","A Thousand Cuts"],"picked":"Adrenaline","floor":33},{"not_picked":["Outmaneuver","Slice+1"],"picked":"Backflip+1","floor":35},{"not_picked":["Bane+1","Eviscerate+1"],"picked":"After Image","floor":38},{"not_picked":["Dodge and Roll","Accuracy"],"picked":"Dagger Spray+1","floor":39},{"not_picked":["Endless Agony+1","Slice+1"],"picked":"Blade Dance+1","floor":40},{"not_picked":["Underhanded Strike+1","Bane+1","Tactician+1"],"picked":"Singing Bowl","floor":45},{"not_picked":["Slice+1","Accuracy+1"],"picked":"Infinite Blades","floor":46},{"not_picked":["Finisher+1","Sucker Punch+1"],"picked":"Bane+1","floor":48}],"player_experience":626332,"relics_obtained":[{"floor":6,"key":"Snake Skull"},{"floor":9,"key":"Mummified Hand"},{"floor":12,"key":"Paper Crane"},{"floor":13,"key":"Shuriken"},{"floor":14,"key":"Vajra"},{"floor":21,"key":"Meat on the Bone"},{"floor":23,"key":"Singing Bowl"},{"floor":26,"key":"Pocketwatch"},{"floor":28,"key":"Matryoshka"},{"floor":34,"key":"Bronze Scales"},{"floor":34,"key":"Molten Egg 2"},{"floor":34,"key":"FossilizedHelix"},{"floor":40,"key":"Pear"},{"floor":43,"key":"Regal Pillow"},{"floor":43,"key":"Pen Nib"},{"floor":46,"key":"Ornamental Fan"}],"event_choices":[{"damage_healed":0,"gold_gain":0,"player_choice":"Success","damage_taken":3,"relics_obtained":["Torii"],"max_hp_gain":0,"max_hp_loss":0,"event_name":"Scrap Ooze","floor":8,"gold_loss":0},{"damage_healed":0,"gold_gain":0,"player_choice":"Relic","damage_taken":0,"max_hp_gain":0,"max_hp_loss":0,"event_name":"Wheel of Change","floor":21,"gold_loss":0},{"damage_healed":0,"gold_gain":0,"player_choice":"Inject Mutagens","damage_taken":0,"relics_obtained":["MutagenicStrength"],"max_hp_gain":0,"max_hp_loss":0,"event_name":"Drug Dealer","floor":24,"gold_loss":0},{"cards_removed":["Strike_G"],"damage_healed":0,"gold_gain":0,"player_choice":"Removed Attack","damage_taken":0,"max_hp_gain":0,"max_hp_loss":0,"event_name":"Falling","floor":36,"gold_loss":0},{"damage_healed":0,"gold_gain":0,"cards_transformed":["Regret","Strike_G"],"player_choice":"Transformed Cards","damage_taken":0,"max_hp_gain":0,"max_hp_loss":0,"event_name":"Designer","floor":37,"gold_loss":60,"cards_obtained":["Shame","Prepared"]},{"damage_healed":0,"gold_gain":0,"player_choice":"Max HP","damage_taken":0,"max_hp_gain":0,"max_hp_loss":4,"event_name":"Winding Halls","floor":42,"gold_loss":0},{"damage_healed":0,"gold_gain":0,"player_choice":"Upgraded","damage_taken":0,"max_hp_gain":0,"max_hp_loss":0,"event_name":"Upgrade Shrine","floor":44,"gold_loss":0,"cards_upgraded":["PiercingWail"]}],"is_beta":false,"boss_relics":[{"not_picked":["Eternal Feather","Orrery"],"picked":"Coffee Dripper"},{"not_picked":["Fusion Hammer","Cursed Key"],"picked":"Calling Bell"}],"items_purged_floors":[41],"is_endless":false,"potions_floor_spawned":[1,11,14,20,28,33,38,40,45,46],"ascension_level":10}