{"path_per_floor":["M","M","M","M","?","R","?","R","T","M","E","M","$","?","R","B",null,"M","?","$","M","?","R","M","M","T","M"],"character_chosen":"THE_SILENT","items_purchased":["Vajra","Infinite Blades","Swift Potion","Shuriken"],"gold_per_floor":[114,129,144,159,159,159,334,334,359,378,416,435,85,85,85,210,210,229,229,29,48,48,48,67,86,136,155,155],"floor_reached":28,"campfire_rested":0,"playtime":1375,"current_hp_per_floor":[66,66,66,62,62,62,62,62,62,57,35,15,15,75,75,75,75,69,69,69,64,64,64,29,29,29,5,0],"items_purged":["Doubt"],"gold":155,"score":297,"play_id":"4976fdbd-8df3-441e-9e83-3fc0d32f4098","local_time":"20180521231249","daily_mods":["Specialized","Uncertain Future","Night Terrors"],"is_prod":false,"is_daily":true,"chose_seed":false,"is_ascension_mode":false,"campfire_upgraded":4,"timestamp":1526940769,"campfire_choices":[{"data":"Infinite Blades","floor":6,"key":"SMITH"},{"data":"Accuracy","floor":8,"key":"SMITH"},{"data":"Infinite Blades","floor":15,"key":"SMITH"},{"data":"Prepared","floor":23,"key":"SMITH"}],"path_taken":["M","M","M","M","?","R","?","R","T","M","E","M","$","?","R","BOSS","M","?","$","M","?","R","M","M","T","M","M"],"build_version":"2018-05-17","seed_source_timestamp":0,"purchased_purges":1,"victory":false,"master_deck":["Defend_G","Defend_G","Defend_G","Defend_G","Defend_G","Strike_G","Strike_G","Strike_G","Strike_G","Strike_G","Survivor","Neutralize","Bullet Time","Bullet Time","Bullet Time","Bullet Time","Accuracy+1","Underhanded Strike","Infinite Blades+1","Eviscerate","Well Laid Plans","Flying Knee","Infinite Blades+1","A Thousand Cuts","Parasite","Doubt","Writhe","Prepared+1","Flying Knee","Cloak And Dagger+1","Acrobatics","Footwork","Dagger Spray"],"max_hp_per_floor":[70,70,70,70,65,65,65,65,65,65,65,65,65,75,75,75,75,75,75,75,75,75,75,75,75,75,75,75],"relics":["Ring of the Snake","Golden Idol","Potion Belt","Tough Bandages","Vajra","Calling Bell","Ancient Tea Set","The Courier","Prayer Wheel","Shuriken","Regal Pillow"],"card_choices":[{"not_picked":["Blur","Poisoned Stab"],"picked":"Accuracy","floor":1},{"not_picked":["Backstab","Outmaneuver"],"picked":"Underhanded Strike","floor":2},{"not_picked":["Expertise","Acrobatics","Concentrate"],"picked":"SKIP","floor":3},{"not_picked":["Dagger Throw","PiercingWail"],"picked":"Infinite Blades","floor":4},{"not_picked":["Poisoned Stab","Heel Hook"],"picked":"Eviscerate","floor":10},{"not_picked":["PiercingWail","Outmaneuver"],"picked":"Well Laid Plans","floor":11},{"not_picked":["Dodge and Roll","Deadly Poison"],"picked":"Flying Knee","floor":12},{"not_picked":["Bullet Time","Storm of Steel"],"picked":"A Thousand Cuts","floor":16},{"not_picked":["Dagger Throw","Dodge and Roll"],"picked":"Prepared","floor":18},{"not_picked":["Flechettes+1","Underhanded Strike+1","Bane"],"picked":"SKIP","floor":18},{"not_picked":["PiercingWail","Concentrate"],"picked":"Flying Knee","floor":21},{"not_picked":["Terror","Backstab"],"picked":"Cloak And Dagger+1","floor":21},{"not_picked":["Well Laid Plans","Prepared"],"picked":"Acrobatics","floor":24},{"not_picked":["Flying Knee+1","Backflip"],"picked":"Footwork","floor":24},{"not_picked":["Well Laid Plans+1","Deflect","Dagger Throw"],"picked":"SKIP","floor":25},{"not_picked":["Flying Knee","Poisoned Stab","Prepared"],"picked":"SKIP","floor":25},{"not_picked":["Tools of the Trade","Bane+1"],"picked":"Dagger Spray","floor":27},{"not_picked":["Flying Knee","Prepared","Underhanded Strike"],"picked":"SKIP","floor":27}],"player_experience":238984,"potions_floor_usage":[10,11,16,16,25,25,27,28,28,28],"damage_taken":[{"damage":4,"enemies":"Jaw Worm","floor":1,"turns":6},{"damage":0,"enemies":"2 Louse","floor":2,"turns":5},{"damage":0,"enemies":"Small Slimes","floor":3,"turns":4},{"damage":4,"enemies":"Blue Slaver","floor":4,"turns":5},{"damage":5,"enemies":"2 Fungi Beasts","floor":10,"turns":3},{"damage":22,"enemies":"Gremlin Nob","floor":11,"turns":5},{"damage":20,"enemies":"Gremlin Gang","floor":12,"turns":5},{"damage":0,"enemies":"Slime Boss","floor":16,"turns":5},{"damage":6,"enemies":"Chosen","floor":18,"turns":5},{"damage":5,"enemies":"Spheric Guardian","floor":21,"turns":3},{"damage":35,"enemies":"Snake Plant","floor":24,"turns":4},{"damage":0,"enemies":"Sentry and Sphere","floor":25,"turns":2},{"damage":24,"enemies":"Centurion and Healer","floor":27,"turns":6},{"damage":5,"enemies":"Snake Plant","floor":28,"turns":1}],"relics_obtained":[{"floor":9,"key":"Potion Belt"},{"floor":11,"key":"Tough Bandages"},{"floor":17,"key":"Ancient Tea Set"},{"floor":17,"key":"The Courier"},{"floor":17,"key":"Prayer Wheel"},{"floor":26,"key":"Regal Pillow"}],"event_choices":[{"event_name":"Golden Idol","player_choice":"Lose Max HP","floor":5,"damage_taken":0},{"event_name":"Liars Game","player_choice":"agreed","floor":7,"damage_taken":0},{"event_name":"Bonfire Elementals","player_choice":"RARE","floor":14,"damage_taken":0},{"event_name":"The Lab","player_choice":"Got Potions","floor":19,"damage_taken":0},{"event_name":"Drug Dealer","player_choice":"Ignored","floor":22,"damage_taken":0}],"boss_relics":[{"not_picked":["Lizard Tail","Philosopher\u0027s Stone"],"picked":"Calling Bell"}],"potions_floor_spawned":[1,3,11,12,16,24,25],"seed_played":"5168820765892798264","killed_by":"Snake Plant","ascension_level":0,"potions_obtained":[{"floor":1,"key":"Block Potion"},{"floor":3,"key":"Fire Potion"},{"floor":11,"key":"Dexterity Potion"},{"floor":12,"key":"AttackPotion"},{"floor":16,"key":"Explosive Potion"},{"floor":19,"key":"SpeedPotion"},{"floor":19,"key":"Strength Potion"},{"floor":19,"key":"Fire Potion"},{"floor":24,"key":"SkillPotion"},{"floor":25,"key":"Poison Potion"}],"is_trial":false}