{"gold_per_floor":[359,215,226,244,75,75,87,87,87,104,104,116,126,145,145,246,246,264,282,282,300,219,219,230,176,176,176,176,192,202,221,221,323,323,337,354,368,368,126,126,143,143,143,155,155,155],"floor_reached":46,"playtime":3809,"items_purged":["Strike_G","Strike_G"],"score":420,"play_id":"a3e6ad9b-33f4-4319-8f0e-c7ea138a01f9","local_time":"20190227005244","is_ascension_mode":false,"campfire_choices":[{"data":"Crippling Poison","floor":6,"key":"SMITH"},{"data":"Defend_G","floor":8,"key":"SMITH"},{"data":"Defend_G","floor":11,"key":"SMITH"},{"data":"Noxious Fumes","floor":15,"key":"SMITH"},{"data":"Footwork","floor":23,"key":"SMITH"},{"data":"Neutralize","floor":28,"key":"SMITH"},{"floor":32,"key":"REST"},{"floor":40,"key":"REST"},{"data":"Envenom","floor":42,"key":"SMITH"}],"neow_cost":"PERCENT_DAMAGE","seed_source_timestamp":426574962125874,"circlet_count":0,"master_deck":["Defend_G+1","Defend_G+1","Defend_G","Defend_G","Defend_G","Strike_G","Strike_G","Survivor","Neutralize+1","Leg Sweep","Bouncing Flask","Noxious Fumes+1","Crippling Poison+1","Escape Plan","Bouncing Flask","Outmaneuver","PiercingWail","Dodge and Roll","After Image+1","Backstab+1","Heel Hook","Footwork+1","Acrobatics","Cloak And Dagger","Dodge and Roll+1","Envenom+1","Die Die Die","Cloak And Dagger+1","Sadistic Nature","Outmaneuver+1","Madness","Madness"],"relics":["Ring of the Snake"],"potions_floor_usage":[16,36,37,41,44,46,46],"damage_taken":[{"damage":0,"enemies":"Cultist","floor":1,"turns":5},{"damage":2,"enemies":"Small Slimes","floor":3,"turns":4},{"damage":0,"enemies":"2 Louse","floor":4,"turns":3},{"damage":2,"enemies":"Lots of Slimes","floor":7,"turns":3},{"damage":0,"enemies":"Exordium Wildlife","floor":10,"turns":3},{"damage":1,"enemies":"Blue Slaver","floor":12,"turns":4},{"damage":0,"enemies":"Looter","floor":13,"turns":5},{"damage":4,"enemies":"Large Slime","floor":14,"turns":7},{"damage":39,"enemies":"Slime Boss","floor":16,"turns":11},{"damage":18,"enemies":"2 Thieves","floor":18,"turns":5},{"damage":22,"enemies":"Chosen","floor":19,"turns":5},{"damage":1,"enemies":"Centurion and Healer","floor":21,"turns":10},{"damage":0,"enemies":"Snecko","floor":24,"turns":5},{"damage":0,"enemies":"3 Cultists","floor":29,"turns":5},{"damage":2,"enemies":"Snake Plant","floor":30,"turns":6},{"damage":0,"enemies":"Centurion and Healer","floor":31,"turns":8},{"damage":21,"enemies":"Champ","floor":33,"turns":13},{"damage":5,"enemies":"Orb Walker","floor":35,"turns":7},{"damage":10,"enemies":"3 Darklings","floor":36,"turns":6},{"damage":32,"enemies":"Transient","floor":37,"turns":5},{"damage":2,"enemies":"Maw","floor":41,"turns":9},{"damage":5,"enemies":"Jaw Worm Horde","floor":44,"turns":6},{"damage":32,"enemies":"Transient","floor":46,"turns":4}],"seed_played":"-2001684763735029033","potions_obtained":[{"floor":1,"key":"FearPotion"},{"floor":10,"key":"EssenceOfSteel"},{"floor":13,"key":"SpeedPotion"},{"floor":29,"key":"SteroidPotion"},{"floor":33,"key":"AttackPotion"},{"floor":35,"key":"GhostInAJar"},{"floor":37,"key":"SkillPotion"},{"floor":41,"key":"EssenceOfSteel"}],"is_trial":false,"path_per_floor":["M","$","M","M","$","R","M","R","T","M","R","M","M","M","R","B",null,"M","M","?","M","$","R","M","$","T","?","R","M","M","M","R","B",null,"M","M","M","?","$","R","M","R","T","M","?","M"],"character_chosen":"THE_SILENT","items_purchased":["Bouncing Flask","Escape Plan","Footwork","Cloak And Dagger","Sadistic Nature","GhostInAJar"],"campfire_rested":2,"item_purchase_floors":[2,5,22,25,39,39],"current_hp_per_floor":[49,49,47,47,47,47,45,45,45,45,45,44,44,40,40,1,70,52,30,30,29,29,29,29,29,29,29,29,29,27,27,48,27,70,65,55,23,23,23,44,42,42,42,37,28,0],"gold":155,"neow_bonus":"TWO_FIFTY_GOLD","is_prod":false,"is_daily":false,"chose_seed":false,"campfire_upgraded":7,"win_rate":0,"timestamp":1551228764,"path_taken":["M","$","M","?","$","R","M","R","T","M","R","M","M","M","R","BOSS","M","M","?","?","$","R","M","$","T","?","R","M","M","?","R","BOSS","M","M","?","?","$","R","M","R","T","M","?","M"],"build_version":"2019-01-23","purchased_purges":2,"victory":false,"max_hp_per_floor":[70,70,70,70,70,70,70,70,70,70,70,70,70,70,70,70,70,70,70,70,70,70,70,70,70,70,70,70,70,70,70,70,70,70,70,70,70,70,70,70,70,70,70,70,70,70],"card_choices":[{"not_picked":["PiercingWail","Dagger Spray"],"picked":"Leg Sweep","floor":1},{"not_picked":["PiercingWail","Underhanded Strike"],"picked":"Noxious Fumes","floor":3},{"not_picked":["Tactician","Deadly Poison"],"picked":"Crippling Poison","floor":4},{"not_picked":["Blade Dance","Blur"],"picked":"Bouncing Flask","floor":7},{"not_picked":["Leg Sweep","Sucker Punch","Outmaneuver"],"picked":"SKIP","floor":10},{"not_picked":["Leg Sweep","Acrobatics"],"picked":"Outmaneuver","floor":12},{"not_picked":["Skewer","Dagger Throw"],"picked":"PiercingWail","floor":13},{"not_picked":["Riddle With Holes","Deadly Poison"],"picked":"Dodge and Roll","floor":14},{"not_picked":["A Thousand Cuts","Bullet Time"],"picked":"After Image","floor":16},{"not_picked":["Underhanded Strike","Reflex"],"picked":"Backstab+1","floor":18},{"not_picked":["Setup","Blade Dance"],"picked":"Heel Hook","floor":19},{"not_picked":["Dash","Sucker Punch","Bane"],"picked":"SKIP","floor":21},{"not_picked":["Bane","Dagger Spray"],"picked":"Acrobatics","floor":24},{"not_picked":["Bouncing Flask+1","Dagger Throw"],"picked":"Dodge and Roll+1","floor":29},{"not_picked":["PiercingWail","Acrobatics","Flying Knee"],"picked":"SKIP","floor":30},{"not_picked":["Outmaneuver","Sucker Punch"],"picked":"Envenom","floor":31},{"not_picked":["A Thousand Cuts","Storm of Steel"],"picked":"Die Die Die","floor":33},{"not_picked":["Bane","Deadly Poison","Prepared"],"picked":"SKIP","floor":35},{"not_picked":["Finisher","Outmaneuver+1"],"picked":"Cloak And Dagger+1","floor":36},{"not_picked":["Acrobatics","Dagger Throw+1","Riddle With Holes"],"picked":"SKIP","floor":37},{"not_picked":["Quick Slash+1","Dagger Throw+1"],"picked":"Outmaneuver+1","floor":41},{"not_picked":["Slice","All Out Attack","Outmaneuver+1"],"picked":"SKIP","floor":44}],"player_experience":516328,"relics_obtained":[],"event_choices":[{"damage_healed":0,"gold_gain":0,"player_choice":"Upgraded","damage_taken":0,"max_hp_gain":0,"max_hp_loss":0,"event_name":"Upgrade Shrine","floor":20,"gold_loss":0,"cards_upgraded":["After Image"]},{"cards_removed":["Strike_G"],"damage_healed":0,"gold_gain":0,"player_choice":"Card Removal","damage_taken":0,"max_hp_gain":0,"max_hp_loss":0,"event_name":"Wheel of Change","floor":27,"gold_loss":0},{"damage_healed":0,"gold_gain":0,"player_choice":"Ignored","damage_taken":0,"max_hp_gain":0,"max_hp_loss":0,"event_name":"Tomb of Lord Red Mask","floor":38,"gold_loss":0},{"damage_healed":0,"gold_gain":0,"player_choice":"Embrace Madness","damage_taken":9,"max_hp_gain":0,"max_hp_loss":0,"event_name":"Winding Halls","floor":45,"gold_loss":0,"cards_obtained":["Madness","Madness"]}],"is_beta":false,"boss_relics":[{"not_picked":["Sozu","Coffee Dripper","Eternal Feather"]},{"not_picked":["Sozu","Coffee Dripper","Eternal Feather"]}],"items_purged_floors":[2,5],"is_endless":false,"potions_floor_spawned":[1,10,13,29,33,35,37,41],"killed_by":"Transient","ascension_level":0}