{"path_per_floor":["M","?","M","M","?","E","M","E","T","M","R","M","?","T","R","B",null,"M","$","?","M","M","E","R","M","T","M","M","M","R","M","R","B",null,"M","$","?","$","M","E","R","M","T","M","R","M","R","M","R"],"character_chosen":"THE_SILENT","items_purchased":["Kunai","Infinite Blades","Blur","Infinite Blades","Outmaneuver","Escape Plan","Deep Breath","Infinite Blades"],"gold_per_floor":[114,114,129,144,144,174,189,219,244,259,259,274,374,374,374,474,474,489,20,20,35,50,80,80,95,170,185,200,215,215,230,230,330,330,345,41,41,6,21,51,51,66,66,81,81,96,96,111,111,111],"floor_reached":50,"campfire_rested":2,"playtime":4776,"current_hp_per_floor":[68,67,63,62,62,55,39,18,18,18,18,10,10,10,28,24,59,58,57,56,55,54,51,51,51,50,43,43,43,43,43,43,43,42,40,40,35,35,35,16,26,14,14,14,14,14,14,17,17,0],"items_purged":["A Thousand Cuts"],"gold":111,"score":610,"play_id":"f9e7e1f3-63f2-440e-b226-03a92db4e76f","local_time":"20180520220413","daily_mods":["Specialized","Binary","Terminal"],"is_prod":false,"is_daily":true,"chose_seed":false,"is_ascension_mode":false,"campfire_upgraded":7,"timestamp":1526850253,"campfire_choices":[{"data":"Setup","floor":11,"key":"SMITH"},{"floor":15,"key":"REST"},{"data":"Infinite Blades","floor":24,"key":"SMITH"},{"data":"A Thousand Cuts","floor":30,"key":"SMITH"},{"data":"Footwork","floor":32,"key":"SMITH"},{"floor":41,"key":"REST"},{"data":"Survivor","floor":45,"key":"SMITH"},{"data":"Sucker Punch","floor":47,"key":"SMITH"},{"data":"Sucker Punch","floor":49,"key":"SMITH"}],"path_taken":["M","?","?","M","?","E","M","E","T","M","R","M","?","?","R","BOSS","M","$","?","M","M","E","R","M","T","M","M","M","R","M","R","BOSS","M","$","?","?","M","E","R","M","T","?","R","M","R","M","R","BOSS"],"build_version":"2018-05-17","seed_source_timestamp":510560562013493,"purchased_purges":1,"victory":false,"master_deck":["Survivor+1","Neutralize+1","A Thousand Cuts+1","A Thousand Cuts+1","A Thousand Cuts","A Thousand Cuts","Dagger Throw","Setup+1","Venomology","Cloak And Dagger+1","Distraction+1","Infinite Blades+1","Blur+1","Escape Plan+1","Calculated Gamble+1","PiercingWail+1","Footwork+1","Night Terror+1","Distraction+1","Masterful Stab","Sucker Punch+1","Slice","Sucker Punch+1","Poisoned Stab","Quick Slash","Backflip+1","Bane","Setup+1","Cloak And Dagger+1","Infinite Blades","Outmaneuver+1","Escape Plan+1","Deep Breath+1","Madness+1","Madness+1","Infinite Blades","Cloak And Dagger+1","Deflect+1","Setup+1","Acrobatics+1"],"max_hp_per_floor":[68,67,66,65,64,70,69,68,67,66,65,64,63,62,61,60,59,58,57,56,55,54,53,52,51,50,49,48,47,46,45,44,43,42,41,40,39,38,37,36,35,34,33,32,31,30,29,28,27,27],"relics":["Ring of the Snake","Strawberry","Toxic Egg 2","Anchor","Ornamental Fan","Runic Dome","Kunai","Ninja Scroll","Bottled Tornado","Pandora\u0027s Box","Centennial Puzzle","Darkstone Periapt"],"card_choices":[{"not_picked":["Quick Slash"],"picked":"Dagger Throw","floor":1},{"not_picked":["Underhanded Strike","Quick Slash"],"picked":"SKIP","floor":3},{"not_picked":["Underhanded Strike","Deadly Poison"],"picked":"SKIP","floor":4},{"not_picked":["Underhanded Strike","Deadly Poison"],"picked":"SKIP","floor":4},{"not_picked":["Reflex"],"picked":"Setup","floor":6},{"not_picked":["Dagger Spray"],"picked":"Venomology","floor":7},{"not_picked":["Deadly Poison"],"picked":"Cloak And Dagger","floor":8},{"not_picked":["Dagger Throw"],"picked":"Distraction+1","floor":10},{"not_picked":["Slice","Reflex+1"],"picked":"SKIP","floor":12},{"not_picked":["All Out Attack+1","Underhanded Strike+1"],"picked":"SKIP","floor":18},{"not_picked":["Terror+1"],"picked":"Escape Plan+1","floor":21},{"not_picked":["Dodge and Roll+1","Flying Knee"],"picked":"SKIP","floor":22},{"not_picked":["Dagger Spray"],"picked":"Calculated Gamble+1","floor":23},{"not_picked":["Choke","Eviscerate"],"picked":"SKIP","floor":25},{"not_picked":["Sucker Punch+1","Storm of Steel+1"],"picked":"SKIP","floor":27},{"not_picked":["Crippling Poison+1","Dagger Spray"],"picked":"SKIP","floor":28},{"not_picked":["Slice"],"picked":"PiercingWail+1","floor":29},{"not_picked":["Backstab"],"picked":"Footwork","floor":31},{"not_picked":["Tactician+1"],"picked":"Night Terror+1","floor":33},{"not_picked":["Backflip+1"],"picked":"Cloak And Dagger+1","floor":35},{"not_picked":["Sucker Punch+1"],"picked":"Cloak And Dagger+1","floor":39},{"not_picked":["Slice+1"],"picked":"Deflect+1","floor":40},{"not_picked":["Slice","Backstab+1"],"picked":"SKIP","floor":42},{"not_picked":["Underhanded Strike"],"picked":"Setup+1","floor":44},{"not_picked":["Concentrate+1","Masterful Stab"],"picked":"SKIP","floor":46},{"not_picked":["Flying Knee"],"picked":"Acrobatics+1","floor":48}],"player_experience":231013,"potions_floor_usage":[7,10,16,18,21,21,22,23,25,27,28,29,31,33,33,33,39,40,42,44,44,48,50],"damage_taken":[{"damage":1,"enemies":"Jaw Worm","floor":1,"turns":5},{"damage":4,"enemies":"Cultist","floor":3,"turns":4},{"damage":1,"enemies":"2 Louse","floor":4,"turns":3},{"damage":14,"enemies":"Lagavulin","floor":6,"turns":8},{"damage":16,"enemies":"Gremlin Gang","floor":7,"turns":5},{"damage":21,"enemies":"Gremlin Nob","floor":8,"turns":6},{"damage":0,"enemies":"Looter","floor":10,"turns":3},{"damage":8,"enemies":"2 Fungi Beasts","floor":12,"turns":3},{"damage":4,"enemies":"Hexaghost","floor":16,"turns":9},{"damage":0,"enemies":"Chosen","floor":18,"turns":4},{"damage":0,"enemies":"2 Thieves","floor":21,"turns":3},{"damage":0,"enemies":"Centurion and Healer","floor":22,"turns":6},{"damage":3,"enemies":"Book of Stabbing","floor":23,"turns":6},{"damage":0,"enemies":"Snake Plant","floor":25,"turns":3},{"damage":7,"enemies":"Slaver and Parasite","floor":27,"turns":5},{"damage":0,"enemies":"Snecko","floor":28,"turns":4},{"damage":0,"enemies":"Snake Plant","floor":29,"turns":4},{"damage":0,"enemies":"Centurion and Healer","floor":31,"turns":4},{"damage":0,"enemies":"Champ","floor":33,"turns":12},{"damage":2,"enemies":"3 Shapes","floor":35,"turns":3},{"damage":0,"enemies":"3 Darklings","floor":39,"turns":3},{"damage":21,"enemies":"Nemesis","floor":40,"turns":5},{"damage":12,"enemies":"Maw","floor":42,"turns":6},{"damage":0,"enemies":"Sphere and 2 Shapes","floor":44,"turns":3},{"damage":0,"enemies":"4 Shapes","floor":46,"turns":3},{"damage":6,"enemies":"3 Darklings","floor":48,"turns":3},{"damage":18,"enemies":"Donu and Deca","floor":50,"turns":4}],"relics_obtained":[{"floor":6,"key":"Strawberry"},{"floor":8,"key":"Toxic Egg 2"},{"floor":9,"key":"Anchor"},{"floor":14,"key":"Ornamental Fan"},{"floor":23,"key":"Ninja Scroll"},{"floor":26,"key":"Bottled Tornado"},{"floor":40,"key":"Centennial Puzzle"},{"floor":43,"key":"Darkstone Periapt"}],"event_choices":[{"event_name":"Upgrade Shrine","player_choice":"Upgraded","floor":2,"damage_taken":0},{"event_name":"Living Wall","player_choice":"Grow","floor":5,"damage_taken":0},{"event_name":"Golden Shrine","player_choice":"Pray","floor":13,"damage_taken":0},{"event_name":"Drug Dealer","player_choice":"Ignored","floor":20,"damage_taken":0},{"event_name":"Winding Halls","player_choice":"Embrace Madness","floor":37,"damage_taken":0}],"boss_relics":[{"not_picked":["Tiny House","Velvet Choker"],"picked":"Runic Dome"},{"not_picked":["Lizard Tail","White Beast Statue"],"picked":"Pandora\u0027s Box"}],"potions_floor_spawned":[1,4,8,10,12,18,21,27,31,33,39,40,46],"seed_played":"5982385652797705941","killed_by":"Donu and Deca","ascension_level":0,"potions_obtained":[{"floor":1,"key":"Swift Potion"},{"floor":4,"key":"Explosive Potion"},{"floor":8,"key":"Weak Potion"},{"floor":10,"key":"FearPotion"},{"floor":12,"key":"Strength Potion"},{"floor":18,"key":"EssenceOfSteel"},{"floor":21,"key":"GhostInAJar"},{"floor":31,"key":"SteroidPotion"},{"floor":33,"key":"Swift Potion"},{"floor":39,"key":"Fire Potion"},{"floor":40,"key":"Poison Potion"},{"floor":46,"key":"Regen Potion"}],"is_trial":false}