{"gold_per_floor":[216,229,96,112,112,144,144,169,223,223,223,19,50,60,60,137,137,149,163,163,173,173,198,198,223,223,256,289,289,319,331,331,405,405,416,416,436,202,202,202,236,236,317,539,1,30,30,30,30,30],"floor_reached":50,"playtime":4483,"items_purged":["Strike_B"],"score":1480,"play_id":"4d1dd9a0-8143-40bd-bb7d-4cf12839eaa3","local_time":"20190729002721","is_ascension_mode":true,"campfire_choices":[{"data":"Zap","floor":7.0,"key":"SMITH"},{"floor":11.0,"key":"REST"},{"data":"Defragment","floor":15.0,"key":"SMITH"},{"data":"Seek","floor":24.0,"key":"SMITH"},{"data":"Seek","floor":29.0,"key":"SMITH"},{"data":"Defragment","floor":32.0,"key":"SMITH"},{"data":"Turbo","floor":40.0,"key":"SMITH"},{"data":"Seek","floor":42.0,"key":"SMITH"},{"floor":49.0,"key":"RECALL"}],"neow_cost":"NONE","seed_source_timestamp":352972705408917,"circlet_count":0,"master_deck":["AscendersBane","Defend_B","Defend_B","Defend_B","Defend_B","Zap+1","Dualcast","Compile Driver","Ball Lightning","Self Repair","Defragment+1","Coolheaded","Gash","Doom and Gloom","Glacier","Defragment+1","Undo","Coolheaded","Electrodynamics","Seek+1","White Noise","Force Field","Defragment+1","Rainbow","Reinforced Body","Glacier","Seek+1","Ball Lightning","Turbo+1","Echo Form+1","Leap+1","Blizzard+1","Capacitor+1","Seek+1","Coolheaded"],"special_seed":0,"relics":["Cracked Core","Letter Opener","Oddly Smooth Stone","Omamori","Question Card","Philosopher\u0027s Stone","Frozen Egg 2","Dead Branch","Potion Belt","WingedGreaves","Bag of Preparation","Red Mask","Coffee Dripper","Pear","ClockworkSouvenir","Dodecahedron","Meat on the Bone","FossilizedHelix"],"potions_floor_usage":[],"damage_taken":[{"damage":2.0,"enemies":"Cultist","floor":1.0,"turns":4.0},{"damage":7.0,"enemies":"Small Slimes","floor":2.0,"turns":3.0},{"damage":7.0,"enemies":"Jaw Worm","floor":4.0,"turns":2.0},{"damage":25.0,"enemies":"Lagavulin","floor":6.0,"turns":5.0},{"damage":16.0,"enemies":"3 Sentries","floor":8.0,"turns":5.0},{"damage":11.0,"enemies":"Gremlin Nob","floor":13.0,"turns":3.0},{"damage":7.0,"enemies":"Exordium Thugs","floor":14.0,"turns":5.0},{"damage":14.0,"enemies":"The Guardian","floor":16.0,"turns":11.0},{"damage":13.0,"enemies":"Chosen","floor":18.0,"turns":3.0},{"damage":16.0,"enemies":"Shell Parasite","floor":19.0,"turns":6.0},{"damage":1.0,"enemies":"Snecko","floor":21.0,"turns":4.0},{"damage":0.0,"enemies":"Book of Stabbing","floor":23.0,"turns":6.0},{"damage":0.0,"enemies":"Gremlin Leader","floor":25.0,"turns":4.0},{"damage":0.0,"enemies":"Book of Stabbing","floor":27.0,"turns":6.0},{"damage":32.0,"enemies":"Slavers","floor":28.0,"turns":2.0},{"damage":0.0,"enemies":"Masked Bandits","floor":30.0,"turns":2.0},{"damage":0.0,"enemies":"Centurion and Healer","floor":31.0,"turns":5.0},{"damage":8.0,"enemies":"Champ","floor":33.0,"turns":17.0},{"damage":19.0,"enemies":"3 Shapes","floor":35.0,"turns":7.0},{"damage":0.0,"enemies":"3 Darklings","floor":37.0,"turns":5.0},{"damage":0.0,"enemies":"Nemesis","floor":41.0,"turns":9.0},{"damage":4.0,"enemies":"Giant Head","floor":46.0,"turns":9.0},{"damage":84,"enemies":"Awakened One","floor":50,"turns":3}],"seed_played":"-5582605687898730306","potions_obtained":[{"floor":1.0,"key":"Weak Potion"},{"floor":6.0,"key":"Strength Potion"},{"floor":14.0,"key":"PowerPotion"},{"floor":21.0,"key":"FocusPotion"},{"floor":25.0,"key":"SteroidPotion"},{"floor":33.0,"key":"FearPotion"},{"floor":35.0,"key":"Fruit Juice"},{"floor":46.0,"key":"GamblersBrew"}],"is_trial":false,"path_per_floor":["M","M","$","M","?","E","R","E","T","?","R","$","E","M","R","B",null,"M","M","?","M","?","E","R","E","T","E","E","R","?","M","R","B",null,"M","?","M","$","?","R","E","R","T","?","$","E","T","$","R","B"],"character_chosen":"DEFECT","items_purchased":["Self Repair","Sweeping Beam","Glacier","Defragment","Undo","Capacitor+1","Seek","ClockworkSouvenir","Dodecahedron","Block Potion"],"campfire_rested":1,"item_purchase_floors":[3,3,12,12,12,38,38,45,45,45],"current_hp_per_floor":[62,55,55,55,55,37,37,28,28,28,49,49,38,38,38,31,61,55,46,46,45,45,52,52,59,59,66,41,41,48,55,55,54,67,55,55,69,69,71,71,81,81,81,81,81,81,81,81,81,0],"gold":30,"neow_bonus":"HUNDRED_GOLD","is_prod":false,"is_daily":false,"chose_seed":false,"campfire_upgraded":7,"win_rate":0,"timestamp":1564356441,"path_taken":["M","M","$","?","?","E","R","E","T","?","R","$","E","M","R","BOSS","M","M","?","M","?","E","R","E","T","E","E","R","?","M","R","BOSS","M","?","M","$","?","R","E","R","T","?","$","E","?","?","R","BOSS"],"build_version":"2019-07-17","purchased_purges":1,"victory":false,"max_hp_per_floor":[71,71,71,71,71,71,71,71,71,71,71,71,71,71,71,71,71,71,71,71,71,71,71,71,71,71,71,71,71,71,71,71,71,71,71,71,71,71,71,71,81,81,81,81,81,81,81,81,81,81],"card_choices":[{"not_picked":["White Noise","Stack"],"picked":"Compile Driver","floor":1.0},{"not_picked":["Redo","Static Discharge"],"picked":"Ball Lightning","floor":2.0},{"not_picked":["Doom and Gloom","Conserve Battery"],"picked":"Defragment","floor":4.0},{"not_picked":["Capacitor","Sweeping Beam"],"picked":"Coolheaded","floor":6.0},{"not_picked":["Heatsinks","Storm"],"picked":"Gash","floor":8.0},{"not_picked":["Gash","Rip and Tear"],"picked":"Coolheaded","floor":13.0},{"not_picked":["Beam Cell","Melter","Coolheaded"],"picked":"Electrodynamics","floor":14.0},{"not_picked":["Amplify","Reboot","Thunder Strike"],"picked":"Seek","floor":16.0},{"not_picked":["Go for the Eyes","Force Field","Redo"],"picked":"White Noise","floor":18.0},{"not_picked":["Redo","Compile Driver","Cold Snap"],"picked":"Force Field","floor":19.0},{"not_picked":["Beam Cell+1","Self Repair","Turbo"],"picked":"Reinforced Body","floor":21.0},{"not_picked":["Self Repair","Rebound","Stack"],"picked":"Seek","floor":23.0},{"not_picked":["Heatsinks+1","Leap","Doom and Gloom","Melter"],"picked":"SKIP","floor":25.0},{"not_picked":["Melter","Auto Shields","Gash","Force Field"],"picked":"SKIP","floor":27.0},{"not_picked":["Rip and Tear+1","Gash","Compile Driver"],"picked":"Ball Lightning","floor":28.0},{"not_picked":["Sunder","Machine Learning+1","Force Field+1"],"picked":"Turbo","floor":31.0},{"not_picked":["Hyperbeam","Thunder Strike","Amplify"],"picked":"Echo Form+1","floor":33.0},{"not_picked":["Ball Lightning","Rebound","Go for the Eyes"],"picked":"Leap+1","floor":35.0},{"not_picked":["Rainbow","Stack","Barrage+1"],"picked":"Blizzard+1","floor":37.0},{"not_picked":["Beam Cell","Steam","Turbo"],"picked":"Coolheaded","floor":41.0},{"not_picked":["Lockon","All For One","Go for the Eyes","Coolheaded"],"picked":"SKIP","floor":46.0}],"player_experience":1049830,"relics_obtained":[{"floor":6.0,"key":"Letter Opener"},{"floor":8.0,"key":"Oddly Smooth Stone"},{"floor":9.0,"key":"Omamori"},{"floor":13.0,"key":"Question Card"},{"floor":23.0,"key":"Frozen Egg 2"},{"floor":25.0,"key":"Dead Branch"},{"floor":26.0,"key":"Potion Belt"},{"floor":27.0,"key":"WingedGreaves"},{"floor":28.0,"key":"Bag of Preparation"},{"floor":30.0,"key":"Red Mask"},{"floor":41.0,"key":"Pear"},{"floor":46.0,"key":"Meat on the Bone"},{"floor":47.0,"key":"FossilizedHelix"}],"event_choices":[{"damage_healed":0.0,"max_hp_gain":0.0,"max_hp_loss":0.0,"gold_gain":0.0,"event_name":"Living Wall","player_choice":"Grow","floor":5.0,"gold_loss":0.0,"damage_taken":0.0,"cards_upgraded":["Defragment"]},{"damage_healed":0.0,"max_hp_gain":0.0,"max_hp_loss":0.0,"gold_gain":0.0,"cards_transformed":["Strike_B"],"event_name":"Transmorgrifier","player_choice":"Transformed","floor":10.0,"gold_loss":0.0,"damage_taken":0.0,"cards_obtained":["Doom and Gloom"]},{"damage_healed":0.0,"max_hp_gain":0.0,"max_hp_loss":0.0,"gold_gain":0.0,"cards_transformed":["Strike_B","Strike_B"],"event_name":"Drug Dealer","player_choice":"Became Test Subject","floor":20.0,"gold_loss":0.0,"damage_taken":0.0,"cards_obtained":["Defragment","Rainbow"]},{"damage_healed":0.0,"max_hp_gain":0.0,"max_hp_loss":0.0,"gold_gain":0.0,"event_name":"The Library","player_choice":"Read","floor":22.0,"gold_loss":0.0,"damage_taken":0.0,"cards_obtained":["Glacier"]},{"damage_healed":0.0,"max_hp_gain":0.0,"max_hp_loss":0.0,"gold_gain":0.0,"event_name":"Masked Bandits","player_choice":"Fought Bandits","floor":30.0,"gold_loss":0.0,"damage_taken":0.0},{"cards_removed":["Sweeping Beam"],"damage_healed":0.0,"max_hp_gain":0.0,"max_hp_loss":0.0,"gold_gain":0.0,"event_name":"Falling","player_choice":"Removed Attack","floor":36.0,"gold_loss":0.0,"damage_taken":0.0},{"damage_healed":14.0,"max_hp_gain":0.0,"max_hp_loss":0.0,"gold_gain":0.0,"event_name":"Winding Halls","player_choice":"Writhe","floor":39.0,"gold_loss":0.0,"damage_taken":0.0,"cards_obtained":["Writhe"]},{"damage_healed":0.0,"max_hp_gain":0.0,"max_hp_loss":0.0,"gold_gain":222.0,"event_name":"Tomb of Lord Red Mask","player_choice":"Wore Mask","floor":44.0,"gold_loss":0.0,"damage_taken":0.0}],"is_beta":false,"boss_relics":[{"not_picked":["Runic Dome","Eternal Feather"],"picked":"Philosopher\u0027s Stone"},{"not_picked":["Velvet Choker","Lizard Tail"],"picked":"Coffee Dripper"}],"items_purged_floors":[38],"is_endless":false,"potions_floor_spawned":[1,6,14,16,19,21,25,33,35,46],"killed_by":"Awakened One","ascension_level":20}