{"gold_per_floor":[110,110,110,110,82,82,112,112,136,136,156,187,199,199,199,199],"floor_reached":16,"playtime":426,"items_purged":[],"score":133,"play_id":"d8fec1d0-730e-4948-99aa-1beb0cf9219b","local_time":"20190802193042","is_ascension_mode":true,"campfire_choices":[{"data":"Regret","floor":6,"key":"PURGE"},{"data":"Cloak And Dagger","floor":8,"key":"SMITH"},{"floor":15,"key":"REST"}],"neow_cost":"NONE","seed_source_timestamp":1925907275196480,"circlet_count":0,"master_deck":["Strike_G","Strike_G","Strike_G","Strike_G","Strike_G","Defend_G","Defend_G","Defend_G+1","Defend_G","Defend_G","Survivor","Neutralize","Quick Slash","Cloak And Dagger+1","Heel Hook","Cloak And Dagger+1","Finisher","Escape Plan","Backflip"],"relics":["Ring of the Snake","Mercury Hourglass","Peace Pipe","Question Card","Dream Catcher","Bird Faced Urn","War Paint"],"potions_floor_usage":[12],"damage_taken":[{"damage":0,"enemies":"Small Slimes","floor":1,"turns":3},{"damage":18,"enemies":"3 Sentries","floor":7,"turns":8},{"damage":0,"enemies":"2 Louse","floor":11,"turns":2},{"damage":32,"enemies":"Gremlin Nob","floor":12,"turns":5},{"damage":1,"enemies":"Jaw Worm","floor":13,"turns":2},{"damage":26,"enemies":"The Guardian","floor":16,"turns":2}],"seed_played":"2473204802615191163","potions_obtained":[{"floor":7,"key":"EssenceOfSteel"}],"is_trial":false,"path_per_floor":["M","?","?","$","?","R","E","R","T","T","M","E","M","?","R","B"],"character_chosen":"THE_SILENT","items_purchased":[],"campfire_rested":1,"item_purchase_floors":[],"current_hp_per_floor":[70,52,52,52,52,52,34,34,34,34,34,2,1,1,22,0],"gold":199,"neow_bonus":"THREE_CARDS","is_prod":false,"is_daily":false,"chose_seed":false,"campfire_upgraded":1,"win_rate":0,"timestamp":1564763442,"path_taken":["M","?","?","$","?","R","E","R","T","?","?","E","M","?","R","BOSS"],"build_version":"2019-07-17","purchased_purges":0,"victory":false,"max_hp_per_floor":[70,70,70,70,70,70,70,70,70,70,70,70,70,70,70,70],"card_choices":[{"not_picked":["Poisoned Stab","Underhanded Strike"],"picked":"Quick Slash","floor":0},{"not_picked":["Sucker Punch","Bane"],"picked":"Cloak And Dagger","floor":1},{"not_picked":["Poisoned Stab","Dagger Throw"],"picked":"Heel Hook","floor":7},{"not_picked":["Endless Agony","Slice","Deadly Poison"],"picked":"Cloak And Dagger","floor":11},{"not_picked":["Quick Slash","Distraction","Flechettes"],"picked":"Finisher","floor":12},{"not_picked":["PiercingWail","Catalyst","Expertise"],"picked":"Escape Plan","floor":13},{"not_picked":["Crippling Poison","Quick Slash","Bane"],"picked":"Backflip","floor":15}],"player_experience":159566,"relics_obtained":[{"floor":7,"key":"Question Card"},{"floor":9,"key":"Dream Catcher"},{"floor":10,"key":"Bird Faced Urn"},{"floor":12,"key":"War Paint"}],"event_choices":[{"damage_healed":0,"gold_gain":0,"player_choice":"Success","damage_taken":18,"relics_obtained":["Mercury Hourglass"],"max_hp_gain":0,"max_hp_loss":0,"event_name":"Scrap Ooze","floor":2,"gold_loss":0},{"damage_healed":0,"gold_gain":0,"player_choice":"Box","damage_taken":0,"relics_obtained":["Peace Pipe"],"max_hp_gain":0,"max_hp_loss":0,"event_name":"Big Fish","floor":3,"gold_loss":0,"cards_obtained":["Regret"]},{"damage_healed":0,"gold_gain":0,"player_choice":"Left Gold","damage_taken":0,"max_hp_gain":0,"max_hp_loss":0,"event_name":"World of Goop","floor":5,"gold_loss":28},{"damage_healed":0,"gold_gain":0,"player_choice":"Ignored","damage_taken":0,"max_hp_gain":0,"max_hp_loss":0,"event_name":"Golden Wing","floor":14,"gold_loss":0}],"is_beta":false,"boss_relics":[],"items_purged_floors":[],"is_endless":false,"potions_floor_spawned":[7],"killed_by":"The Guardian","ascension_level":5}