{"gold_per_floor":[114,126,21,36,36,36,71,71,71,71,103,120,120,146,146,245,245,262,262,119,119,134,147,175,175,199,216,216,229,229,264,264,363,363,380,393,404,421,433,433,446,446,471,505,521,536,536,548,548,548,548,548,12,47,47],"floor_reached":56,"playtime":3338,"items_purged":["Strike_G","Strike_G"],"score":1394,"play_id":"4811011c-a3bd-46ad-9f2b-371a34cf38e8","local_time":"20190501000910","is_ascension_mode":true,"campfire_choices":[{"data":"Deadly Poison","floor":6.0,"key":"SMITH"},{"data":"Neutralize","floor":10.0,"key":"SMITH"},{"data":"Deadly Poison","floor":13.0,"key":"SMITH"},{"data":"Footwork","floor":15.0,"key":"SMITH"},{"data":"Catalyst","floor":25.0,"key":"SMITH"},{"data":"Catalyst","floor":30.0,"key":"SMITH"},{"data":"Night Terror","floor":32.0,"key":"SMITH"},{"data":"Burst","floor":40.0,"key":"SMITH"},{"data":"Burst","floor":42.0,"key":"SMITH"},{"data":"Footwork","floor":47.0,"key":"SMITH"},{"floor":49.0,"key":"RECALL"},{"data":"PiercingWail","floor":52.0,"key":"SMITH"}],"neow_cost":"NONE","seed_source_timestamp":701784476814814,"circlet_count":0,"master_deck":["Defend_G","Defend_G","Defend_G","Defend_G","Defend_G","Strike_G","Strike_G","Survivor","Neutralize+1","Catalyst+1","Deadly Poison+1","Backstab","Footwork+1","Backflip","Poisoned Stab","PiercingWail+1","Deadly Poison+1","PiercingWail","Burst+1","Deadly Poison+1","Footwork+1","Catalyst+1","Dodge and Roll","Deflect","Night Terror+1","Burst+1","Escape Plan","Acrobatics+1","Escape Plan+1","Escape Plan+1","Noxious Fumes+1","Leg Sweep+1","Calculated Gamble+1","Adrenaline"],"special_seed":0,"relics":["Ring of the Snake","NeowsBlessing","Ice Cream","Gremlin Horn","Du-Vu Doll","Torii","Dream Catcher","Philosopher\u0027s Stone","Mummified Hand","Bronze Scales","Question Card","Runic Pyramid","Incense Burner","TwistedFunnel","Pantograph","Strawberry"],"potions_floor_usage":[],"damage_taken":[{"damage":0.0,"enemies":"Cultist","floor":1.0,"turns":1.0},{"damage":0.0,"enemies":"Jaw Worm","floor":2.0,"turns":1.0},{"damage":0.0,"enemies":"2 Louse","floor":4.0,"turns":1.0},{"damage":12.0,"enemies":"3 Sentries","floor":7.0,"turns":7.0},{"damage":0.0,"enemies":"Lagavulin","floor":11.0,"turns":5.0},{"damage":8.0,"enemies":"Exordium Wildlife","floor":12.0,"turns":5.0},{"damage":12.0,"enemies":"Gremlin Nob","floor":14.0,"turns":4.0},{"damage":0.0,"enemies":"The Guardian","floor":16.0,"turns":7.0},{"damage":1.0,"enemies":"Chosen","floor":18.0,"turns":3.0},{"damage":1.0,"enemies":"Spheric Guardian","floor":22.0,"turns":5.0},{"damage":0.0,"enemies":"Centurion and Healer","floor":23.0,"turns":7.0},{"damage":22.0,"enemies":"Slavers","floor":24.0,"turns":8.0},{"damage":0.0,"enemies":"Chosen and Byrds","floor":27.0,"turns":4.0},{"damage":0.0,"enemies":"Snake Plant","floor":29.0,"turns":3.0},{"damage":3.0,"enemies":"Book of Stabbing","floor":31.0,"turns":3.0},{"damage":16.0,"enemies":"Automaton","floor":33.0,"turns":7.0},{"damage":3.0,"enemies":"3 Darklings","floor":35.0,"turns":4.0},{"damage":0.0,"enemies":"Orb Walker","floor":36.0,"turns":3.0},{"damage":0.0,"enemies":"4 Shapes","floor":37.0,"turns":5.0},{"damage":0.0,"enemies":"Maw","floor":38.0,"turns":2.0},{"damage":8.0,"enemies":"Jaw Worm Horde","floor":39.0,"turns":5.0},{"damage":0.0,"enemies":"Writhing Mass","floor":41.0,"turns":3.0},{"damage":1.0,"enemies":"Giant Head","floor":44.0,"turns":4.0},{"damage":0.0,"enemies":"3 Darklings","floor":45.0,"turns":4.0},{"damage":0.0,"enemies":"Jaw Worm Horde","floor":46.0,"turns":5.0},{"damage":0.0,"enemies":"4 Shapes","floor":48.0,"turns":5.0},{"damage":7.0,"enemies":"Time Eater","floor":50.0,"turns":8.0},{"damage":13,"enemies":"Shield and Spear","floor":54,"turns":12},{"damage":0,"enemies":"The Heart","floor":55,"turns":3}],"seed_played":"-2668529304259429428","potions_obtained":[{"floor":1.0,"key":"EntropicBrew"},{"floor":7.0,"key":"GamblersBrew"},{"floor":12.0,"key":"GhostInAJar"},{"floor":35.0,"key":"Fire Potion"},{"floor":38.0,"key":"Swift Potion"},{"floor":39.0,"key":"Strength Potion"},{"floor":44.0,"key":"Block Potion"}],"is_trial":false,"path_per_floor":["M","M","$","M","?","R","E","?","T","R","E","M","R","E","R","B",null,"M","?","$","?","M","M","E","R","T","M","?","M","R","E","R","B",null,"M","M","M","M","M","R","M","R","T","E","M","M","R","M","R","B",null,"R","$","E","B",null],"character_chosen":"THE_SILENT","items_purchased":["Backstab","Footwork","Footwork","TwistedFunnel","Pantograph"],"campfire_rested":0,"item_purchase_floors":[3,3,20,53,53],"current_hp_per_floor":[70,70,70,70,67,67,55,48,48,48,48,40,40,28,28,28,70,69,69,69,69,68,68,46,46,46,46,33,33,33,30,30,14,75,72,72,72,72,64,64,64,64,64,63,63,63,63,63,63,56,75,75,75,69,82],"gold":47,"neow_bonus":"THREE_ENEMY_KILL","is_prod":false,"is_daily":false,"chose_seed":false,"campfire_upgraded":11,"win_rate":0,"timestamp":1556665750,"path_taken":["M","?","?","M","?","R","E","?","T","R","E","M","R","E","R","BOSS","M","?","$","?","?","M","E","R","T","M","?","M","R","E","R","BOSS","M","M","M","M","M","R","M","R","T","E","M","M","R","M","R","BOSS","R","$","E","BOSS"],"build_version":"2019-01-23","purchased_purges":2,"victory":true,"max_hp_per_floor":[70,70,70,70,70,70,70,70,70,70,70,70,70,70,70,70,70,70,70,70,70,70,70,70,70,70,70,75,75,75,75,75,75,75,75,75,75,75,75,75,75,75,75,75,75,75,75,75,75,75,75,75,75,82,82],"card_choices":[{"not_picked":["Eviscerate","PiercingWail"],"picked":"Catalyst","floor":1.0},{"not_picked":["Dodge and Roll","Distraction"],"picked":"Deadly Poison","floor":2.0},{"not_picked":["Underhanded Strike","Reflex"],"picked":"Backflip","floor":4.0},{"not_picked":["Escape Plan","Concentrate"],"picked":"Poisoned Stab","floor":7.0},{"not_picked":["Setup","Corpse Explosion"],"picked":"PiercingWail","floor":11.0},{"not_picked":["Deflect","Quick Slash"],"picked":"Deadly Poison","floor":12.0},{"not_picked":["Dagger Throw","Predator"],"picked":"PiercingWail","floor":14.0},{"not_picked":["Phantasmal Killer","Wraith Form v2"],"picked":"Burst","floor":16.0},{"not_picked":["Prepared","Leg Sweep"],"picked":"Deadly Poison+1","floor":18.0},{"not_picked":["PiercingWail","Backflip","Deflect"],"picked":"SKIP","floor":22.0},{"not_picked":["Skewer+1","Backstab","Outmaneuver+1"],"picked":"SKIP","floor":23.0},{"not_picked":["Dagger Throw","Heel Hook+1"],"picked":"Dodge and Roll","floor":24.0},{"not_picked":["Underhanded Strike","Flying Knee"],"picked":"Deflect","floor":27.0},{"not_picked":["Deadly Poison","PiercingWail","Quick Slash"],"picked":"SKIP","floor":29.0},{"not_picked":["Bane+1","Poisoned Stab"],"picked":"Night Terror","floor":31.0},{"not_picked":["Storm of Steel","Wraith Form v2","Phantasmal Killer"],"picked":"Burst","floor":33.0},{"not_picked":["Prepared+1","Blur","Blade Dance"],"picked":"Escape Plan","floor":35.0},{"not_picked":["Cloak And Dagger","Acrobatics","Sucker Punch+1","Poisoned Stab"],"picked":"SKIP","floor":36.0},{"not_picked":["Catalyst","Distraction","Noxious Fumes"],"picked":"Acrobatics+1","floor":37.0},{"not_picked":["Outmaneuver+1","Dodge and Roll","Acrobatics+1"],"picked":"Escape Plan+1","floor":38.0},{"not_picked":["Blade Dance","Outmaneuver","Dodge and Roll"],"picked":"Escape Plan+1","floor":39.0},{"not_picked":["Terror","Deadly Poison","All Out Attack"],"picked":"Noxious Fumes+1","floor":41.0},{"not_picked":["Dagger Throw+1","Doppelganger","Deflect+1","Poisoned Stab+1"],"picked":"SKIP","floor":44.0},{"not_picked":["Well Laid Plans+1","Masterful Stab+1","Heel Hook"],"picked":"Leg Sweep+1","floor":45.0},{"not_picked":["Acrobatics","Dodge and Roll","Prepared","Bane"],"picked":"SKIP","floor":46.0},{"not_picked":["Blade Dance+1","Outmaneuver+1","Doppelganger"],"picked":"Calculated Gamble+1","floor":48.0},{"not_picked":["Dagger Spray","Leg Sweep","Acrobatics"],"picked":"Adrenaline","floor":54}],"player_experience":917738,"relics_obtained":[{"floor":7.0,"key":"Gremlin Horn"},{"floor":9.0,"key":"Du-Vu Doll"},{"floor":11.0,"key":"Torii"},{"floor":14.0,"key":"Dream Catcher"},{"floor":24.0,"key":"Mummified Hand"},{"floor":26.0,"key":"Bronze Scales"},{"floor":31.0,"key":"Question Card"},{"floor":44.0,"key":"Incense Burner"},{"floor":54,"key":"Strawberry"}],"event_choices":[{"damage_healed":0.0,"max_hp_gain":0.0,"max_hp_loss":0.0,"gold_gain":0.0,"event_name":"Scrap Ooze","player_choice":"Success","floor":5.0,"gold_loss":0.0,"damage_taken":3.0,"relics_obtained":["Ice Cream"]},{"cards_removed":["Strike_G"],"damage_healed":0.0,"max_hp_gain":0.0,"max_hp_loss":0.0,"gold_gain":0.0,"event_name":"Golden Wing","player_choice":"Card Removal","floor":8.0,"gold_loss":0.0,"damage_taken":7.0},{"damage_healed":0.0,"max_hp_gain":0.0,"max_hp_loss":0.0,"gold_gain":0.0,"event_name":"Ghosts","player_choice":"Ignored","floor":19.0,"gold_loss":0.0,"damage_taken":0.0},{"damage_healed":0.0,"max_hp_gain":0.0,"max_hp_loss":0.0,"gold_gain":0.0,"event_name":"Duplicator","player_choice":"Copied","floor":21.0,"gold_loss":0.0,"damage_taken":0.0,"cards_obtained":["Catalyst"]},{"damage_healed":0.0,"max_hp_gain":5.0,"max_hp_loss":0.0,"gold_gain":0.0,"event_name":"Forgotten Altar","player_choice":"Shed Blood","floor":28.0,"gold_loss":0.0,"damage_taken":18.0}],"is_beta":false,"boss_relics":[{"not_picked":["Snecko Eye","Busted Crown"],"picked":"Philosopher\u0027s Stone"},{"not_picked":["Eternal Feather","Black Star"],"picked":"Runic Pyramid"}],"items_purged_floors":[20,53],"is_endless":false,"potions_floor_spawned":[1,7,12,14,24,29,35,38,39,44,45,48],"ascension_level":1}