{"gold_per_floor":[219,219,238,238,238,238,40,40,116,140,140,161,204,216,228,359,371,403,454,466,478],"floor_reached":21,"playtime":1147,"items_purged":[],"score":245,"play_id":"d150a524-83d8-4f4e-8593-6d3dc877f0e4","local_time":"20190224081958","is_ascension_mode":true,"campfire_choices":[{"data":"Demon Form","floor":6,"key":"SMITH"},{"data":"Armaments","floor":8,"key":"SMITH"},{"data":"Bash","floor":11,"key":"SMITH"},{"floor":15,"key":"REST"}],"neow_cost":"NONE","seed_source_timestamp":196869192820292,"circlet_count":0,"master_deck":["Bash+1","Clothesline","Demon Form+1","Enlightenment","Anger","Armaments+1","Shrug It Off","Havoc","Cleave","Rupture","Havoc","Rampage","Rage","Infernal Blade","Whirlwind","Demon Form","Barricade","Rampage"],"relics":["Burning Blood","Bloody Idol","Dodecahedron","MawBank","Pen Nib","Pandora\u0027s Box","Red Mask"],"potions_floor_usage":[19,19],"damage_taken":[{"damage":1,"enemies":"Cultist","floor":1,"turns":4},{"damage":13,"enemies":"Small Slimes","floor":3,"turns":4},{"damage":7,"enemies":"2 Louse","floor":10,"turns":3},{"damage":8,"enemies":"2 Fungi Beasts","floor":12,"turns":5},{"damage":22,"enemies":"3 Sentries","floor":13,"turns":6},{"damage":29,"enemies":"The Guardian","floor":16,"turns":9},{"damage":44,"enemies":"2 Thieves","floor":18,"turns":3},{"damage":25,"enemies":"Masked Bandits","floor":19,"turns":3},{"damage":15,"enemies":"3 Byrds","floor":21,"turns":2}],"seed_played":"-1198628117065179","potions_obtained":[{"floor":12,"key":"Strength Potion"},{"floor":13,"key":"LiquidBronze"}],"is_trial":false,"path_per_floor":["M","?","M","?","?","R","$","R","T","M","R","M","E","?","R","B",null,"M","?","?","M"],"character_chosen":"IRONCLAD","items_purchased":["Enlightenment","Anger","Armaments"],"campfire_rested":1,"item_purchase_floors":[7,7,7],"current_hp_per_floor":[77,77,70,50,55,55,55,55,55,54,54,52,36,11,36,13,67,29,10,10,0],"gold":478,"neow_bonus":"HUNDRED_GOLD","is_prod":false,"is_daily":false,"chose_seed":false,"campfire_upgraded":3,"win_rate":0,"timestamp":1550996398,"path_taken":["M","?","?","?","?","R","$","R","T","M","R","M","E","?","R","BOSS","M","?","?","M"],"build_version":"2019-01-23","purchased_purges":0,"victory":false,"max_hp_per_floor":[80,80,80,80,85,85,85,85,85,85,85,85,85,85,85,85,85,85,85,85,85],"card_choices":[{"not_picked":["Havoc","Body Slam"],"picked":"Clothesline","floor":1},{"not_picked":["Flame Barrier","Second Wind"],"picked":"Demon Form","floor":3},{"not_picked":["Thunderclap","Havoc"],"picked":"Shrug It Off","floor":10},{"not_picked":["Anger","Berserk"],"picked":"Havoc","floor":12},{"not_picked":["Thunderclap","Armaments"],"picked":"Cleave","floor":13},{"not_picked":["Blood for Blood","Searing Blow","Wild Strike"],"picked":"SKIP","floor":18}],"player_experience":473249,"relics_obtained":[{"floor":9,"key":"Dodecahedron"},{"floor":13,"key":"MawBank"},{"floor":19,"key":"Red Mask"}],"event_choices":[{"damage_healed":0,"gold_gain":0,"player_choice":"0 cards matched","damage_taken":0,"max_hp_gain":0,"max_hp_loss":0,"event_name":"Match and Keep!","floor":2,"gold_loss":0,"cards_obtained":[]},{"damage_healed":0,"gold_gain":0,"player_choice":"Take Damage","damage_taken":20,"relics_obtained":["Golden Idol"],"max_hp_gain":0,"max_hp_loss":0,"event_name":"Golden Idol","floor":4,"gold_loss":0},{"damage_healed":0,"gold_gain":0,"player_choice":"Donut","damage_taken":0,"max_hp_gain":5,"max_hp_loss":0,"event_name":"Big Fish","floor":5,"gold_loss":0},{"damage_healed":0,"gold_gain":0,"player_choice":"Success","damage_taken":25,"relics_obtained":["Pen Nib"],"max_hp_gain":0,"max_hp_loss":0,"event_name":"Scrap Ooze","floor":14,"gold_loss":0},{"damage_healed":0,"gold_gain":0,"player_choice":"Fought Bandits","damage_taken":0,"max_hp_gain":0,"max_hp_loss":0,"event_name":"Masked Bandits","floor":19,"gold_loss":0},{"damage_healed":0,"gold_gain":0,"player_choice":"Gave Idol","damage_taken":0,"relics_obtained":["Bloody Idol"],"max_hp_gain":0,"max_hp_loss":0,"event_name":"Forgotten Altar","floor":20,"relics_lost":["Golden Idol"],"gold_loss":0}],"is_beta":false,"boss_relics":[{"not_picked":["Calling Bell","Runic Dome"],"picked":"Pandora\u0027s Box"}],"items_purged_floors":[],"is_endless":false,"potions_floor_spawned":[12,13],"killed_by":"3 Byrds","ascension_level":8}