{"gold_per_floor":[112,112,212,229,243,243,275,275,298,329,367,396,408,420,432,518,530,552,574,118,118,118,68,103,103,175,211,261,302,354,391,391,490,490,531,569,160,199,49,74,74,89,89,189,200,212,15,140,140,140],"floor_reached":51,"playtime":6749,"items_purged":["Strike_B","Parasite"],"score":1212,"play_id":"c19552bd-4574-45f7-931f-09bfc0b7d86b","local_time":"20190330112902","is_ascension_mode":true,"campfire_choices":[{"data":"Zap","floor":6.0,"key":"SMITH"},{"data":"Sunder","floor":8.0,"key":"SMITH"},{"data":"Defragment","floor":13.0,"key":"SMITH"},{"data":"Streamline","floor":15.0,"key":"SMITH"},{"floor":25.0,"key":"REST"},{"floor":32.0,"key":"REST"},{"floor":41,"key":"REST"},{"data":"Double Energy","floor":49,"key":"SMITH"}],"neow_cost":"NONE","seed_source_timestamp":0,"circlet_count":0,"master_deck":["AscendersBane","Defend_B","Defend_B","Defend_B","Defend_B","Zap+1","Dualcast","Genetic Algorithm","Steam","Conserve Battery","Sunder+1","Streamline+1","Coolheaded","Defragment+1","Rainbow","Doom and Gloom","Redo","Self Repair","HandOfGreed+1","Double Energy+1","Hologram","Turbo+1","Steam+1","Fusion+1","Loop+1","Core Surge","Rainbow+1","Cold Snap+1","Rainbow+1","Conserve Battery+1","Reinforced Body+1","Static Discharge+1","Chrysalis+1","Redo+1","Loop+1","Creative AI+1","Consume+1","Double Energy+1","Stack+1","Aggregate+1","Defragment+1","White Noise+1"],"special_seed":0,"relics":["Cracked Core","NeowsBlessing","Bronze Scales","MawBank","Juzu Bracelet","Pantograph","Runic Pyramid","Lantern","Frozen Egg 2","Smiling Mask","Toxic Egg 2","Astrolabe","Membership Card","Centennial Puzzle","Oddly Smooth Stone","DataDisk","Bird Faced Urn","Ancient Tea Set","Torii"],"potions_floor_usage":[40,40,40,40,48],"damage_taken":[{"damage":0.0,"enemies":"Cultist","floor":1.0,"turns":1.0},{"damage":0.0,"enemies":"2 Louse","floor":4.0,"turns":1.0},{"damage":0.0,"enemies":"Jaw Worm","floor":5.0,"turns":1.0},{"damage":39.0,"enemies":"Lagavulin","floor":7.0,"turns":9.0},{"damage":0.0,"enemies":"3 Louse","floor":10.0,"turns":3.0},{"damage":12.0,"enemies":"3 Sentries","floor":11.0,"turns":5.0},{"damage":1.0,"enemies":"Red Slaver","floor":12.0,"turns":2.0},{"damage":40.0,"enemies":"Slime Boss","floor":16.0,"turns":9.0},{"damage":1.0,"enemies":"Shell Parasite","floor":18.0,"turns":5.0},{"damage":0.0,"enemies":"Chosen","floor":19.0,"turns":4.0},{"damage":18.0,"enemies":"3 Cultists","floor":24.0,"turns":6.0},{"damage":16.0,"enemies":"Snake Plant","floor":27.0,"turns":5.0},{"damage":25.0,"enemies":"Gremlin Leader","floor":28.0,"turns":10.0},{"damage":1.0,"enemies":"Snecko","floor":29.0,"turns":4.0},{"damage":23.0,"enemies":"Slavers","floor":30.0,"turns":6.0},{"damage":27.0,"enemies":"Shelled Parasite and Fungi","floor":31.0,"turns":4.0},{"damage":49.0,"enemies":"Champ","floor":33.0,"turns":9.0},{"damage":15.0,"enemies":"3 Shapes","floor":35.0,"turns":5.0},{"damage":0.0,"enemies":"Orb Walker","floor":36.0,"turns":6.0},{"damage":0.0,"enemies":"Spire Growth","floor":38.0,"turns":6.0},{"damage":57,"enemies":"Giant Head","floor":40,"turns":9},{"damage":13,"enemies":"Writhing Mass","floor":42,"turns":6},{"damage":2,"enemies":"3 Darklings","floor":45,"turns":5},{"damage":9,"enemies":"Maw","floor":46,"turns":7},{"damage":12,"enemies":"Mind Bloom Boss Battle","floor":48,"turns":6},{"damage":36,"enemies":"Donu and Deca","floor":50,"turns":8}],"seed_played":"-4479114459217484259","potions_obtained":[{"floor":5.0,"key":"Block Potion"},{"floor":7.0,"key":"Swift Potion"},{"floor":10.0,"key":"Swift Potion"},{"floor":12.0,"key":"FocusPotion"},{"floor":24.0,"key":"Dexterity Potion"},{"floor":28.0,"key":"FearPotion"},{"floor":29.0,"key":"Weak Potion"},{"floor":31.0,"key":"FearPotion"},{"floor":36.0,"key":"Swift Potion"},{"floor":38.0,"key":"EntropicBrew"},{"floor":40,"key":"FearPotion"}],"is_trial":false,"path_per_floor":["M","?","?","M","M","R","E","R","T","M","E","M","R","?","R","B",null,"M","M","$","?","?","?","M","R","T","M","E","M","E","M","R","B",null,"M","M","$","M","$","E","R","M","T","?","M","M","$","?","R","B",null],"character_chosen":"DEFECT","items_purchased":["Self Repair","HandOfGreed","Lantern","Membership Card","Static Discharge+1","Chrysalis+1","Centennial Puzzle","Redo+1","Creative AI+1","Oddly Smooth Stone","Defragment+1","White Noise+1","Ancient Tea Set","Block Potion"],"campfire_rested":3,"item_purchase_floors":[20,20,20,37,37,37,37,37,39,39,47,47,47,47],"current_hp_per_floor":[68,68,68,68,68,68,29,29,29,29,17,16,16,16,16,1,57,56,56,56,56,56,56,45,67,67,58,40,46,30,10,32,15,60,45,52,52,59,59,9,31,25,25,25,33,51,51,72,72,57],"gold":140,"neow_bonus":"THREE_ENEMY_KILL","is_prod":false,"is_daily":false,"chose_seed":false,"campfire_upgraded":5,"win_rate":0,"timestamp":1553945342,"path_taken":["M","?","?","M","?","R","E","R","T","M","E","M","R","?","R","BOSS","M","M","$","?","?","?","M","R","T","M","E","M","E","M","R","BOSS","M","M","$","M","?","E","R","M","T","?","M","M","$","?","R","BOSS"],"build_version":"2019-01-23","purchased_purges":2,"victory":true,"max_hp_per_floor":[75,75,75,75,75,75,75,75,75,75,75,75,75,75,75,75,75,75,75,75,75,75,75,75,75,75,75,75,75,75,75,75,75,75,75,75,75,75,75,75,75,75,75,75,75,75,72,72,72,72],"card_choices":[{"not_picked":["Beam Cell","Go for the Eyes"],"picked":"Genetic Algorithm","floor":1.0},{"not_picked":["Streamline","Turbo"],"picked":"Steam","floor":4.0},{"not_picked":["Loop","Gash"],"picked":"Conserve Battery","floor":5.0},{"not_picked":["Gash","Multi-Cast"],"picked":"Sunder","floor":7.0},{"not_picked":["Go for the Eyes","Aggregate"],"picked":"Streamline","floor":10.0},{"not_picked":["Steam","Chill"],"picked":"Coolheaded","floor":11.0},{"not_picked":["FTL","Coolheaded"],"picked":"Defragment","floor":12.0},{"not_picked":["Reboot","Meteor Strike"],"picked":"Rainbow","floor":16.0},{"not_picked":["Turbo","Conserve Battery"],"picked":"Doom and Gloom","floor":18.0},{"not_picked":["Streamline","Turbo"],"picked":"Redo","floor":19.0},{"not_picked":["Stack","Coolheaded"],"picked":"Double Energy","floor":24.0},{"not_picked":["Aggregate","Gash"],"picked":"Hologram","floor":27.0},{"not_picked":["Darkness","Fusion"],"picked":"Turbo+1","floor":28.0},{"not_picked":["Coolheaded","Compile Driver"],"picked":"Steam+1","floor":29.0},{"not_picked":["Leap","Redo"],"picked":"Fusion+1","floor":30.0},{"not_picked":["Melter","Conserve Battery+1"],"picked":"Loop+1","floor":31.0},{"not_picked":["Amplify+1","Rainbow+1"],"picked":"Core Surge","floor":33.0},{"not_picked":["Rebound+1","Barrage"],"picked":"Conserve Battery+1","floor":35.0},{"not_picked":["Beam Cell+1","Sunder"],"picked":"Reinforced Body+1","floor":36.0},{"not_picked":["Chaos+1","Leap+1"],"picked":"Loop+1","floor":38.0},{"not_picked":["Rebound+1","Sweeping Beam"],"picked":"Consume+1","floor":40},{"not_picked":["Go for the Eyes","Gash+1"],"picked":"Double Energy+1","floor":42},{"not_picked":["BootSequence+1","Fusion+1"],"picked":"Stack+1","floor":45},{"not_picked":["Sweeping Beam","Heatsinks+1"],"picked":"Aggregate+1","floor":46}],"player_experience":695038,"relics_obtained":[{"floor":7.0,"key":"Bronze Scales"},{"floor":9.0,"key":"MawBank"},{"floor":11.0,"key":"Juzu Bracelet"},{"floor":26.0,"key":"Frozen Egg 2"},{"floor":28.0,"key":"Smiling Mask"},{"floor":30.0,"key":"Toxic Egg 2"},{"floor":40,"key":"DataDisk"},{"floor":43,"key":"Bird Faced Urn"},{"floor":48,"key":"Torii"}],"event_choices":[{"damage_healed":0.0,"max_hp_gain":0.0,"max_hp_loss":0.0,"gold_gain":0.0,"event_name":"Liars Game","player_choice":"Ignored","floor":2.0,"gold_loss":0.0,"damage_taken":0.0},{"damage_healed":0.0,"max_hp_gain":0.0,"max_hp_loss":0.0,"gold_gain":100.0,"event_name":"Golden Shrine","player_choice":"Pray","floor":3.0,"gold_loss":0.0,"damage_taken":0.0},{"damage_healed":0.0,"max_hp_gain":0.0,"max_hp_loss":0.0,"gold_gain":0.0,"event_name":"Dead Adventurer","player_choice":"Searched \u00271\u0027 times","floor":14.0,"gold_loss":0.0,"damage_taken":0.0,"relics_obtained":["Pantograph"]},{"damage_healed":0.0,"max_hp_gain":0.0,"max_hp_loss":0.0,"gold_gain":0.0,"event_name":"The Woman in Blue","player_choice":"Bought 0 Potions","floor":21.0,"gold_loss":0.0,"damage_taken":0.0},{"damage_healed":0.0,"max_hp_gain":0.0,"max_hp_loss":0.0,"gold_gain":0.0,"event_name":"Upgrade Shrine","player_choice":"Upgraded","floor":22.0,"gold_loss":0.0,"damage_taken":0.0,"cards_upgraded":["HandOfGreed"]},{"damage_healed":0.0,"max_hp_gain":0.0,"max_hp_loss":0.0,"gold_gain":0.0,"event_name":"The Joust","player_choice":"Bet on Murderer","floor":23.0,"gold_loss":50.0,"damage_taken":0.0},{"damage_healed":0,"gold_gain":100,"player_choice":"Pray","damage_taken":0,"max_hp_gain":0,"max_hp_loss":0,"event_name":"Golden Shrine","floor":44,"gold_loss":0},{"damage_healed":0,"gold_gain":0,"player_choice":"Fight","damage_taken":0,"max_hp_gain":0,"max_hp_loss":0,"event_name":"MindBloom","floor":48,"gold_loss":0}],"is_beta":false,"boss_relics":[{"not_picked":["Empty Cage","Pandora\u0027s Box"],"picked":"Runic Pyramid"},{"not_picked":["Orrery","Runic Dome"],"picked":"Astrolabe"}],"items_purged_floors":[20,47],"is_endless":false,"potions_floor_spawned":[5,7,10,12,24,28,29,31,36,38,40],"ascension_level":13}