{"gold_per_floor":[10,10,23,38,48,48,48,58,58,33,44,54,81,81,81,81],"floor_reached":16,"playtime":802,"items_purged":[],"score":104,"play_id":"1b946c60-c5db-45c3-937d-54fafac1a99a","local_time":"20190307182801","is_ascension_mode":false,"campfire_choices":[{"data":"True Grit","floor":6,"key":"SMITH"},{"data":"Defend_R","floor":15,"key":"SMITH"}],"neow_cost":"NO_GOLD","seed_source_timestamp":1184122654249846,"circlet_count":0,"master_deck":["Strike_R","Strike_R","Strike_R","Strike_R","Strike_R","Defend_R+1","Defend_R","Defend_R","Defend_R","Bash","Rage","Decay","True Grit+1","Inflame","Shrug It Off","Flex","Flex","Feed"],"relics":["Burning Blood","Unceasing Top","Mummified Hand","Bottled Lightning","Darkstone Periapt"],"potions_floor_usage":[13,13],"damage_taken":[{"damage":5,"enemies":"Jaw Worm","floor":1,"turns":5},{"damage":0,"enemies":"Cultist","floor":3,"turns":3},{"damage":0,"enemies":"2 Louse","floor":4,"turns":4},{"damage":12,"enemies":"Exordium Thugs","floor":5,"turns":5},{"damage":31,"enemies":"Gremlin Gang","floor":8,"turns":7},{"damage":8,"enemies":"3 Louse","floor":11,"turns":4},{"damage":5,"enemies":"Looter","floor":12,"turns":4},{"damage":46,"enemies":"Gremlin Nob","floor":13,"turns":5},{"damage":34,"enemies":"The Guardian","floor":16,"turns":2}],"seed_played":"6738473726579612234","potions_obtained":[{"floor":3,"key":"LiquidBronze"},{"floor":11,"key":"Energy Potion"},{"floor":12,"key":"GamblersBrew"},{"floor":13,"key":"SpeedPotion"}],"is_trial":false,"path_per_floor":["M","?","M","M","M","R","?","M","T","$","M","M","E","?","R","B"],"character_chosen":"IRONCLAD","items_purchased":["Flex"],"campfire_rested":0,"item_purchase_floors":[10],"current_hp_per_floor":[80,80,80,80,74,74,79,54,54,54,52,53,13,13,13,0],"gold":81,"neow_bonus":"ONE_RARE_RELIC","is_prod":false,"is_daily":false,"chose_seed":false,"campfire_upgraded":2,"win_rate":0,"timestamp":1551983281,"path_taken":["M","?","M","M","?","R","?","M","T","$","M","M","E","?","R","BOSS"],"build_version":"2019-01-23","purchased_purges":0,"victory":false,"max_hp_per_floor":[80,80,80,80,80,80,85,85,85,85,85,85,85,85,85,85],"card_choices":[{"not_picked":["Shrug It Off","Cleave"],"picked":"Rage","floor":1},{"not_picked":["Power Through","Sword Boomerang"],"picked":"True Grit","floor":3},{"not_picked":["True Grit","Warcry"],"picked":"Inflame","floor":4},{"not_picked":["Sword Boomerang","Heavy Blade","Twin Strike"],"picked":"SKIP","floor":5},{"not_picked":["Heavy Blade","Combust"],"picked":"Shrug It Off","floor":8},{"not_picked":["Pommel Strike","Twin Strike"],"picked":"Flex","floor":11},{"not_picked":["Twin Strike","Reckless Charge","Armaments"],"picked":"SKIP","floor":12},{"not_picked":["Disarm","Evolve"],"picked":"Feed","floor":13}],"player_experience":568188,"relics_obtained":[{"floor":9,"key":"Mummified Hand"},{"floor":13,"key":"Bottled Lightning"}],"event_choices":[{"damage_healed":0,"gold_gain":0,"player_choice":"Cursed","damage_taken":0,"max_hp_gain":0,"max_hp_loss":0,"event_name":"Wheel of Change","floor":2,"gold_loss":0,"cards_obtained":["Decay"]},{"damage_healed":0,"gold_gain":0,"player_choice":"Donut","damage_taken":0,"max_hp_gain":5,"max_hp_loss":0,"event_name":"Big Fish","floor":7,"gold_loss":0},{"damage_healed":0,"gold_gain":0,"player_choice":"Gave Potion","damage_taken":0,"relics_obtained":["Darkstone Periapt"],"max_hp_gain":0,"max_hp_loss":0,"event_name":"WeMeetAgain","floor":14,"gold_loss":0}],"is_beta":false,"boss_relics":[],"items_purged_floors":[],"is_endless":false,"potions_floor_spawned":[3,11,12,13],"killed_by":"The Guardian","ascension_level":0}