{"gold_per_floor":[112,187,199,217,217,247,212,212,212,10,25,39,39,49,49,145,145,164,199,199,216,227,227,257,257,257,272,272,298,53,73,73,175,175,188,199,199,219,231,331,348,348,348,382,382,211,246,262,262,262,262,262,113,138,138],"floor_reached":56,"playtime":3683,"items_purged":["Defend_R","Defend_R"],"score":1329,"play_id":"4299d7d1-d100-4aa7-a3fa-e09249df2c93","local_time":"20181229205616","is_ascension_mode":false,"campfire_choices":[{"floor":8,"key":"RECALL"},{"data":"Bash","floor":13,"key":"SMITH"},{"data":"Flex","floor":15,"key":"SMITH"},{"data":"Pommel Strike","floor":23,"key":"SMITH"},{"data":"Power Through","floor":25,"key":"SMITH"},{"data":"Mayhem","floor":32,"key":"SMITH"},{"data":"Defend_R","floor":42,"key":"PURGE"},{"data":"Defend_R","floor":45,"key":"PURGE"},{"floor":49,"key":"REST"},{"data":"Uppercut","floor":52,"key":"SMITH"}],"neow_cost":"PERCENT_DAMAGE","seed_source_timestamp":769980809186296,"circlet_count":0,"master_deck":["Strike_R","Strike_R","Strike_R","Strike_R","Strike_R","Bash+1","Pommel Strike+1","Flex+1","Clash","Clash","Dropkick","Power Through+1","Feed","Iron Wave","Clash","Thunderclap+1","Clash+1","Thunderclap+1","Immolate","Necronomicurse","Mayhem+1","Feed","Armaments+1","Sever Soul+1","Inflame","Uppercut+1","Flame Barrier+1"],"relics":["Burning Blood","Paper Frog","Ornamental Fan","Medical Kit","Sozu","Red Mask","Vajra","Self Forming Clay","Necronomicon","Torii","Busted Crown","FaceOfCleric","Peace Pipe","Regal Pillow","Du-Vu Doll","Happy Flower","Anchor","Shuriken"],"potions_floor_usage":[16,19],"damage_taken":[{"damage":0,"enemies":"Small Slimes","floor":1,"turns":3},{"damage":3,"enemies":"2 Louse","floor":3,"turns":3},{"damage":8,"enemies":"Jaw Worm","floor":4,"turns":3},{"damage":54,"enemies":"Lagavulin","floor":6,"turns":6},{"damage":12,"enemies":"Gremlin Gang","floor":11,"turns":4},{"damage":11,"enemies":"Large Slime","floor":12,"turns":5},{"damage":7,"enemies":"3 Louse","floor":14,"turns":3},{"damage":5,"enemies":"Hexaghost","floor":16,"turns":6},{"damage":1,"enemies":"Chosen","floor":18,"turns":2},{"damage":2,"enemies":"Masked Bandits","floor":19,"turns":4},{"damage":6,"enemies":"Spheric Guardian","floor":21,"turns":3},{"damage":14,"enemies":"Snake Plant","floor":22,"turns":4},{"damage":17,"enemies":"Book of Stabbing","floor":24,"turns":4},{"damage":0,"enemies":"Centurion and Healer","floor":27,"turns":4},{"damage":0,"enemies":"Gremlin Leader","floor":29,"turns":3},{"damage":12,"enemies":"3 Cultists","floor":31,"turns":3},{"damage":63,"enemies":"Collector","floor":33,"turns":8},{"damage":1,"enemies":"3 Darklings","floor":35,"turns":3},{"damage":0,"enemies":"Orb Walker","floor":36,"turns":1},{"damage":17,"enemies":"Transient","floor":38,"turns":5},{"damage":1,"enemies":"Sphere and 2 Shapes","floor":39,"turns":3},{"damage":51,"enemies":"Mind Bloom Boss Battle","floor":40,"turns":3},{"damage":9,"enemies":"Jaw Worm Horde","floor":41,"turns":3},{"damage":42,"enemies":"Nemesis","floor":44,"turns":5},{"damage":16,"enemies":"Reptomancer","floor":47,"turns":4},{"damage":22,"enemies":"Spire Growth","floor":48,"turns":3},{"damage":39,"enemies":"Donu and Deca","floor":50,"turns":6},{"damage":0,"enemies":"Shield and Spear","floor":54,"turns":3},{"damage":71,"enemies":"The Heart","floor":55,"turns":6}],"seed_played":"6952977356611853005","potions_obtained":[{"floor":4,"key":"Poison Potion"},{"floor":14,"key":"SpeedPotion"},{"floor":16,"key":"Explosive Potion"}],"is_trial":false,"path_per_floor":["M","?","M","M","?","E","?","R","T","$","M","M","R","M","R","B",null,"M","?","?","M","M","R","E","R","T","M","?","E","$","M","R","B",null,"M","M","?","M","M","?","M","R","T","E","R","$","E","M","R","B",null,"R","$","E","B",null],"character_chosen":"IRONCLAD","items_purchased":["Medical Kit","Mayhem","Uppercut","Anchor"],"campfire_rested":1,"item_purchase_floors":[10,30,46,53],"current_hp_per_floor":[78,67,70,68,65,17,41,41,41,41,35,30,30,29,29,30,96,96,96,96,96,91,91,80,80,80,89,73,82,82,79,79,22,108,111,111,111,101,115,71,72,72,72,37,37,37,28,13,66,37,133,133,133,138,74],"gold":138,"neow_bonus":"TWENTY_PERCENT_HP_BONUS","is_prod":false,"is_daily":false,"chose_seed":false,"campfire_upgraded":6,"win_rate":0,"timestamp":1546116976,"path_taken":["M","?","M","M","?","E","?","R","T","$","M","M","R","M","R","BOSS","M","?","?","M","M","R","E","R","T","M","?","E","$","M","R","BOSS","M","M","?","?","M","?","M","R","T","E","R","$","E","M","R","BOSS","R","$","E","BOSS"],"build_version":"2018-12-20","purchased_purges":2,"victory":true,"max_hp_per_floor":[96,96,96,96,96,96,96,96,96,96,96,96,96,96,96,96,96,96,96,96,96,99,99,99,99,99,102,102,105,105,108,108,108,108,111,111,111,112,121,122,126,126,126,127,127,127,128,129,129,133,133,133,133,138,139],"card_choices":[{"not_picked":["Pummel","Warcry"],"picked":"Pommel Strike","floor":1},{"not_picked":["Havoc","Sword Boomerang"],"picked":"Flex","floor":3},{"not_picked":["Perfected Strike","Iron Wave"],"picked":"Clash","floor":4},{"not_picked":["Headbutt","Clothesline"],"picked":"Clash","floor":6},{"not_picked":["Armaments","Perfected Strike"],"picked":"Dropkick","floor":11},{"not_picked":["Heavy Blade","Dual Wield","Searing Blow"],"picked":"SKIP","floor":12},{"not_picked":["Bludgeon","Heavy Blade"],"picked":"Power Through","floor":14},{"not_picked":["Fiend Fire","Dark Embrace"],"picked":"Feed","floor":16},{"not_picked":["True Grit","Dual Wield","Shrug It Off"],"picked":"SKIP","floor":18},{"not_picked":["Pommel Strike","Sever Soul"],"picked":"Iron Wave","floor":19},{"not_picked":["Searing Blow","Dual Wield"],"picked":"Thunderclap+1","floor":21},{"not_picked":["Ghostly Armor","Flex"],"picked":"Clash+1","floor":22},{"not_picked":["True Grit","Sentinel"],"picked":"Thunderclap+1","floor":24},{"not_picked":["Fire Breathing","Flame Barrier"],"picked":"Immolate","floor":27},{"not_picked":["Headbutt","Combust+1","Hemokinesis"],"picked":"SKIP","floor":29},{"not_picked":["True Grit","Flex","Sword Boomerang+1"],"picked":"SKIP","floor":31},{"not_picked":["Dark Embrace","Juggernaut"],"picked":"Feed","floor":33},{"not_picked":[],"picked":"Armaments+1","floor":35},{"not_picked":["Perfected Strike"],"picked":"SKIP","floor":36},{"not_picked":[],"picked":"Sever Soul+1","floor":38},{"not_picked":[],"picked":"Inflame","floor":39},{"not_picked":["Bloodletting+1"],"picked":"SKIP","floor":41},{"not_picked":["Fire Breathing+1"],"picked":"SKIP","floor":44},{"not_picked":["Fire Breathing+1"],"picked":"SKIP","floor":44},{"not_picked":["Thunderclap"],"picked":"SKIP","floor":47},{"not_picked":["Clash"],"picked":"SKIP","floor":48},{"not_picked":[],"picked":"Flame Barrier+1","floor":54}],"player_experience":419797,"relics_obtained":[{"floor":6,"key":"Ornamental Fan"},{"floor":19,"key":"Red Mask"},{"floor":24,"key":"Vajra"},{"floor":26,"key":"Self Forming Clay"},{"floor":28,"key":"Necronomicon"},{"floor":29,"key":"Torii"},{"floor":40,"key":"Peace Pipe"},{"floor":43,"key":"Regal Pillow"},{"floor":44,"key":"Du-Vu Doll"},{"floor":47,"key":"Happy Flower"},{"floor":54,"key":"Shuriken"}],"event_choices":[{"damage_healed":0,"gold_gain":75,"player_choice":"Gather Gold","damage_taken":11,"max_hp_gain":0,"max_hp_loss":0,"event_name":"World of Goop","floor":2,"gold_loss":0},{"damage_healed":0,"gold_gain":0,"player_choice":"Success","damage_taken":3,"relics_obtained":["Paper Frog"],"max_hp_gain":0,"max_hp_loss":0,"event_name":"Scrap Ooze","floor":5,"gold_loss":0},{"damage_healed":24,"gold_gain":0,"player_choice":"Healed","damage_taken":0,"max_hp_gain":0,"max_hp_loss":0,"event_name":"The Cleric","floor":7,"gold_loss":35},{"damage_healed":0,"gold_gain":0,"player_choice":"Fought Bandits","damage_taken":0,"max_hp_gain":0,"max_hp_loss":0,"event_name":"Masked Bandits","floor":19,"gold_loss":0},{"damage_healed":0,"gold_gain":0,"player_choice":"Read","damage_taken":0,"max_hp_gain":0,"max_hp_loss":0,"event_name":"The Library","floor":20,"gold_loss":0,"cards_obtained":["Clash"]},{"damage_healed":0,"gold_gain":0,"player_choice":"Obtained Book","damage_taken":16,"max_hp_gain":0,"max_hp_loss":0,"event_name":"Cursed Tome","floor":28,"gold_loss":0},{"damage_healed":0,"gold_gain":0,"player_choice":"Trade","damage_taken":0,"relics_obtained":["FaceOfCleric"],"max_hp_gain":0,"max_hp_loss":0,"event_name":"FaceTrader","floor":37,"gold_loss":0},{"damage_healed":0,"gold_gain":0,"player_choice":"Fight","damage_taken":0,"max_hp_gain":0,"max_hp_loss":0,"event_name":"MindBloom","floor":40,"gold_loss":0}],"is_beta":false,"boss_relics":[{"not_picked":["Velvet Choker","White Beast Statue"],"picked":"Sozu"},{"not_picked":["Eternal Feather","Tiny House"],"picked":"Busted Crown"}],"items_purged_floors":[30,46],"is_endless":false,"potions_floor_spawned":[4,14,16,18,24,29,31,35,39,40,47,54],"ascension_level":0}