{"gold_per_floor":[112,112,112,125,138,138,182,200,200,200,234,234],"floor_reached":12,"playtime":974,"items_purged":[],"score":152,"play_id":"b62edeb5-c23c-4e4d-80ea-be0c60110ed8","local_time":"20190419111915","is_ascension_mode":true,"campfire_choices":[{"data":"Hemokinesis","floor":6.0,"key":"SMITH"},{"floor":10.0,"key":"REST"}],"neow_cost":"NONE","seed_source_timestamp":657381989257499,"circlet_count":0,"master_deck":["AscendersBane","Strike_R","Strike_R","Strike_R","Strike_R","Strike_R","Defend_R","Defend_R","Defend_R","Defend_R","Bash","Impervious","Hemokinesis+1","Shrug It Off","Pummel","Cleave","Perfected Strike"],"special_seed":0,"relics":["Burning Blood","Golden Idol","Peace Pipe","Bottled Lightning","Odd Mushroom"],"potions_floor_usage":[12],"damage_taken":[{"damage":14.0,"enemies":"Small Slimes","floor":1.0,"turns":7.0},{"damage":10.0,"enemies":"2 Louse","floor":4.0,"turns":3.0},{"damage":5.0,"enemies":"Jaw Worm","floor":5.0,"turns":6.0},{"damage":46.0,"enemies":"3 Sentries","floor":7.0,"turns":12.0},{"damage":22.0,"enemies":"Exordium Wildlife","floor":8.0,"turns":7.0},{"damage":14.0,"enemies":"The Mushroom Lair","floor":11.0,"turns":4.0},{"damage":26,"enemies":"Gremlin Nob","floor":12,"turns":3}],"seed_played":"-4220743059477982034","potions_obtained":[{"floor":1.0,"key":"BloodPotion"},{"floor":4.0,"key":"Ancient Potion"}],"is_trial":false,"path_per_floor":["M","?","?","M","M","R","E","M","T","R","?","E"],"character_chosen":"IRONCLAD","items_purchased":[],"campfire_rested":1,"item_purchase_floors":[],"current_hp_per_floor":[60,60,60,56,57,57,23,7,7,27,19,0],"gold":234,"neow_bonus":"ONE_RANDOM_RARE_CARD","is_prod":false,"is_daily":false,"chose_seed":false,"campfire_upgraded":1,"win_rate":0,"timestamp":1555669155,"path_taken":["M","?","?","M","M","R","E","?","T","R","?","E"],"build_version":"2019-01-23","purchased_purges":0,"victory":false,"max_hp_per_floor":[75,68,68,68,68,68,68,68,68,68,68,68],"card_choices":[{"not_picked":["Metallicize","Rupture"],"picked":"Hemokinesis","floor":1.0},{"not_picked":["Twin Strike","Power Through"],"picked":"Shrug It Off","floor":4.0},{"not_picked":["Cleave","Burning Pact"],"picked":"Pummel","floor":5.0},{"not_picked":["Wild Strike","Sever Soul","Searing Blow"],"picked":"SKIP","floor":7.0},{"not_picked":["Shrug It Off","Havoc"],"picked":"Cleave","floor":8.0},{"not_picked":["Reckless Charge","Warcry"],"picked":"Perfected Strike","floor":11.0}],"player_experience":815827,"relics_obtained":[{"floor":7.0,"key":"Peace Pipe"},{"floor":9.0,"key":"Bottled Lightning"},{"floor":11.0,"key":"Odd Mushroom"}],"event_choices":[{"damage_healed":0.0,"max_hp_gain":0.0,"max_hp_loss":7.0,"gold_gain":0.0,"event_name":"Golden Idol","player_choice":"Lose Max HP","floor":2.0,"gold_loss":0.0,"damage_taken":0.0,"relics_obtained":["Golden Idol"]},{"damage_healed":0.0,"max_hp_gain":0.0,"max_hp_loss":0.0,"gold_gain":0.0,"event_name":"Liars Game","player_choice":"Ignored","floor":3.0,"gold_loss":0.0,"damage_taken":0.0},{"damage_healed":0.0,"max_hp_gain":0.0,"max_hp_loss":0.0,"gold_gain":0.0,"event_name":"Mushrooms","player_choice":"Fought Mushrooms","floor":11.0,"gold_loss":0.0,"damage_taken":0.0}],"is_beta":false,"boss_relics":[],"items_purged_floors":[],"is_endless":false,"potions_floor_spawned":[1,4,5],"killed_by":"Gremlin Nob","ascension_level":19}