{"gold_per_floor":[116,116,41,53,72,101,101,119,145,145,158,175,175,203,203,298,298,314,314,327,427,443,474,489,499,525,545,545,555,60,73,73,169,169,187,201,36,86,98,98,98,98,180,180,197,227,247,52,52,52,52,52,0,27,27],"floor_reached":55,"playtime":5043,"items_purged":["Strike_R","Strike_R","Strike_R","Combust"],"score":1026,"play_id":"46cb002e-2703-4f91-925d-472049fd1579","local_time":"20190224094421","is_ascension_mode":true,"campfire_choices":[{"data":"Bash","floor":7,"key":"SMITH"},{"data":"Intimidate","floor":10,"key":"SMITH"},{"data":"Defend_R","floor":13,"key":"SMITH"},{"data":"Fiend Fire","floor":15,"key":"SMITH"},{"floor":32,"key":"REST"},{"floor":40,"key":"RECALL"},{"floor":44,"key":"REST"},{"floor":49,"key":"REST"},{"floor":52,"key":"REST"}],"neow_cost":"TEN_PERCENT_HP_LOSS","seed_source_timestamp":198027564748047,"circlet_count":0,"master_deck":["Strike_R+1","Strike_R","Defend_R+1","Defend_R","Defend_R+1","Defend_R","Bash+1","Anger+1","Intimidate+1","Anger+1","Fiend Fire+1","Clash","Inflame","Clash","Havoc+1","Seeing Red","Seeing Red+1","Havoc+1","Trip","Flex+1","Bloodletting+1","Body Slam+1","Clash","Rupture+1","Flex"],"relics":["Burning Blood","Unceasing Top","Bronze Scales","Boot","Pen Nib","Fusion Hammer","Gambling Chip","Paper Frog","Whetstone","Strawberry","Sundial","Nunchaku","Eternal Feather","Prayer Wheel","Bottled Flame","War Paint","Centennial Puzzle"],"potions_floor_usage":[8,16,16,21,21,23,50,50,55,55],"damage_taken":[{"damage":1,"enemies":"Cultist","floor":1,"turns":4},{"damage":3,"enemies":"Jaw Worm","floor":4,"turns":4},{"damage":0,"enemies":"2 Louse","floor":5,"turns":3},{"damage":55,"enemies":"3 Sentries","floor":6,"turns":9},{"damage":7,"enemies":"Gremlin Gang","floor":8,"turns":5},{"damage":2,"enemies":"Exordium Wildlife","floor":11,"turns":5},{"damage":2,"enemies":"2 Fungi Beasts","floor":12,"turns":3},{"damage":12,"enemies":"Gremlin Nob","floor":14,"turns":3},{"damage":20,"enemies":"The Guardian","floor":16,"turns":8},{"damage":4,"enemies":"Shell Parasite","floor":18,"turns":4},{"damage":2,"enemies":"Chosen","floor":20,"turns":3},{"damage":3,"enemies":"Colosseum Slavers","floor":21,"turns":3},{"damage":32,"enemies":"Colosseum Nobs","floor":21,"turns":5},{"damage":8,"enemies":"Centurion and Healer","floor":22,"turns":3},{"damage":33,"enemies":"Slavers","floor":23,"turns":8},{"damage":1,"enemies":"Sentry and Sphere","floor":24,"turns":3},{"damage":8,"enemies":"Snake Plant","floor":25,"turns":2},{"damage":0,"enemies":"Centurion and Healer","floor":27,"turns":2},{"damage":0,"enemies":"Snecko","floor":29,"turns":1},{"damage":19,"enemies":"Snake Plant","floor":31,"turns":2},{"damage":12,"enemies":"Automaton","floor":33,"turns":4},{"damage":25,"enemies":"3 Shapes","floor":35,"turns":3},{"damage":0,"enemies":"Orb Walker","floor":36,"turns":2},{"damage":22,"enemies":"2 Orb Walkers","floor":38,"turns":3},{"damage":3,"enemies":"4 Shapes","floor":39,"turns":1},{"damage":3,"enemies":"Sphere and 2 Shapes","floor":45,"turns":1},{"damage":3,"enemies":"Nemesis","floor":46,"turns":1},{"damage":3,"enemies":"Jaw Worm Horde","floor":47,"turns":1},{"damage":17,"enemies":"Donu and Deca","floor":50,"turns":2},{"damage":50,"enemies":"Shield and Spear","floor":54,"turns":4},{"damage":53,"enemies":"The Heart","floor":55,"turns":2}],"seed_played":"3858199520201119658","potions_obtained":[{"floor":4,"key":"EssenceOfSteel"},{"floor":5,"key":"Weak Potion"},{"floor":6,"key":"GamblersBrew"},{"floor":12,"key":"Fire Potion"},{"floor":16,"key":"Block Potion"},{"floor":21,"key":"FearPotion"},{"floor":22,"key":"FearPotion"},{"floor":23,"key":"SkillPotion"},{"floor":25,"key":"Swift Potion"},{"floor":27,"key":"Weak Potion"},{"floor":29,"key":"SmokeBomb"},{"floor":33,"key":"Swift Potion"},{"floor":36,"key":"Poison Potion"},{"floor":38,"key":"GamblersBrew"},{"floor":39,"key":"SpeedPotion"}],"is_trial":false,"path_per_floor":["M","?","$","M","M","E","R","M","T","R","M","M","R","E","R","B",null,"M","?","M","?","M","E","M","M","T","M","T","M","$","M","R","B",null,"M","M","$","?","M","R","T","?","T","R","M","E","M","$","R","B",null,"R","$","E","B"],"character_chosen":"IRONCLAD","items_purchased":["Nunchaku","Trip","Bloodletting","Flex","PowerPotion"],"campfire_rested":4,"item_purchase_floors":[30,30,37,48,53],"current_hp_per_floor":[72,72,72,72,72,23,23,22,22,22,26,30,30,24,24,10,57,59,59,63,40,38,11,16,14,21,27,27,33,33,20,43,37,69,50,56,56,40,43,55,55,55,55,79,79,79,79,79,79,68,76,79,79,35,0],"gold":27,"neow_bonus":"ONE_RARE_RELIC","is_prod":false,"is_daily":false,"chose_seed":false,"campfire_upgraded":4,"win_rate":0,"timestamp":1551001461,"path_taken":["M","?","$","?","M","E","R","M","T","R","M","M","R","E","R","BOSS","M","?","M","?","M","E","M","M","T","M","?","M","$","M","R","BOSS","M","M","$","?","M","R","?","?","T","R","M","E","?","$","R","BOSS","R","$","E","BOSS"],"build_version":"2019-01-23","purchased_purges":4,"victory":false,"max_hp_per_floor":[72,72,72,72,72,72,72,72,72,72,72,72,72,72,72,72,72,72,72,72,72,72,72,72,72,79,79,79,79,79,79,79,79,79,79,79,79,79,79,79,79,79,79,79,79,79,79,79,79,79,79,79,79,79,79],"card_choices":[{"not_picked":["Dropkick","Twin Strike"],"picked":"Anger","floor":1},{"not_picked":["Carnage","Reckless Charge"],"picked":"Intimidate","floor":4},{"not_picked":["Heavy Blade","Sword Boomerang","Body Slam"],"picked":"SKIP","floor":5},{"not_picked":["Heavy Blade","Sword Boomerang","Body Slam"],"picked":"SKIP","floor":5},{"not_picked":["Limit Break","Wild Strike","Spot Weakness"],"picked":"SKIP","floor":6},{"not_picked":["Shrug It Off","Twin Strike","Headbutt"],"picked":"SKIP","floor":8},{"not_picked":["Body Slam","Dual Wield","Shrug It Off"],"picked":"SKIP","floor":11},{"not_picked":["Warcry","Blood for Blood"],"picked":"Anger","floor":12},{"not_picked":["Juggernaut","Warcry"],"picked":"Fiend Fire","floor":14},{"not_picked":["Anger","Whirlwind+1"],"picked":"Clash","floor":18},{"not_picked":["Iron Wave","Hemokinesis+1","Wild Strike"],"picked":"SKIP","floor":20},{"not_picked":["Iron Wave","Hemokinesis+1","Wild Strike"],"picked":"SKIP","floor":20},{"not_picked":["Evolve+1","Limit Break"],"picked":"Clash","floor":21},{"not_picked":["Armaments","Pummel"],"picked":"Havoc+1","floor":22},{"not_picked":["Iron Wave","Pommel Strike"],"picked":"Seeing Red","floor":23},{"not_picked":["Twin Strike","Clothesline+1"],"picked":"Seeing Red+1","floor":24},{"not_picked":["Anger","Shockwave"],"picked":"Havoc+1","floor":25},{"not_picked":["Warcry+1","Fire Breathing","Cleave"],"picked":"SKIP","floor":27},{"not_picked":["Feel No Pain","Flame Barrier+1","Iron Wave+1"],"picked":"SKIP","floor":29},{"not_picked":["Rampage","Fiend Fire","Battle Trance"],"picked":"SKIP","floor":31},{"not_picked":["Clothesline","Armaments+1","Thunderclap+1"],"picked":"SKIP","floor":35},{"not_picked":["True Grit+1","Sword Boomerang+1"],"picked":"Flex+1","floor":36},{"not_picked":["Heavy Blade+1","Limit Break"],"picked":"Body Slam+1","floor":39},{"not_picked":["Sword Boomerang","Armaments+1","Clothesline"],"picked":"SKIP","floor":39},{"not_picked":["True Grit","Wild Strike+1"],"picked":"Clash","floor":45},{"not_picked":["Clothesline+1","Feed","Pommel Strike"],"picked":"SKIP","floor":45},{"not_picked":["Hemokinesis+1","Second Wind+1","Spot Weakness"],"picked":"SKIP","floor":46},{"not_picked":["Ghostly Armor+1","True Grit"],"picked":"Rupture+1","floor":47},{"not_picked":["Evolve","Twin Strike","Rupture"],"picked":"SKIP","floor":47},{"not_picked":["Wild Strike","Hemokinesis+1","True Grit"],"picked":"SKIP","floor":54}],"player_experience":474396,"relics_obtained":[{"floor":6,"key":"Bronze Scales"},{"floor":9,"key":"Boot"},{"floor":14,"key":"Pen Nib"},{"floor":21,"key":"Gambling Chip"},{"floor":21,"key":"Paper Frog"},{"floor":23,"key":"Whetstone"},{"floor":26,"key":"Strawberry"},{"floor":28,"key":"Sundial"},{"floor":38,"key":"Prayer Wheel"},{"floor":43,"key":"Bottled Flame"},{"floor":46,"key":"War Paint"},{"floor":54,"key":"Centennial Puzzle"}],"event_choices":[{"damage_healed":0,"gold_gain":0,"player_choice":"Upgraded","damage_taken":0,"max_hp_gain":0,"max_hp_loss":0,"event_name":"Upgrade Shrine","floor":2,"gold_loss":0,"cards_upgraded":["Anger"]},{"damage_healed":0,"gold_gain":0,"player_choice":"Read","damage_taken":0,"max_hp_gain":0,"max_hp_loss":0,"event_name":"The Library","floor":19,"gold_loss":0,"cards_obtained":["Inflame"]},{"damage_healed":0,"gold_gain":0,"player_choice":"Fight","damage_taken":0,"max_hp_gain":0,"max_hp_loss":0,"event_name":"Colosseum","floor":21,"gold_loss":0},{"damage_healed":0,"gold_gain":0,"player_choice":"Fought Nobs","damage_taken":0,"max_hp_gain":0,"max_hp_loss":0,"event_name":"Colosseum","floor":21,"gold_loss":0},{"damage_healed":0,"gold_gain":0,"player_choice":"Fight","damage_taken":0,"max_hp_gain":0,"max_hp_loss":0,"event_name":"Mysterious Sphere","floor":38,"gold_loss":0},{"damage_healed":0,"gold_gain":0,"player_choice":"1 cards matched","damage_taken":0,"max_hp_gain":0,"max_hp_loss":0,"event_name":"Match and Keep!","floor":42,"gold_loss":0,"cards_obtained":["Combust"]}],"is_beta":false,"boss_relics":[{"not_picked":["Cursed Key","White Beast Statue"],"picked":"Fusion Hammer"},{"not_picked":["Black Star","Velvet Choker"],"picked":"Eternal Feather"}],"items_purged_floors":[3,30,37,48],"is_endless":false,"potions_floor_spawned":[4,5,6,12,16,21,22,23,25,27,29,33,36,38,39],"killed_by":"The Heart","ascension_level":8}