{"gold_per_floor":[118,131,144,219,233,233,265,265,313,313,324,171,189,189],"floor_reached":14,"playtime":669,"items_purged":["Pain"],"score":184,"play_id":"913fb999-03a4-4573-99d8-2eb009aa062e","local_time":"20190426200743","is_ascension_mode":true,"campfire_choices":[{"data":"Sweeping Beam","floor":6,"key":"SMITH"},{"data":"Zap","floor":8,"key":"SMITH"}],"neow_cost":"NONE","seed_source_timestamp":344849775107440,"circlet_count":0,"master_deck":["AscendersBane","Strike_B","Strike_B","Strike_B","Strike_B","Defend_B","Defend_B","Defend_B","Defend_B","Zap+1","Dualcast","Auto Shields","Melter","Ball Lightning","Sweeping Beam+1","Coolheaded","BootSequence","Ball Lightning"],"special_seed":0,"relics":["Cracked Core","Blood Vial","Pantograph","WarpedTongs"],"potions_floor_usage":[5,7],"damage_taken":[{"damage":1.0,"enemies":"Cultist","floor":1.0,"turns":3.0},{"damage":0.0,"enemies":"2 Louse","floor":2.0,"turns":3.0},{"damage":5.0,"enemies":"Small Slimes","floor":3.0,"turns":3.0},{"damage":0,"enemies":"Exordium Thugs","floor":5,"turns":2},{"damage":28,"enemies":"Gremlin Nob","floor":7,"turns":4},{"damage":3,"enemies":"Large Slime","floor":11,"turns":4},{"damage":0,"enemies":"Looter","floor":13,"turns":3},{"damage":33,"enemies":"Lagavulin","floor":14,"turns":3}],"seed_played":"-3156631262294570520","potions_obtained":[{"floor":3.0,"key":"Explosive Potion"},{"floor":5,"key":"AttackPotion"},{"floor":7,"key":"Poison Potion"}],"is_trial":false,"path_per_floor":["M","M","M","?","M","R","E","R","T","?","M","$","M","E"],"character_chosen":"DEFECT","items_purchased":["BootSequence"],"campfire_rested":0,"item_purchase_floors":[12],"current_hp_per_floor":[65,67,64,53,55,55,29,29,29,29,28,28,30,0],"gold":189,"neow_bonus":"RANDOM_COMMON_RELIC","is_prod":false,"is_daily":false,"chose_seed":false,"campfire_upgraded":2,"win_rate":0,"timestamp":1556305663,"path_taken":["M","?","M","?","M","R","E","R","T","?","M","$","?","E"],"build_version":"2019-01-23","purchased_purges":1,"victory":false,"max_hp_per_floor":[71,71,71,71,71,71,71,71,71,71,71,71,71,71],"card_choices":[{"not_picked":["Streamline","Hologram"],"picked":"Auto Shields","floor":1.0},{"not_picked":["Darkness","Steam"],"picked":"Melter","floor":2.0},{"not_picked":["Hologram","Lockon"],"picked":"Ball Lightning","floor":3.0},{"not_picked":["Turbo","Barrage"],"picked":"Sweeping Beam","floor":5},{"not_picked":["All For One","Meteor Strike"],"picked":"Coolheaded","floor":7},{"not_picked":["Rebound","Cold Snap","Gash"],"picked":"SKIP","floor":11},{"not_picked":["Beam Cell","Storm"],"picked":"Ball Lightning","floor":13}],"player_experience":874974,"relics_obtained":[{"floor":7,"key":"Pantograph"}],"event_choices":[{"damage_healed":0.0,"max_hp_gain":0.0,"max_hp_loss":0.0,"gold_gain":75.0,"event_name":"World of Goop","player_choice":"Gather Gold","floor":4.0,"gold_loss":0.0,"damage_taken":11.0},{"damage_healed":0,"gold_gain":0,"player_choice":"Rummage","damage_taken":0,"relics_obtained":["WarpedTongs"],"max_hp_gain":0,"max_hp_loss":0,"event_name":"Accursed Blacksmith","floor":10,"gold_loss":0,"cards_obtained":["Pain"]}],"is_beta":false,"boss_relics":[],"items_purged_floors":[12],"is_endless":false,"potions_floor_spawned":[3,5,7],"killed_by":"Lagavulin","ascension_level":20}