{"gold_per_floor":[109,109,163,173,173,206,220,230,230,181,191,191,205,222,222,321,321,339,368,368,379,121,121,121,140,140,140,156,184,184,194,194,194],"floor_reached":33,"playtime":3687,"items_purged":[],"score":378,"play_id":"e8976963-3894-4c25-af95-2cb1976951be","local_time":"20180624225135","is_ascension_mode":true,"campfire_choices":[{"data":"Conserve Battery","floor":12,"key":"SMITH"},{"data":"Loop","floor":15,"key":"SMITH"},{"floor":23,"key":"REST"},{"data":"Creative AI","floor":27,"key":"SMITH"},{"data":"Blizzard","floor":32,"key":"SMITH"}],"neow_cost":"NONE","seed_source_timestamp":3538657943197807,"circlet_count":0,"master_deck":["Defend_B+1","Defend_B+1","Defend_B+1","Defend_B+1","Zap+1","Dualcast","Fusion+1","Loop+1","Chill","Blizzard+1","Steam","Conserve Battery+1","Reinforced Body","Creative AI+1","Cold Snap+1","Chill","Bite","Bite","Bite","Bite","Bite"],"relics":["Cracked Core","NeowsBlessing","Tiny Chest","War Paint","Thread and Needle","Busted Crown","Red Mask","Question Card","Smiling Mask","Anchor"],"potions_floor_usage":[14,16,19,19,28,29,33],"damage_taken":[{"damage":0,"enemies":"Small Slimes","floor":1,"turns":1},{"damage":0,"enemies":"Cultist","floor":4,"turns":1},{"damage":0,"enemies":"3 Sentries","floor":6,"turns":1},{"damage":3,"enemies":"Jaw Worm","floor":7,"turns":4},{"damage":25,"enemies":"Exordium Thugs","floor":8,"turns":6},{"damage":0,"enemies":"Gremlin Gang","floor":11,"turns":4},{"damage":0,"enemies":"Large Slime","floor":13,"turns":7},{"damage":0,"enemies":"3 Louse","floor":14,"turns":4},{"damage":36,"enemies":"The Guardian","floor":16,"turns":16},{"damage":3,"enemies":"Spheric Guardian","floor":18,"turns":7},{"damage":49,"floor":19,"turns":10},{"damage":9,"enemies":"3 Byrds","floor":21,"turns":5},{"damage":1,"enemies":"Sentry and Sphere","floor":25,"turns":8},{"damage":5,"enemies":"Centurion and Healer","floor":28,"turns":10},{"damage":12,"enemies":"Gremlin Leader","floor":29,"turns":10},{"damage":7,"enemies":"3 Cultists","floor":31,"turns":7},{"damage":77,"enemies":"Automaton","floor":33,"turns":8}],"seed_played":"7789120477320131721","potions_obtained":[{"floor":1,"key":"Dexterity Potion"},{"floor":6,"key":"SteroidPotion"},{"floor":11,"key":"AttackPotion"},{"floor":13,"key":"EssenceOfSteel"},{"floor":16,"key":"SkillPotion"},{"floor":19,"key":"Poison Potion"},{"floor":21,"key":"Energy Potion"},{"floor":29,"key":"Regen Potion"}],"is_trial":false,"path_per_floor":["M","?","T","M","?","E","M","M","T","$","M","R","M","M","R","B",null,"M","?","?","M","$","R","?","M","T","R","M","E","?","M","R"],"character_chosen":"DEFECT","items_purchased":["Steam","Question Card"],"campfire_rested":1,"item_purchase_floors":[10,22],"current_hp_per_floor":[75,75,75,75,75,75,72,47,47,47,47,47,47,47,47,11,75,72,23,23,14,14,36,36,52,52,52,52,48,48,52,52,0],"gold":194,"neow_bonus":"THREE_ENEMY_KILL","is_prod":false,"is_daily":false,"chose_seed":false,"campfire_upgraded":4,"win_rate":0,"timestamp":1529877095,"path_taken":["M","?","?","?","?","E","M","M","T","$","M","R","M","M","R","BOSS","M","?","?","M","$","R","?","?","T","R","M","E","?","M","R","BOSS"],"build_version":"2018-06-21v2","purchased_purges":0,"victory":false,"max_hp_per_floor":[75,75,75,75,75,75,75,75,75,75,75,75,75,75,75,75,75,75,75,75,75,75,75,52,52,52,52,52,52,52,52,52,52],"card_choices":[{"not_picked":["Sunder","Hello World"],"picked":"Fusion","floor":1},{"not_picked":["Rebound","Stack"],"picked":"Loop","floor":4},{"not_picked":["Lockon","BootSequence"],"picked":"Chill","floor":6},{"not_picked":["Beam Cell","BootSequence"],"picked":"Blizzard","floor":7},{"not_picked":["Redo","Reprogram","Leap"],"picked":"SKIP","floor":8},{"not_picked":["Melter","Reprogram"],"picked":"Conserve Battery","floor":11},{"not_picked":["Coolheaded","Streamline"],"picked":"Reinforced Body","floor":13},{"not_picked":["Consume","Compile Driver","Auto Shields"],"picked":"SKIP","floor":14},{"not_picked":["Fission","Reboot"],"picked":"Creative AI","floor":16},{"not_picked":[],"picked":"Cold Snap+1","floor":18},{"not_picked":[],"picked":"Chill","floor":21},{"not_picked":["Gash","Cold Snap+1"],"picked":"SKIP","floor":25},{"not_picked":["Double Energy","Stack"],"picked":"SKIP","floor":28},{"not_picked":["Rebound","Stack"],"picked":"SKIP","floor":29},{"not_picked":["Heatsinks","Gash+1"],"picked":"SKIP","floor":31}],"player_experience":317565,"relics_obtained":[{"floor":3,"key":"Tiny Chest"},{"floor":6,"key":"War Paint"},{"floor":9,"key":"Thread and Needle"},{"floor":19,"key":"Red Mask"},{"floor":26,"key":"Smiling Mask"},{"floor":29,"key":"Anchor"}],"event_choices":[{"event_name":"Accursed Blacksmith","player_choice":"Forge","floor":2,"damage_taken":0},{"event_name":"Liars Game","player_choice":"disagreed","floor":5,"damage_taken":0},{"event_name":"Masked Bandits","player_choice":"Fought over 339 gold","floor":19,"damage_taken":0},{"event_name":"Back to Basics","player_choice":"Simplicity","floor":20,"damage_taken":0},{"event_name":"Vampires","player_choice":"Became a vampire","floor":24,"damage_taken":0},{"event_name":"Ghosts","player_choice":"Ignored","floor":30,"damage_taken":0}],"boss_relics":[{"not_picked":["White Beast Statue","Lizard Tail"],"picked":"Busted Crown"}],"items_purged_floors":[],"is_endless":false,"potions_floor_spawned":[1,6,11,13,16,19,21,29],"killed_by":"Automaton","ascension_level":4}