{"gold_per_floor":[109,109,120,144,172,209,234,271,309,355,382,394,25,25,25,126,126,146,159,159,172,88,116,133,164,164,182,182,192,107,107,107,210,210,230,240,340,15,28,28,54,66,66,66,66,77,0,0,0,0],"floor_reached":51,"playtime":4973,"items_purged":["Strike_G","Strike_G"],"score":1322,"play_id":"e5f13c35-3779-4631-9898-5a2a3f5cbe03","local_time":"20190317181359","is_ascension_mode":true,"campfire_choices":[{"floor":12.0,"key":"REST"},{"data":"Neutralize","floor":15.0,"key":"SMITH"},{"floor":28,"key":"REST"},{"data":"Deadly Poison","floor":32,"key":"SMITH"},{"data":"Adrenaline","floor":40,"key":"SMITH"},{"data":"Leg Sweep","floor":44,"key":"SMITH"},{"floor":49,"key":"REST"}],"neow_cost":"TEN_PERCENT_HP_LOSS","seed_source_timestamp":0,"circlet_count":0,"master_deck":["AscendersBane","Defend_G","Defend_G","Defend_G","Defend_G","Defend_G","Strike_G","Strike_G","Survivor","Neutralize+1","Poisoned Stab","Leg Sweep","Deadly Poison+1","Blade Dance+1","Adrenaline+1","Heel Hook","Finisher","Footwork+1","Finesse","Leg Sweep+1","Adrenaline+1","Flying Knee+1","Heel Hook+1","Caltrops+1","Infinite Blades+1","PiercingWail+1","Caltrops+1","Cloak And Dagger+1","Terror","Envenom+1","Dodge and Roll","Backflip","Endless Agony+1","Blade Dance+1","Envenom+1","PiercingWail+1","Escape Plan+1","Madness","Madness"],"special_seed":0,"relics":["Ring of the Snake","Du-Vu Doll","Kunai","MawBank","Frozen Egg 2","Darkstone Periapt","Vajra","Smiling Mask","Oddly Smooth Stone","Runic Pyramid","Bag of Preparation","Happy Flower","Molten Egg 2","Strawberry","Philosopher\u0027s Stone","Bird Faced Urn","Ice Cream","Potion Belt","Mummified Hand","Red Mask"],"potions_floor_usage":[33,50],"damage_taken":[{"damage":0.0,"enemies":"Small Slimes","floor":1.0,"turns":3.0},{"damage":0.0,"enemies":"Jaw Worm","floor":3.0,"turns":3.0},{"damage":0.0,"enemies":"Cultist","floor":5.0,"turns":3.0},{"damage":17.0,"enemies":"Lagavulin","floor":6.0,"turns":8.0},{"damage":2.0,"enemies":"Large Slime","floor":7.0,"turns":6.0},{"damage":24.0,"enemies":"3 Sentries","floor":8.0,"turns":8.0},{"damage":6.0,"enemies":"Lagavulin","floor":10.0,"turns":5.0},{"damage":3.0,"enemies":"Exordium Thugs","floor":11.0,"turns":4.0},{"damage":3.0,"enemies":"The Guardian","floor":16.0,"turns":11.0},{"damage":0.0,"enemies":"Chosen","floor":18.0,"turns":5.0},{"damage":0.0,"enemies":"3 Byrds","floor":19.0,"turns":5.0},{"damage":0.0,"enemies":"Snecko","floor":21.0,"turns":4.0},{"damage":18,"enemies":"Gremlin Leader","floor":23,"turns":9},{"damage":6,"enemies":"Snake Plant","floor":24,"turns":4},{"damage":0,"enemies":"Book of Stabbing","floor":25,"turns":4},{"damage":0,"enemies":"Cultist and Chosen","floor":27,"turns":6},{"damage":0,"enemies":"Sentry and Sphere","floor":29,"turns":4},{"damage":0,"enemies":"Automaton","floor":33,"turns":8},{"damage":0,"enemies":"3 Shapes","floor":35,"turns":5},{"damage":0,"enemies":"3 Darklings","floor":36,"turns":5},{"damage":0,"enemies":"Mind Bloom Boss Battle","floor":37,"turns":5},{"damage":2,"enemies":"Sphere and 2 Shapes","floor":39,"turns":5},{"damage":0,"enemies":"Giant Head","floor":41,"turns":7},{"damage":1,"enemies":"Maw","floor":42,"turns":6},{"damage":13,"enemies":"4 Shapes","floor":46,"turns":9},{"damage":0,"enemies":"Donu and Deca","floor":50,"turns":9}],"seed_played":"-202315153928261490","potions_obtained":[{"floor":1.0,"key":"LiquidBronze"},{"floor":5.0,"key":"Strength Potion"},{"floor":23,"key":"Fire Potion"},{"floor":24,"key":"Strength Potion"},{"floor":39,"key":"SkillPotion"},{"floor":46,"key":"SpeedPotion"}],"is_trial":false,"path_per_floor":["M","?","M","T","M","E","M","E","T","E","M","R","$","?","R","B",null,"M","M","?","M","$","E","M","E","T","M","R","M","?","?","R","B",null,"M","M","?","$","M","R","E","M","T","R","?","M","?","?","R","B",null],"character_chosen":"THE_SILENT","items_purchased":["Footwork+1","Oddly Smooth Stone","Finesse","Leg Sweep","Infinite Blades+1","Ice Cream","Endless Agony+1"],"campfire_rested":3,"item_purchase_floors":[13,13,13,13,22,38,38],"current_hp_per_floor":[63,60,60,60,60,43,41,17,17,11,8,26,26,26,26,23,53,53,53,53,53,53,35,29,29,29,29,47,47,54,54,54,54,66,66,66,66,66,70,70,70,70,70,70,70,57,57,48,69,70],"gold":0,"neow_bonus":"ONE_RARE_RELIC","is_prod":false,"is_daily":false,"chose_seed":false,"campfire_upgraded":4,"win_rate":0,"timestamp":1552846439,"path_taken":["M","?","M","?","M","E","M","E","T","E","?","R","$","?","R","BOSS","M","M","?","M","$","E","M","E","T","?","R","M","?","?","R","BOSS","M","M","?","$","M","R","E","M","T","R","?","?","?","?","R","BOSS"],"build_version":"2019-01-23","purchased_purges":2,"victory":true,"max_hp_per_floor":[63,63,63,63,63,63,63,63,63,63,63,63,63,63,63,63,63,63,63,63,63,63,63,63,63,63,63,63,63,70,70,70,70,70,70,70,70,70,70,70,70,70,70,70,70,70,70,70,70,70],"card_choices":[{"not_picked":["Leg Sweep","Riddle With Holes"],"picked":"Poisoned Stab","floor":1.0},{"not_picked":["Reflex","Predator"],"picked":"Leg Sweep","floor":3.0},{"not_picked":["Caltrops","Dodge and Roll"],"picked":"Deadly Poison","floor":5.0},{"not_picked":["Poisoned Stab","Outmaneuver"],"picked":"Blade Dance","floor":6.0},{"not_picked":["Setup","Flechettes","Sucker Punch"],"picked":"SKIP","floor":7.0},{"not_picked":["Deadly Poison","Prepared"],"picked":"Adrenaline","floor":8.0},{"not_picked":["Concentrate","Predator"],"picked":"Heel Hook","floor":10.0},{"not_picked":["Deadly Poison","Sucker Punch"],"picked":"Finisher","floor":11.0},{"not_picked":["Doppelganger","Venomology"],"picked":"Adrenaline","floor":16.0},{"not_picked":["Dash","Bouncing Flask"],"picked":"Flying Knee+1","floor":18.0},{"not_picked":["Deflect","Escape Plan"],"picked":"Heel Hook+1","floor":19.0},{"not_picked":["Prepared","Underhanded Strike"],"picked":"Caltrops+1","floor":21.0},{"not_picked":["Sucker Punch","Blade Dance","Catalyst"],"picked":"SKIP","floor":23},{"not_picked":["Masterful Stab+1","Calculated Gamble+1"],"picked":"PiercingWail+1","floor":24},{"not_picked":["Acrobatics","Quick Slash"],"picked":"Caltrops+1","floor":25},{"not_picked":["Accuracy+1","Flying Knee+1"],"picked":"Cloak And Dagger+1","floor":27},{"not_picked":["Catalyst","Prepared"],"picked":"Terror","floor":29},{"not_picked":["A Thousand Cuts+1","Bullet Time"],"picked":"Envenom+1","floor":33},{"not_picked":["Quick Slash+1","Blade Dance+1"],"picked":"Dodge and Roll","floor":35},{"not_picked":["Eviscerate+1","Distraction","Flying Knee+1"],"picked":"SKIP","floor":36},{"not_picked":["All Out Attack+1","Bane+1"],"picked":"Backflip","floor":37},{"not_picked":["Masterful Stab+1","Heel Hook+1"],"picked":"Blade Dance+1","floor":39},{"not_picked":["Reflex","Footwork+1"],"picked":"Envenom+1","floor":41},{"not_picked":["Choke+1","Dodge and Roll"],"picked":"PiercingWail+1","floor":42},{"not_picked":["Blur","Expertise"],"picked":"Escape Plan+1","floor":46}],"player_experience":650832,"relics_obtained":[{"floor":4.0,"key":"MawBank"},{"floor":6.0,"key":"Frozen Egg 2"},{"floor":8.0,"key":"Darkstone Periapt"},{"floor":9.0,"key":"Vajra"},{"floor":10.0,"key":"Smiling Mask"},{"floor":23,"key":"Bag of Preparation"},{"floor":25,"key":"Happy Flower"},{"floor":26,"key":"Molten Egg 2"},{"floor":37,"key":"Bird Faced Urn"},{"floor":41,"key":"Potion Belt"},{"floor":43,"key":"Mummified Hand"}],"event_choices":[{"damage_healed":0.0,"max_hp_gain":0.0,"max_hp_loss":0.0,"gold_gain":0.0,"event_name":"Scrap Ooze","player_choice":"Success","floor":2.0,"gold_loss":0.0,"damage_taken":3.0,"relics_obtained":["Kunai"]},{"damage_healed":0.0,"max_hp_gain":0.0,"max_hp_loss":0.0,"gold_gain":0.0,"event_name":"Accursed Blacksmith","player_choice":"Forge","floor":14.0,"gold_loss":0.0,"damage_taken":0.0,"cards_upgraded":["Blade Dance"]},{"damage_healed":0.0,"max_hp_gain":0.0,"max_hp_loss":0.0,"gold_gain":0.0,"event_name":"Upgrade Shrine","player_choice":"Upgraded","floor":20.0,"gold_loss":0.0,"damage_taken":0.0,"cards_upgraded":["Adrenaline"]},{"damage_healed":0,"gold_gain":0,"player_choice":"Obtained Relic","damage_taken":0,"relics_obtained":["Strawberry"],"max_hp_gain":0,"max_hp_loss":0,"event_name":"Addict","floor":30,"gold_loss":85},{"damage_healed":0,"gold_gain":0,"player_choice":"Ignored","damage_taken":0,"max_hp_gain":0,"max_hp_loss":0,"event_name":"Ghosts","floor":31,"gold_loss":0},{"damage_healed":0,"gold_gain":0,"player_choice":"Fight","damage_taken":0,"max_hp_gain":0,"max_hp_loss":0,"event_name":"MindBloom","floor":37,"gold_loss":0},{"cards_removed":["Strike_G"],"damage_healed":0,"gold_gain":0,"player_choice":"Offered Basic","damage_taken":0,"max_hp_gain":0,"max_hp_loss":0,"event_name":"Bonfire Elementals","floor":45,"gold_loss":0},{"damage_healed":0,"gold_gain":0,"player_choice":"Paid","damage_taken":0,"relics_obtained":["Red Mask"],"max_hp_gain":0,"max_hp_loss":0,"event_name":"Tomb of Lord Red Mask","floor":47,"gold_loss":77},{"damage_healed":0,"gold_gain":0,"player_choice":"Embrace Madness","damage_taken":9,"max_hp_gain":0,"max_hp_loss":0,"event_name":"Winding Halls","floor":48,"gold_loss":0,"cards_obtained":["Madness","Madness"]}],"is_beta":false,"boss_relics":[{"not_picked":["WristBlade","Coffee Dripper"],"picked":"Runic Pyramid"},{"not_picked":["White Beast Statue","Runic Dome"],"picked":"Philosopher\u0027s Stone"}],"items_purged_floors":[13,22],"is_endless":false,"potions_floor_spawned":[1,5,6,8,23,24,25,39,46],"ascension_level":11}