{"gold_per_floor":[112,112,124,24,37,37,71,71,94,109,109,119,151,161,161,238,238,250,269,282,282,282,282,297,323,374,374,179,209,209,241,241,317,317,335,335,348,1,18,18],"floor_reached":40,"playtime":2367,"items_purged":["Strike_R","Strike_R","Writhe"],"score":922,"play_id":"9c5c58a8-5cc9-48cc-9927-e22153b7dae8","local_time":"20190810173638","is_ascension_mode":true,"campfire_choices":[{"data":"Bash","floor":6.0,"key":"SMITH"},{"data":"Flex","floor":8.0,"key":"SMITH"},{"data":"Sword Boomerang","floor":11.0,"key":"SMITH"},{"data":"Perfected Strike","floor":15.0,"key":"SMITH"},{"data":"Whirlwind","floor":23.0,"key":"SMITH"},{"data":"Uppercut","floor":30.0,"key":"SMITH"},{"data":"Flame Barrier","floor":32.0,"key":"SMITH"}],"neow_cost":"NONE","seed_source_timestamp":19923925652001,"circlet_count":0,"master_deck":["AscendersBane","Strike_R+1","Strike_R+1","Defend_R","Defend_R","Defend_R","Defend_R","Bash+1","Pommel Strike","Pommel Strike","Flex+1","Sword Boomerang+1","Perfected Strike+1","Whirlwind+1","Battle Trance","Limit Break","Feel No Pain+1","Flame Barrier+1","Ghostly","Ghostly","Ghostly","Necronomicurse","Shrug It Off","Heavy Blade+1","Uppercut+1","Shrug It Off","Reaper","Clothesline"],"special_seed":0,"relics":["Burning Blood","Pear","Potion Belt","Ancient Tea Set","Bag of Marbles","Snecko Eye","Necronomicon","Whetstone","Strawberry","Tiny Chest","Happy Flower","Philosopher\u0027s Stone","ClockworkSouvenir"],"potions_floor_usage":[40],"damage_taken":[{"damage":6.0,"enemies":"Cultist","floor":1.0,"turns":3.0},{"damage":3.0,"enemies":"2 Louse","floor":3.0,"turns":4.0},{"damage":4.0,"enemies":"Jaw Worm","floor":5.0,"turns":5.0},{"damage":35.0,"enemies":"Lagavulin","floor":7.0,"turns":6.0},{"damage":11.0,"enemies":"3 Louse","floor":10.0,"turns":4.0},{"damage":6.0,"enemies":"Looter","floor":12.0,"turns":2.0},{"damage":25.0,"enemies":"3 Sentries","floor":13.0,"turns":7.0},{"damage":11.0,"enemies":"2 Fungi Beasts","floor":14.0,"turns":3.0},{"damage":1.0,"enemies":"Slime Boss","floor":16.0,"turns":6.0},{"damage":0.0,"enemies":"Chosen","floor":18.0,"turns":3.0},{"damage":17.0,"enemies":"2 Thieves","floor":19.0,"turns":3.0},{"damage":30.0,"enemies":"Chosen and Byrds","floor":20.0,"turns":5.0},{"damage":0.0,"enemies":"Cultist and Chosen","floor":24.0,"turns":4.0},{"damage":0.0,"enemies":"Gremlin Leader","floor":25.0,"turns":4.0},{"damage":10.0,"enemies":"Book of Stabbing","floor":31.0,"turns":2.0},{"damage":14.0,"enemies":"Collector","floor":33.0,"turns":3.0},{"damage":0.0,"enemies":"3 Darklings","floor":35.0,"turns":4.0},{"damage":0.0,"enemies":"Orb Walker","floor":37.0,"turns":3.0},{"damage":2.0,"enemies":"Sphere and 2 Shapes","floor":39.0,"turns":4.0},{"damage":64,"enemies":"Giant Head","floor":40,"turns":6}],"seed_played":"-1328014338269919386","potions_obtained":[{"floor":5.0,"key":"LiquidBronze"},{"floor":10.0,"key":"Explosive Potion"},{"floor":12.0,"key":"EssenceOfSteel"},{"floor":16.0,"key":"Fire Potion"},{"floor":18.0,"key":"SpeedPotion"},{"floor":19.0,"key":"Weak Potion"},{"floor":35.0,"key":"Explosive Potion"}],"is_trial":false,"path_per_floor":["M","T","M","$","M","R","E","R","T","M","R","M","E","M","R","B",null,"M","M","M","?","?","R","M","E","T","?","$","?","R","E","R","B",null,"M","?","M","$","M","E"],"character_chosen":"IRONCLAD","items_purchased":["Flex","Uppercut","Strength Potion","ClockworkSouvenir"],"campfire_rested":0,"item_purchase_floors":[4,28,28,38],"current_hp_per_floor":[75,85,88,88,90,90,61,61,61,56,56,56,37,32,32,37,78,84,73,49,46,25,25,31,37,44,44,44,44,44,40,40,32,48,53,53,53,53,53,0],"gold":18,"neow_bonus":"TEN_PERCENT_HP_BONUS","is_prod":false,"is_daily":false,"chose_seed":false,"campfire_upgraded":7,"win_rate":0,"timestamp":1565454998,"path_taken":["M","?","M","$","M","R","E","R","T","M","R","M","E","M","R","BOSS","M","M","M","?","?","R","?","E","T","?","$","?","R","E","R","BOSS","M","?","M","$","M","E"],"build_version":"2019-07-17","purchased_purges":3,"victory":false,"max_hp_per_floor":[82,92,92,92,92,92,92,92,92,92,92,92,92,92,92,92,92,92,92,92,46,46,46,46,46,53,53,53,53,53,53,53,53,53,53,53,53,53,53,53],"card_choices":[{"not_picked":["Shrug It Off","Clash"],"picked":"Pommel Strike","floor":1.0},{"not_picked":["Blood for Blood","Clash"],"picked":"Pommel Strike","floor":3.0},{"not_picked":["Body Slam","Ghostly Armor","Heavy Blade"],"picked":"SKIP","floor":5.0},{"not_picked":["Dark Embrace","Havoc","Clash"],"picked":"SKIP","floor":7.0},{"not_picked":["Thunderclap","Metallicize"],"picked":"Sword Boomerang","floor":10.0},{"not_picked":["Dual Wield","Armaments"],"picked":"Perfected Strike","floor":12.0},{"not_picked":["Flame Barrier","Ghostly Armor"],"picked":"Whirlwind","floor":13.0},{"not_picked":["Sword Boomerang","Flex"],"picked":"Battle Trance","floor":14.0},{"not_picked":["Reaper","Impervious"],"picked":"Limit Break","floor":16.0},{"not_picked":["Power Through","Carnage"],"picked":"Feel No Pain+1","floor":18.0},{"not_picked":["Flex","Cleave","Twin Strike"],"picked":"SKIP","floor":19.0},{"not_picked":["Cleave","Wild Strike"],"picked":"Flame Barrier","floor":20.0},{"not_picked":["Warcry","Sever Soul"],"picked":"Shrug It Off","floor":24.0},{"not_picked":["Clash","Pommel Strike"],"picked":"Heavy Blade+1","floor":25.0},{"not_picked":["Clash","Power Through"],"picked":"Shrug It Off","floor":31.0},{"not_picked":["Dark Embrace","Bludgeon"],"picked":"Reaper","floor":33.0},{"not_picked":["Heavy Blade","Pommel Strike"],"picked":"Clothesline","floor":35.0},{"not_picked":["Pommel Strike","Rampage+1","Body Slam"],"picked":"SKIP","floor":37.0},{"not_picked":["Clothesline","Flex","Wild Strike+1"],"picked":"SKIP","floor":39.0}],"player_experience":1073131,"relics_obtained":[{"floor":2.0,"key":"Pear"},{"floor":7.0,"key":"Potion Belt"},{"floor":9.0,"key":"Ancient Tea Set"},{"floor":13.0,"key":"Bag of Marbles"},{"floor":22.0,"key":"Necronomicon"},{"floor":25.0,"key":"Whetstone"},{"floor":26.0,"key":"Strawberry"},{"floor":31.0,"key":"Happy Flower"}],"event_choices":[{"damage_healed":0.0,"max_hp_gain":0.0,"max_hp_loss":46.0,"gold_gain":0.0,"event_name":"Ghosts","player_choice":"Became a Ghost","floor":21.0,"gold_loss":0.0,"damage_taken":0.0,"cards_obtained":["Ghostly","Ghostly","Ghostly"]},{"damage_healed":0.0,"max_hp_gain":0.0,"max_hp_loss":0.0,"gold_gain":0.0,"event_name":"Cursed Tome","player_choice":"Obtained Book","floor":22.0,"gold_loss":0.0,"damage_taken":21.0},{"cards_removed":["Strike_R"],"damage_healed":0.0,"max_hp_gain":0.0,"max_hp_loss":0.0,"gold_gain":0.0,"event_name":"Back to Basics","player_choice":"Elegance","floor":27.0,"gold_loss":0.0,"damage_taken":0.0},{"damage_healed":0.0,"max_hp_gain":0.0,"max_hp_loss":0.0,"gold_gain":0.0,"event_name":"The Mausoleum","player_choice":"Opened","floor":29.0,"gold_loss":0.0,"damage_taken":0.0,"relics_obtained":["Tiny Chest"],"cards_obtained":["Writhe"]},{"damage_healed":0.0,"max_hp_gain":0.0,"max_hp_loss":0.0,"gold_gain":0.0,"event_name":"SensoryStone","player_choice":"Memory 1","floor":36.0,"gold_loss":0.0,"damage_taken":0.0}],"is_beta":false,"boss_relics":[{"not_picked":["Mark of Pain","Runic Dome"],"picked":"Snecko Eye"},{"not_picked":["Tiny House","Runic Cube"],"picked":"Philosopher\u0027s Stone"}],"items_purged_floors":[4,28,38],"is_endless":false,"potions_floor_spawned":[5,10,12,16,18,19,35],"killed_by":"Giant Head","ascension_level":20}