{"path_per_floor":["M","M","M","M","M","E","M","M","T","?","?","R","T","E","R","B",null,"M","?","$","T","M","E","R","E","T","E","M","R","M","M","R"],"character_chosen":"IRONCLAD","items_purchased":["Shovel"],"gold_per_floor":[113,128,139,159,170,202,218,233,289,239,239,239,292,326,326,431,461,481,481,120,165,183,215,215,250,250,280,294,294,311,322,322],"floor_reached":33,"campfire_rested":0,"playtime":5050,"current_hp_per_floor":[83,86,81,81,58,28,35,44,44,44,44,44,44,51,51,28,112,99,99,99,99,94,91,91,98,98,85,77,77,79,88,88],"items_purged":["Defend_R"],"gold":322,"play_id":"7f710727-5adc-47c4-816d-cf0d89a4856c","is_prod":false,"is_daily":false,"is_ascension_mode":false,"campfire_upgraded":2,"path_taken":["M","M","M","M","M","E","M","M","T","?","?","R","?","E","R","BOSS","M","?","$","?","?","E","R","E","T","E","M","R","M","M","R","BOSS"],"build_version":"2018-02-01-PROD3","purchased_purges":1,"victory":false,"master_deck":["Strike_R+1","Strike_R+1","Strike_R","Strike_R","Defend_R","Defend_R","Defend_R","Bash","Feed","Pommel Strike","Cleave","Shrug It Off","Infernal Blade","Shockwave+1","Clash","Dropkick","Armaments+1","Reaper","Metallicize","Warcry","Dropkick","Thunderclap+1","Dual Wield","Battle Trance","Pummel+1","Disarm"],"max_hp_per_floor":[83,86,89,92,95,95,98,101,101,101,101,101,101,104,104,107,112,116,116,116,116,119,122,122,129,129,132,132,132,135,139,139],"relics":["Burning Blood","Whetstone","Tiny Chest","Dream Catcher","Thread and Needle","Tiny House","Shovel","Pen Nib","Bottled Flame","Champion Belt","Strawberry","Bottled Lightning","Gambling Chip","Smiling Mask","Darkstone Periapt"],"card_choices":[{"not_picked":["Rage","Armaments"],"picked":"Pommel Strike"},{"not_picked":["Headbutt","Body Slam"],"picked":"Cleave"},{"not_picked":["Iron Wave","Pommel Strike"],"picked":"Shrug It Off"},{"not_picked":["Metallicize","Sword Boomerang"],"picked":"Infernal Blade"},{"not_picked":["Anger","Cleave"],"picked":"Shockwave"},{"not_picked":["Heavy Blade","Sword Boomerang"],"picked":"Clash"},{"not_picked":["Wild Strike","Blood for Blood"],"picked":"Dropkick"},{"not_picked":["Flame Barrier","Sever Soul"],"picked":"Armaments"},{"not_picked":["Limit Break","Dark Embrace"],"picked":"Reaper"},{"not_picked":["Reckless Charge","Flex"],"picked":"Metallicize"},{"not_picked":["Armaments","Cleave"],"picked":"Warcry"},{"not_picked":["Rage","Power Through"],"picked":"Thunderclap"},{"not_picked":["Headbutt","Inflame"],"picked":"Dual Wield"},{"not_picked":["Dropkick","Limit Break"],"picked":"Battle Trance"},{"not_picked":["Sword Boomerang","Intimidate"],"picked":"Pummel"},{"not_picked":["Body Slam","Second Wind"],"picked":"Disarm"}],"player_experience":97553,"potions_floor_usage":[5,6,6,14,23,25,30],"damage_taken":[{"damage":1,"enemies":"Cultist","floor":1,"turns":3},{"damage":0,"enemies":"2 Louse","floor":2,"turns":3},{"damage":14,"enemies":"Jaw Worm","floor":3,"turns":4},{"damage":9,"enemies":"Gremlin Gang","floor":4,"turns":4},{"damage":32,"enemies":"Exordium Thugs","floor":5,"turns":7},{"damage":36,"enemies":"Lagavulin","floor":6,"turns":13},{"damage":2,"enemies":"Looter","floor":7,"turns":3},{"damage":0,"enemies":"Large Slime","floor":8,"turns":5},{"damage":14,"enemies":"3 Sentries","floor":14,"turns":5},{"damage":32,"enemies":"Slime Boss","floor":16,"turns":10},{"damage":23,"enemies":"Spheric Guardian","floor":18,"turns":6},{"damage":14,"enemies":"2 Thieves","floor":22,"turns":5},{"damage":30,"enemies":"Slavers","floor":23,"turns":6},{"damage":38,"enemies":"Gremlin Leader","floor":25,"turns":8},{"damage":34,"enemies":"Slavers","floor":27,"turns":4},{"damage":18,"enemies":"Cultist and Chosen","floor":28,"turns":7},{"damage":7,"enemies":"Centurion and Healer","floor":30,"turns":4},{"damage":13,"enemies":"Snecko","floor":31,"turns":6},{"damage":101,"enemies":"Champ","floor":33,"turns":19}],"event_choices":[{"event_name":"The Cleric","player_choice":"Card Removal","floor":10,"damage_taken":0},{"event_name":"The Woman in Blue","player_choice":"Bought 0 Potions","floor":11,"damage_taken":0},{"event_name":"The Library","player_choice":"Read","floor":19,"damage_taken":0}],"boss_relics":[{"not_picked":["Runic Dome","Eternal Feather"],"picked":"Tiny House"}],"potions_floor_spawned":[1,3,4,7,23,27],"seed_played":"-1373486568062332585","killed_by":"Champ","ascension_level":0,"is_trial":false}