{"gold_per_floor":[112,187,187,462,1,1,28,28,100,117,179,193,207,241,241,319,319,329,341,341,17,28,61,61],"floor_reached":24,"playtime":2066,"items_purged":["Regret","Writhe"],"score":568,"play_id":"d5b4bb99-0067-4599-b2e3-2974b52ca6e6","local_time":"20190803114018","is_ascension_mode":true,"campfire_choices":[{"data":"Neutralize","floor":6.0,"key":"SMITH"},{"data":"Bouncing Flask","floor":8.0,"key":"SMITH"},{"data":"Dagger Spray","floor":15.0,"key":"SMITH"}],"neow_cost":"NONE","seed_source_timestamp":141077479384088,"circlet_count":0,"master_deck":["AscendersBane","Strike_G","Strike_G","Strike_G","Strike_G","Defend_G","Defend_G","Defend_G","Defend_G","Defend_G","Survivor","Neutralize+1","Bouncing Flask+1","Well Laid Plans+1","Poisoned Stab","Noxious Fumes+1","Infinite Blades+1","Dagger Spray+1","Dodge and Roll","A Thousand Cuts+1","Crippling Poison","Footwork+1","Dash","PiercingWail","PiercingWail"],"special_seed":0,"relics":["Ring of the Snake","NeowsBlessing","Frozen Egg 2","Strawberry","Gremlin Horn","Tiny Chest","Pear","Snecko Eye","Pantograph","Smiling Mask"],"potions_floor_usage":[23],"damage_taken":[{"damage":0.0,"enemies":"2 Louse","floor":1.0,"turns":1.0},{"damage":0.0,"enemies":"3 Sentries","floor":7.0,"turns":1.0},{"damage":0.0,"enemies":"Small Slimes","floor":10.0,"turns":1.0},{"damage":5.0,"enemies":"Lagavulin","floor":11.0,"turns":6.0},{"damage":1.0,"enemies":"Cultist","floor":12.0,"turns":3.0},{"damage":6.0,"enemies":"Exordium Wildlife","floor":13.0,"turns":3.0},{"damage":17.0,"enemies":"Gremlin Nob","floor":14.0,"turns":4.0},{"damage":18.0,"enemies":"Slime Boss","floor":16.0,"turns":7.0},{"damage":33.0,"enemies":"2 Thieves","floor":18.0,"turns":4.0},{"damage":12.0,"enemies":"Shell Parasite","floor":19.0,"turns":5.0},{"damage":4.0,"enemies":"Shelled Parasite and Fungi","floor":22.0,"turns":6.0},{"damage":0,"enemies":"Gremlin Leader","floor":23,"turns":4},{"damage":17,"enemies":"3 Cultists","floor":24,"turns":3}],"seed_played":"-8580725366221663966","potions_obtained":[{"floor":1.0,"key":"GamblersBrew"},{"floor":11.0,"key":"Block Potion"},{"floor":14.0,"key":"Block Potion"},{"floor":16.0,"key":"EssenceOfSteel"},{"floor":22.0,"key":"Explosive Potion"}],"is_trial":false,"path_per_floor":["M","?","?","?","$","R","E","R","T","M","E","M","M","E","R","B",null,"M","M","?","$","M","E","M"],"character_chosen":"THE_SILENT","items_purchased":["Frozen Egg 2","Well Laid Plans+1","Poisoned Stab","Footwork+1","Dash","Block Potion"],"campfire_rested":0,"item_purchase_floors":[5,5,5,21,21,21],"current_hp_per_floor":[59,48,41,41,41,41,48,48,48,48,43,42,36,29,29,11,65,32,20,20,20,16,16,0],"gold":61,"neow_bonus":"THREE_ENEMY_KILL","is_prod":false,"is_daily":false,"chose_seed":false,"campfire_upgraded":3,"win_rate":0,"timestamp":1564828818,"path_taken":["M","?","?","?","$","R","E","R","T","?","E","M","M","E","R","BOSS","M","M","?","$","M","E","M"],"build_version":"2019-07-17","purchased_purges":2,"victory":false,"max_hp_per_floor":[66,66,66,66,66,66,73,73,73,73,73,73,73,83,83,83,83,83,83,83,83,83,83,83],"card_choices":[{"not_picked":["Backflip","Acrobatics"],"picked":"Bouncing Flask","floor":1.0},{"not_picked":["Bane","Well Laid Plans+1"],"picked":"Noxious Fumes+1","floor":7.0},{"not_picked":["Finisher","Underhanded Strike","Terror"],"picked":"SKIP","floor":10.0},{"not_picked":["Endless Agony","Outmaneuver"],"picked":"Infinite Blades+1","floor":11.0},{"not_picked":["Underhanded Strike","Outmaneuver"],"picked":"Dagger Spray","floor":12.0},{"not_picked":["Underhanded Strike","Cloak And Dagger","Distraction"],"picked":"SKIP","floor":13.0},{"not_picked":["Blade Dance","Slice"],"picked":"Dodge and Roll","floor":14.0},{"not_picked":["Grand Finale","Envenom+1"],"picked":"A Thousand Cuts+1","floor":16.0},{"not_picked":["Poisoned Stab","Acrobatics"],"picked":"Crippling Poison","floor":18.0},{"not_picked":["Flying Knee","Dagger Throw","Adrenaline"],"picked":"SKIP","floor":19.0},{"not_picked":["Backflip","Quick Slash"],"picked":"PiercingWail","floor":22.0},{"not_picked":["Burst","Flying Knee"],"picked":"PiercingWail","floor":23}],"player_experience":1054313,"relics_obtained":[{"floor":7.0,"key":"Strawberry"},{"floor":9.0,"key":"Gremlin Horn"},{"floor":11.0,"key":"Tiny Chest"},{"floor":14.0,"key":"Pear"},{"floor":23,"key":"Smiling Mask"}],"event_choices":[{"damage_healed":0.0,"max_hp_gain":0.0,"max_hp_loss":0.0,"gold_gain":75.0,"event_name":"World of Goop","player_choice":"Gather Gold","floor":2.0,"gold_loss":0.0,"damage_taken":11.0},{"cards_removed":["Strike_G"],"damage_healed":0.0,"max_hp_gain":0.0,"max_hp_loss":0.0,"gold_gain":0.0,"event_name":"Golden Wing","player_choice":"Card Removal","floor":3.0,"gold_loss":0.0,"damage_taken":7.0},{"damage_healed":0.0,"max_hp_gain":0.0,"max_hp_loss":0.0,"gold_gain":275.0,"event_name":"Golden Shrine","player_choice":"Desecrate","floor":4.0,"gold_loss":0.0,"damage_taken":0.0,"cards_obtained":["Regret"]},{"damage_healed":0.0,"max_hp_gain":0.0,"max_hp_loss":0.0,"gold_gain":0.0,"event_name":"The Mausoleum","player_choice":"Opened","floor":20.0,"gold_loss":0.0,"damage_taken":0.0,"relics_obtained":["Pantograph"],"cards_obtained":["Writhe"]}],"is_beta":false,"boss_relics":[{"not_picked":["Eternal Feather","Calling Bell"],"picked":"Snecko Eye"}],"items_purged_floors":[5,21],"is_endless":false,"potions_floor_spawned":[1,11,14,16,22],"killed_by":"3 Cultists","ascension_level":20}