{"gold_per_floor":[117,117,117,131,56,83,83,100,100,128,128,147,147,174,174,245,245,259,269,282,282,6,38,38,69,123,138,138,28,58,77,77,148,148,161,24,38,38,53,114,130,130,153,186,203,120,120,146,146,146,146,146,146,3,36,36],"floor_reached":57,"playtime":7438,"items_purged":["Pain","Strike_R"],"score":2836,"play_id":"76a5be3a-f63e-497b-839a-82040ca77c73","local_time":"20190422150725","is_ascension_mode":true,"campfire_choices":[{"data":"Bash","floor":7.0,"key":"SMITH"},{"floor":11.0,"key":"RECALL"},{"data":"Anger","floor":13.0,"key":"SMITH"},{"data":"Battle Trance","floor":15.0,"key":"SMITH"},{"data":"Immolate","floor":24.0,"key":"SMITH"},{"data":"Feel No Pain","floor":28.0,"key":"SMITH"},{"floor":32.0,"key":"REST"},{"data":"Sword Boomerang","floor":42,"key":"SMITH"},{"data":"Whirlwind","floor":49,"key":"SMITH"},{"data":"Inflame","floor":53,"key":"SMITH"}],"neow_cost":"NONE","seed_source_timestamp":923686807671424,"circlet_count":0,"master_deck":["AscendersBane","Strike_R","Strike_R","Strike_R","Strike_R","Defend_R","Defend_R","Defend_R","Defend_R","Bash+1","Pummel","Twin Strike","Feed","Battle Trance+1","Armaments+1","Anger+1","True Grit+1","Offering+1","Warcry+1","Inflame+1","Disarm+1","Ghostly+1","Ghostly+1","Ghostly+1","Spot Weakness+1","Sword Boomerang+1","Immolate+1","Feel No Pain+1","Spot Weakness+1","Shrug It Off+1","Pommel Strike+1","Shockwave+1","Bloodletting+1","Reaper","Entrench+1","Pummel+1","Hemokinesis+1","Rupture","Seeing Red+1","Whirlwind+1","Madness+1"],"special_seed":0,"relics":["Burning Blood","NeowsBlessing","WarpedTongs","Kunai","Toxic Egg 2","Torii","Sundial","Runic Cube","Anchor","Dream Catcher","Unceasing Top","Pen Nib","Ice Cream","Busted Crown","Tiny Chest","Charon\u0027s Ashes","Dodecahedron","Shuriken"],"potions_floor_usage":[44,45,48,50,56,56],"damage_taken":[{"damage":0.0,"enemies":"Small Slimes","floor":1.0,"turns":1.0},{"damage":0.0,"enemies":"Cultist","floor":4.0,"turns":1.0},{"damage":0.0,"enemies":"Lagavulin","floor":6.0,"turns":1.0},{"damage":4.0,"enemies":"Jaw Worm","floor":8.0,"turns":3.0},{"damage":8.0,"enemies":"Gremlin Nob","floor":10.0,"turns":3.0},{"damage":1.0,"enemies":"Exordium Wildlife","floor":12.0,"turns":4.0},{"damage":2.0,"enemies":"Lagavulin","floor":14.0,"turns":5.0},{"damage":49.0,"enemies":"Hexaghost","floor":16.0,"turns":8.0},{"damage":6.0,"enemies":"Chosen","floor":18.0,"turns":2.0},{"damage":30.0,"enemies":"Spheric Guardian","floor":19.0,"turns":7.0},{"damage":21.0,"enemies":"Snake Plant","floor":20.0,"turns":4.0},{"damage":10.0,"enemies":"Slavers","floor":23.0,"turns":5.0},{"damage":21.0,"enemies":"Book of Stabbing","floor":25.0,"turns":7.0},{"damage":22.0,"enemies":"3 Cultists","floor":27.0,"turns":7.0},{"damage":15.0,"enemies":"Slavers","floor":30.0,"turns":4.0},{"damage":0.0,"enemies":"Shelled Parasite and Fungi","floor":31.0,"turns":6.0},{"damage":4.0,"enemies":"Champ","floor":33.0,"turns":10.0},{"damage":4.0,"enemies":"Orb Walker","floor":35.0,"turns":4.0},{"damage":12.0,"enemies":"3 Darklings","floor":37.0,"turns":4.0},{"damage":32.0,"enemies":"Writhing Mass","floor":39.0,"turns":10.0},{"damage":30.0,"enemies":"Giant Head","floor":40.0,"turns":6.0},{"damage":22,"enemies":"Sphere and 2 Shapes","floor":41,"turns":4},{"damage":24,"enemies":"Reptomancer","floor":44,"turns":4},{"damage":13,"enemies":"4 Shapes","floor":45,"turns":7},{"damage":23,"enemies":"Nemesis","floor":48,"turns":3},{"damage":33,"enemies":"Donu and Deca","floor":50,"turns":9},{"damage":20,"enemies":"Awakened One","floor":51,"turns":10},{"damage":42,"enemies":"Shield and Spear","floor":55,"turns":5},{"damage":49,"enemies":"The Heart","floor":56,"turns":8}],"seed_played":"-2213636586826695213","potions_obtained":[{"floor":6.0,"key":"EntropicBrew"},{"floor":12.0,"key":"SteroidPotion"},{"floor":16.0,"key":"SpeedPotion"},{"floor":19.0,"key":"EssenceOfSteel"},{"floor":20.0,"key":"SteroidPotion"},{"floor":27.0,"key":"EssenceOfSteel"},{"floor":30.0,"key":"GamblersBrew"},{"floor":37.0,"key":"Poison Potion"},{"floor":41,"key":"Weak Potion"},{"floor":44,"key":"SteroidPotion"},{"floor":45,"key":"GamblersBrew"}],"is_trial":false,"path_per_floor":["M","?","?","M","$","E","R","M","T","E","R","M","R","E","R","B",null,"M","M","M","?","$","E","R","E","T","M","R","$","E","M","R","B",null,"M","$","M","?","M","E","M","R","T","E","M","$","?","E","R","B","B",null,"R","$","E","B",null],"character_chosen":"IRONCLAD","items_purchased":["Anchor","Spot Weakness+1","Sword Boomerang","Spot Weakness+1","Shrug It Off+1","Entrench+1","Whirlwind","Ancient Potion","Dexterity Potion"],"campfire_rested":1,"item_purchase_floors":[22,22,22,29,29,36,46,54,54],"current_hp_per_floor":[74,79,79,80,80,80,80,83,83,84,84,90,90,94,94,55,87,90,70,55,52,52,51,51,40,40,28,28,28,22,32,53,59,70,75,75,73,73,71,47,45,45,45,48,86,86,76,91,91,92,98,98,98,98,78,35],"gold":36,"neow_bonus":"THREE_ENEMY_KILL","is_prod":false,"is_daily":false,"chose_seed":false,"campfire_upgraded":8,"win_rate":0,"timestamp":1555942045,"path_taken":["M","?","?","?","$","E","R","M","T","E","R","M","R","E","R","BOSS","M","?","?","?","$","E","R","E","T","M","R","?","E","M","R","BOSS","M","$","M","?","M","E","M","R","T","E","M","$","?","E","R","BOSS","BOSS","R","$","E","BOSS"],"build_version":"2019-01-23","purchased_purges":2,"victory":true,"max_hp_per_floor":[75,80,80,80,80,80,80,83,83,86,86,90,90,94,94,98,98,101,105,105,52,52,55,55,59,59,63,63,63,66,70,70,74,74,77,77,81,77,81,81,85,85,85,88,91,91,91,91,91,95,98,98,98,98,102,102],"card_choices":[{"not_picked":["Iron Wave","True Grit"],"picked":"Pummel","floor":1.0},{"not_picked":["Armaments","Metallicize"],"picked":"Twin Strike","floor":4.0},{"not_picked":["Infernal Blade","Offering"],"picked":"Feed","floor":6.0},{"not_picked":["Anger","Wild Strike"],"picked":"Battle Trance","floor":8.0},{"not_picked":["Wild Strike","Bludgeon"],"picked":"Armaments+1","floor":10.0},{"not_picked":["Pummel","Havoc+1"],"picked":"Anger","floor":12.0},{"not_picked":["Iron Wave","Power Through+1"],"picked":"True Grit+1","floor":14.0},{"not_picked":["Double Tap+1","Feed"],"picked":"Offering+1","floor":16.0},{"not_picked":["Thunderclap","Iron Wave+1"],"picked":"Warcry+1","floor":18.0},{"not_picked":["Wild Strike","Pummel"],"picked":"Inflame","floor":19.0},{"not_picked":["Warcry+1","Blood for Blood"],"picked":"Disarm+1","floor":20.0},{"not_picked":["Rage+1","Sentinel+1"],"picked":"Immolate","floor":23.0},{"not_picked":["Pommel Strike","Perfected Strike","Rupture"],"picked":"SKIP","floor":25.0},{"not_picked":["Rupture","True Grit+1"],"picked":"Feel No Pain","floor":27.0},{"not_picked":["Cleave","Headbutt"],"picked":"Pommel Strike+1","floor":30.0},{"not_picked":["Cleave","Headbutt"],"picked":"Shockwave+1","floor":31.0},{"not_picked":["Thunderclap","Wild Strike"],"picked":"Bloodletting+1","floor":32.0},{"not_picked":["Brutality","Juggernaut"],"picked":"Reaper","floor":33.0},{"not_picked":["Searing Blow"],"picked":"SKIP","floor":35.0},{"not_picked":[],"picked":"Pummel+1","floor":37.0},{"not_picked":["Thunderclap"],"picked":"SKIP","floor":39.0},{"not_picked":["Hemokinesis"],"picked":"SKIP","floor":40.0},{"not_picked":[],"picked":"Hemokinesis+1","floor":41},{"not_picked":[],"picked":"Rupture","floor":44},{"not_picked":[],"picked":"Seeing Red+1","floor":45},{"not_picked":[],"picked":"Madness+1","floor":47},{"not_picked":["Body Slam"],"picked":"SKIP","floor":48},{"not_picked":["Clash+1"],"picked":"SKIP","floor":55}],"player_experience":850324,"relics_obtained":[{"floor":6.0,"key":"Kunai"},{"floor":9.0,"key":"Toxic Egg 2"},{"floor":10.0,"key":"Torii"},{"floor":14.0,"key":"Sundial"},{"floor":23.0,"key":"Dream Catcher"},{"floor":25.0,"key":"Unceasing Top"},{"floor":26.0,"key":"Pen Nib"},{"floor":30.0,"key":"Ice Cream"},{"floor":40.0,"key":"Tiny Chest"},{"floor":44,"key":"Charon\u0027s Ashes"},{"floor":48,"key":"Dodecahedron"},{"floor":55,"key":"Shuriken"}],"event_choices":[{"damage_healed":0.0,"max_hp_gain":5.0,"max_hp_loss":0.0,"gold_gain":0.0,"event_name":"Big Fish","player_choice":"Donut","floor":2.0,"gold_loss":0.0,"damage_taken":0.0},{"damage_healed":0.0,"max_hp_gain":0.0,"max_hp_loss":0.0,"gold_gain":0.0,"event_name":"Accursed Blacksmith","player_choice":"Rummage","floor":3.0,"gold_loss":0.0,"damage_taken":0.0,"relics_obtained":["WarpedTongs"],"cards_obtained":["Pain"]},{"damage_healed":0.0,"max_hp_gain":0.0,"max_hp_loss":53.0,"gold_gain":0.0,"event_name":"Ghosts","player_choice":"Became a Ghost","floor":21.0,"gold_loss":0.0,"damage_taken":0.0,"cards_obtained":["Ghostly","Ghostly","Ghostly"]},{"damage_healed":0.0,"max_hp_gain":0.0,"max_hp_loss":4.0,"gold_gain":0.0,"event_name":"Winding Halls","player_choice":"Max HP","floor":38.0,"gold_loss":0.0,"damage_taken":0.0},{"damage_healed":0,"gold_gain":0,"player_choice":"Memory 3","damage_taken":10,"max_hp_gain":0,"max_hp_loss":0,"event_name":"SensoryStone","floor":47,"gold_loss":0}],"is_beta":false,"boss_relics":[{"not_picked":["Calling Bell","Black Blood"],"picked":"Runic Cube"},{"not_picked":["Philosopher\u0027s Stone","Tiny House"],"picked":"Busted Crown"}],"items_purged_floors":[5,36],"is_endless":false,"potions_floor_spawned":[6,12,14,16,19,20,27,30,37,41,44,45],"ascension_level":20}