{"gold_per_floor":[116,116,116,130,148,180,180,180,260,210,244,244,257,9,9,87,87,105,105,122,122,147,147,163,194,241,36,36,36,65,80,80,157,157,175,190,209,209,15,48,64,64,64,64,93,105,105,116,116,116],"floor_reached":51,"playtime":5062,"items_purged":[],"score":1330,"play_id":"eb4b58fc-25b8-4fd5-b77f-78af4fe86b45","local_time":"20190330221538","is_ascension_mode":true,"campfire_choices":[{"floor":7.0,"key":"REST"},{"data":"Deadly Poison","floor":12.0,"key":"SMITH"},{"data":"Caltrops","floor":15.0,"key":"SMITH"},{"floor":23.0,"key":"REST"},{"data":"Burst","floor":29.0,"key":"SMITH"},{"data":"Bouncing Flask","floor":32.0,"key":"SMITH"},{"data":"Acrobatics","floor":44.0,"key":"SMITH"},{"floor":49,"key":"REST"}],"neow_cost":"NONE","seed_source_timestamp":168144265010809,"circlet_count":0,"master_deck":["AscendersBane","Defend_G","Defend_G+1","Defend_G","Defend_G","Defend_G","Survivor","Neutralize+1","Dagger Throw","Caltrops+1","Backflip","Deadly Poison+1","Infinite Blades","Dagger Spray","Envenom","Dark Shackles","Bullet Time","Well Laid Plans+1","Bite","Bite","Bite","Bite","Bite","Heel Hook","Backstab","Catalyst+1","PiercingWail","Burst+1","Bouncing Flask+1","Deflect+1","Backflip","Acrobatics+1","Poisoned Stab+1","Deadly Poison+1","Sucker Punch+1","Crippling Poison"],"special_seed":0,"relics":["Ring of the Snake","Centennial Puzzle","PreservedInsect","Orichalcum","Philosopher\u0027s Stone","Red Mask","Singing Bowl","Boot","Lee\u0027s Waffle","Ancient Tea Set","Orrery","TwistedFunnel","Smiling Mask","Sundial","Question Card"],"potions_floor_usage":[50,50],"damage_taken":[{"damage":1.0,"enemies":"2 Louse","floor":1.0,"turns":3.0},{"damage":0.0,"enemies":"Small Slimes","floor":4.0,"turns":3.0},{"damage":0.0,"enemies":"Cultist","floor":5.0,"turns":4.0},{"damage":22.0,"enemies":"Gremlin Nob","floor":6.0,"turns":5.0},{"damage":19.0,"enemies":"3 Sentries","floor":11.0,"turns":7.0},{"damage":0.0,"enemies":"Blue Slaver","floor":13.0,"turns":3.0},{"damage":14.0,"enemies":"Hexaghost","floor":16.0,"turns":9.0},{"damage":18.0,"enemies":"Spheric Guardian","floor":18.0,"turns":5.0},{"damage":8.0,"enemies":"Shell Parasite","floor":20.0,"turns":5.0},{"damage":40.0,"enemies":"Masked Bandits","floor":22.0,"turns":4.0},{"damage":12.0,"enemies":"Snake Plant","floor":24.0,"turns":4.0},{"damage":10.0,"enemies":"Gremlin Leader","floor":25.0,"turns":4.0},{"damage":13.0,"enemies":"Slavers","floor":30.0,"turns":4.0},{"damage":12.0,"enemies":"Snecko","floor":31.0,"turns":5.0},{"damage":14.0,"enemies":"Champ","floor":33.0,"turns":6.0},{"damage":1.0,"enemies":"3 Shapes","floor":35.0,"turns":6.0},{"damage":1.0,"enemies":"Orb Walker","floor":36.0,"turns":3.0},{"damage":8.0,"enemies":"3 Darklings","floor":37.0,"turns":5.0},{"damage":0.0,"enemies":"Reptomancer","floor":40.0,"turns":3.0},{"damage":6.0,"enemies":"Transient","floor":41.0,"turns":5.0},{"damage":31.0,"enemies":"Nemesis","floor":45.0,"turns":5.0},{"damage":14.0,"enemies":"Spire Growth","floor":46.0,"turns":4.0},{"damage":10,"enemies":"4 Shapes","floor":48,"turns":9},{"damage":30,"enemies":"Donu and Deca","floor":50,"turns":9}],"seed_played":"-1787926887919831522","potions_obtained":[{"floor":5.0,"key":"GhostInAJar"},{"floor":11.0,"key":"Strength Potion"},{"floor":24.0,"key":"Energy Potion"},{"floor":30.0,"key":"SpeedPotion"},{"floor":33.0,"key":"Ancient Potion"}],"is_trial":false,"path_per_floor":["M","?","?","M","M","E","R","?","T","?","E","R","M","$","R","B",null,"M","?","M","?","?","R","M","E","T","$","T","R","E","M","R","B",null,"M","M","M","?","$","E","M","?","T","R","E","M","?","M","R","B",null],"character_chosen":"THE_SILENT","items_purchased":["Envenom","Dark Shackles","Lee\u0027s Waffle","TwistedFunnel"],"campfire_rested":3,"item_purchase_floors":[14,14,27,39],"current_hp_per_floor":[58,45,45,45,45,23,42,64,64,64,45,45,45,45,45,31,57,39,39,46,46,14,27,23,23,23,53,53,53,50,47,47,45,56,61,63,57,57,57,65,67,64,64,64,41,35,35,35,54,36],"gold":116,"neow_bonus":"RANDOM_COMMON_RELIC","is_prod":false,"is_daily":false,"chose_seed":false,"campfire_upgraded":5,"win_rate":0,"timestamp":1553984138,"path_taken":["M","?","?","M","?","E","R","?","T","?","E","R","M","$","R","BOSS","M","?","M","?","?","R","M","E","T","$","?","R","E","M","R","BOSS","M","M","M","?","$","E","?","?","T","R","E","M","?","?","R","BOSS"],"build_version":"2019-01-23","purchased_purges":0,"victory":true,"max_hp_per_floor":[66,66,66,66,66,66,66,66,66,66,66,66,66,66,66,66,66,66,46,46,46,46,46,46,46,46,53,53,53,53,55,55,57,59,61,63,63,63,63,65,67,64,64,64,66,66,66,66,66,66],"card_choices":[{"not_picked":["Quick Slash","Backflip"],"picked":"Dagger Throw","floor":1.0},{"not_picked":["Sucker Punch","Blade Dance"],"picked":"Caltrops","floor":4.0},{"not_picked":["Acrobatics","Setup"],"picked":"Backflip","floor":5.0},{"not_picked":["Catalyst","Distraction"],"picked":"Deadly Poison","floor":6.0},{"not_picked":["Slice","Skewer"],"picked":"Infinite Blades","floor":11.0},{"not_picked":["Acrobatics","Blade Dance"],"picked":"Dagger Spray","floor":13.0},{"not_picked":["Unload","Storm of Steel"],"picked":"Bullet Time","floor":16.0},{"not_picked":["Backflip","Deflect"],"picked":"Well Laid Plans+1","floor":18.0},{"not_picked":["Bane","Dagger Spray"],"picked":"Heel Hook","floor":20.0},{"not_picked":["Bane","Sucker Punch"],"picked":"Catalyst+1","floor":22.0},{"not_picked":["Tactician","Backflip"],"picked":"PiercingWail","floor":24.0},{"not_picked":["Distraction","Bane"],"picked":"Burst","floor":25.0},{"not_picked":["Distraction","Terror"],"picked":"Bouncing Flask","floor":30.0},{"not_picked":["Prepared","Slice","Bullet Time"],"picked":"Singing Bowl","floor":31.0},{"not_picked":["Tools of the Trade","Burst","Venomology"],"picked":"Singing Bowl","floor":33.0},{"not_picked":["Escape Plan","Flying Knee"],"picked":"Deflect+1","floor":34.0},{"not_picked":["Sucker Punch","Underhanded Strike"],"picked":"Backflip","floor":34.0},{"not_picked":["Infinite Blades","Terror","Reflex"],"picked":"Singing Bowl","floor":34.0},{"not_picked":["Prepared","Sucker Punch"],"picked":"Acrobatics","floor":34.0},{"not_picked":["Acrobatics","Blade Dance"],"picked":"Poisoned Stab+1","floor":34.0},{"not_picked":["Predator+1","Deadly Poison","Backflip"],"picked":"Singing Bowl","floor":35.0},{"not_picked":["Underhanded Strike","Flying Knee+1","Unload"],"picked":"Singing Bowl","floor":36.0},{"not_picked":["Acrobatics+1","Endless Agony+1"],"picked":"Deadly Poison+1","floor":37.0},{"not_picked":["Outmaneuver+1","Endless Agony","Predator"],"picked":"Singing Bowl","floor":40.0},{"not_picked":["Acrobatics","Masterful Stab+1","Blade Dance"],"picked":"Singing Bowl","floor":41.0},{"not_picked":["Dagger Spray","Deflect","Backflip"],"picked":"Singing Bowl","floor":45.0},{"not_picked":["Cloak And Dagger","Venomology","Predator+1"],"picked":"Sucker Punch+1","floor":46.0},{"not_picked":["Choke","PiercingWail","Predator"],"picked":"Crippling Poison","floor":48}],"player_experience":705873,"relics_obtained":[{"floor":6.0,"key":"PreservedInsect"},{"floor":11.0,"key":"Orichalcum"},{"floor":22.0,"key":"Red Mask"},{"floor":25.0,"key":"Singing Bowl"},{"floor":26.0,"key":"Boot"},{"floor":28.0,"key":"Ancient Tea Set"},{"floor":40.0,"key":"Smiling Mask"},{"floor":43.0,"key":"Sundial"},{"floor":45.0,"key":"Question Card"}],"event_choices":[{"damage_healed":0.0,"max_hp_gain":0.0,"max_hp_loss":0.0,"gold_gain":0.0,"event_name":"Shining Light","player_choice":"Entered Light","floor":2.0,"gold_loss":0.0,"damage_taken":13.0,"cards_upgraded":["Strike_G","Defend_G"]},{"damage_healed":0.0,"max_hp_gain":0.0,"max_hp_loss":0.0,"gold_gain":0.0,"event_name":"Accursed Blacksmith","player_choice":"Forge","floor":3.0,"gold_loss":0.0,"damage_taken":0.0,"cards_upgraded":["Neutralize"]},{"damage_healed":22.0,"max_hp_gain":0.0,"max_hp_loss":0.0,"gold_gain":0.0,"event_name":"Big Fish","player_choice":"Banana","floor":8.0,"gold_loss":0.0,"damage_taken":0.0},{"cards_removed":["Strike_G"],"damage_healed":0.0,"max_hp_gain":0.0,"max_hp_loss":0.0,"gold_gain":0.0,"event_name":"The Cleric","player_choice":"Card Removal","floor":10.0,"gold_loss":50.0,"damage_taken":0.0},{"damage_healed":0.0,"max_hp_gain":0.0,"max_hp_loss":20.0,"gold_gain":0.0,"event_name":"Vampires","player_choice":"Became a vampire","floor":19.0,"gold_loss":0.0,"damage_taken":0.0,"cards_obtained":["Bite","Bite","Bite","Bite","Bite"]},{"damage_healed":0.0,"max_hp_gain":0.0,"max_hp_loss":0.0,"gold_gain":0.0,"event_name":"The Library","player_choice":"Read","floor":21.0,"gold_loss":0.0,"damage_taken":0.0,"cards_obtained":["Backstab"]},{"damage_healed":0.0,"max_hp_gain":0.0,"max_hp_loss":0.0,"gold_gain":0.0,"event_name":"Masked Bandits","player_choice":"Fought Bandits","floor":22.0,"gold_loss":0.0,"damage_taken":0.0},{"damage_healed":0.0,"max_hp_gain":0.0,"max_hp_loss":0.0,"gold_gain":0.0,"event_name":"The Woman in Blue","player_choice":"Bought 0 Potions","floor":38.0,"gold_loss":0.0,"damage_taken":0.0},{"damage_healed":0.0,"max_hp_gain":0.0,"max_hp_loss":3.0,"gold_gain":0.0,"event_name":"Winding Halls","player_choice":"Max HP","floor":42.0,"gold_loss":0.0,"damage_taken":0.0},{"damage_healed":0,"gold_gain":0,"player_choice":"Ignored","damage_taken":0,"max_hp_gain":0,"max_hp_loss":0,"event_name":"Mysterious Sphere","floor":47,"gold_loss":0}],"is_beta":false,"boss_relics":[{"not_picked":["Pandora\u0027s Box","Cursed Key"],"picked":"Philosopher\u0027s Stone"},{"not_picked":["Calling Bell","Lizard Tail"],"picked":"Orrery"}],"items_purged_floors":[],"is_endless":false,"potions_floor_spawned":[5,11,24,30,33,40,41,45],"ascension_level":14}