{"gold_per_floor":[110,129,129,149,160,190,206,232,232,307,318,318,351,276,276,349,349,361,361,361,374,174,499,499,512,559,559],"floor_reached":27,"playtime":1701,"items_purged":["Shame"],"score":480,"play_id":"f24ce535-1feb-4e8e-b4e8-60bc1811971d","local_time":"20190407184010","is_ascension_mode":true,"campfire_choices":[{"floor":12.0,"key":"REST"},{"data":"Hologram","floor":15.0,"key":"SMITH"},{"floor":24.0,"key":"REST"}],"neow_cost":"NONE","seed_source_timestamp":846351238781283,"circlet_count":0,"master_deck":["AscendersBane","Defend_B","Defend_B","Defend_B","Defend_B","Zap","Dualcast","Ball Lightning","Coolheaded","Doom and Gloom","Conserve Battery","FTL","Gash","Genetic Algorithm","Hologram+1","Sunder","Echo Form","Echo Form","Darkness+1","Bite","Bite","Bite","Bite","Bite","Stack","Capacitor","Consume","Cold Snap","Coolheaded"],"special_seed":0,"relics":["Cracked Core","Dream Catcher","Mango","Centennial Puzzle","Bottled Flame","Bag of Marbles","Velvet Choker","Old Coin","Lantern"],"potions_floor_usage":[],"damage_taken":[{"damage":0.0,"enemies":"Small Slimes","floor":1.0,"turns":2.0},{"damage":0.0,"enemies":"Cultist","floor":2.0,"turns":3.0},{"damage":0.0,"enemies":"2 Louse","floor":4.0,"turns":2.0},{"damage":4.0,"enemies":"Blue Slaver","floor":5.0,"turns":4.0},{"damage":16.0,"enemies":"Lagavulin","floor":6.0,"turns":6.0},{"damage":5.0,"enemies":"Exordium Wildlife","floor":7.0,"turns":3.0},{"damage":13.0,"enemies":"Gremlin Nob","floor":8.0,"turns":4.0},{"damage":2.0,"enemies":"Red Slaver","floor":11.0,"turns":2.0},{"damage":15.0,"enemies":"Lagavulin","floor":13.0,"turns":5.0},{"damage":28.0,"enemies":"The Guardian","floor":16.0,"turns":11.0},{"damage":11.0,"enemies":"Chosen","floor":18.0,"turns":5.0},{"damage":22.0,"enemies":"2 Thieves","floor":21.0,"turns":4.0},{"damage":37.0,"enemies":"Gremlin Leader","floor":23.0,"turns":7.0},{"damage":21,"enemies":"Sentry and Sphere","floor":25,"turns":5},{"damage":24,"enemies":"Snake Plant","floor":27,"turns":1}],"seed_played":"6004563998305750878","potions_obtained":[{"floor":1.0,"key":"Block Potion"},{"floor":3.0,"key":"GamblersBrew"},{"floor":4.0,"key":"SteroidPotion"},{"floor":5.0,"key":"Explosive Potion"},{"floor":8.0,"key":"LiquidBronze"}],"is_trial":false,"path_per_floor":["M","M","?","M","M","E","M","E","T","?","M","R","E","?","R","B",null,"M","?","?","M","$","E","R","M","T","M"],"character_chosen":"DEFECT","items_purchased":["Capacitor","Consume"],"campfire_rested":2,"item_purchase_floors":[22,22],"current_hp_per_floor":[64,64,64,64,60,58,53,40,40,29,27,52,37,37,37,9,66,55,55,55,35,35,12,29,16,16,0],"gold":559,"neow_bonus":"RANDOM_COMMON_RELIC","is_prod":false,"is_daily":false,"chose_seed":false,"campfire_upgraded":1,"win_rate":0,"timestamp":1554658810,"path_taken":["M","M","?","M","M","E","?","E","T","?","M","R","E","?","R","BOSS","M","?","?","?","$","E","R","M","T","M"],"build_version":"2019-01-23","purchased_purges":1,"victory":false,"max_hp_per_floor":[71,71,71,71,71,85,85,85,85,85,85,85,85,85,85,85,85,85,59,59,59,59,59,59,59,59,59],"card_choices":[{"not_picked":["Darkness","Stack"],"picked":"Ball Lightning","floor":1.0},{"not_picked":["Go for the Eyes","Streamline"],"picked":"Coolheaded","floor":2.0},{"not_picked":["All For One","Streamline"],"picked":"Doom and Gloom","floor":4.0},{"not_picked":["Turbo","Redo"],"picked":"Conserve Battery","floor":5.0},{"not_picked":["Cold Snap","Streamline"],"picked":"FTL","floor":6.0},{"not_picked":["Redo","Sweeping Beam"],"picked":"Gash","floor":7.0},{"not_picked":["Sunder","Reinforced Body"],"picked":"Genetic Algorithm","floor":8.0},{"not_picked":["Coolheaded","Doom and Gloom"],"picked":"Hologram","floor":11.0},{"not_picked":["Beam Cell","Auto Shields"],"picked":"Sunder","floor":12.0},{"not_picked":["Coolheaded","Hologram"],"picked":"Echo Form","floor":13.0},{"not_picked":["Multi-Cast","Creative AI"],"picked":"Echo Form","floor":16.0},{"not_picked":["Lockon","Aggregate+1"],"picked":"Darkness+1","floor":18.0},{"not_picked":["Coolheaded","Consume"],"picked":"Stack","floor":21.0},{"not_picked":["Beam Cell","Amplify"],"picked":"Cold Snap","floor":23.0},{"not_picked":["Steam","Barrage"],"picked":"Coolheaded","floor":25}],"player_experience":764020,"relics_obtained":[{"floor":6.0,"key":"Mango"},{"floor":8.0,"key":"Centennial Puzzle"},{"floor":9.0,"key":"Bottled Flame"},{"floor":13.0,"key":"Bag of Marbles"},{"floor":23.0,"key":"Old Coin"},{"floor":26,"key":"Lantern"}],"event_choices":[{"damage_healed":0.0,"max_hp_gain":0.0,"max_hp_loss":0.0,"gold_gain":0.0,"event_name":"Lab","player_choice":"Got Potions","floor":3.0,"gold_loss":0.0,"damage_taken":0.0},{"damage_healed":0.0,"max_hp_gain":0.0,"max_hp_loss":0.0,"gold_gain":75.0,"event_name":"World of Goop","player_choice":"Gather Gold","floor":10.0,"gold_loss":0.0,"damage_taken":11.0},{"cards_removed":["Strike_B"],"damage_healed":0.0,"max_hp_gain":0.0,"max_hp_loss":0.0,"gold_gain":0.0,"event_name":"The Cleric","player_choice":"Card Removal","floor":14.0,"gold_loss":75.0,"damage_taken":0.0},{"damage_healed":0.0,"max_hp_gain":0.0,"max_hp_loss":26.0,"gold_gain":0.0,"event_name":"Vampires","player_choice":"Became a vampire","floor":19.0,"gold_loss":0.0,"damage_taken":0.0,"cards_obtained":["Bite","Bite","Bite","Bite","Bite"]},{"damage_healed":0.0,"max_hp_gain":0.0,"max_hp_loss":0.0,"gold_gain":0.0,"event_name":"Match and Keep!","player_choice":"1 cards matched","floor":20.0,"gold_loss":0.0,"damage_taken":0.0,"cards_obtained":["Shame"]}],"is_beta":false,"boss_relics":[{"not_picked":["Empty Cage","Tiny House"],"picked":"Velvet Choker"}],"items_purged_floors":[22],"is_endless":false,"potions_floor_spawned":[1,4,5,7,8,18],"killed_by":"Snake Plant","ascension_level":16}