{"path_per_floor":["M","M","?","?","?","E","M","?","T","M","$","M","E","M","R","B",null,"M","M","$","?","M","R","M","?","T","R","M","E","M","$","R","B",null,"M","$","M","M","M","E","?","$","T","M","E","?","M","$","R","B"],"character_chosen":"THE_SILENT","items_purchased":["Toxic Egg 2","Glass Knife","Burning Pact","Finesse","Snake Skull","Pantograph","Kunai","Blue Candle","Flash of Steel","Thread and Needle","Strength Potion","Flex","Oddly Smooth Stone"],"gold_per_floor":[144,189,189,189,189,279,324,324,324,369,41,86,176,221,221,521,611,656,701,53,53,98,98,143,143,168,168,213,303,348,98,98,398,398,443,93,138,183,228,318,369,19,69,114,204,204,249,45,45,45],"floor_reached":51,"campfire_rested":5,"playtime":5377,"current_hp_per_floor":[70,69,62,62,62,38,38,38,44,42,42,36,29,27,49,17,87,66,60,60,60,23,49,18,18,24,51,45,40,38,38,65,75,99,94,94,90,78,74,65,51,51,57,58,57,57,58,58,89,57],"items_purged":["Strike_G"],"gold":45,"score":966,"play_id":"89d12dbb-ab3c-4958-83b5-ce0eb99bd998","local_time":"20180522232129","daily_mods":["Diverse","Cursed Run","Midas"],"is_prod":false,"is_daily":true,"chose_seed":false,"is_ascension_mode":false,"campfire_upgraded":0,"timestamp":1527027689,"campfire_choices":[{"floor":15,"key":"REST"},{"floor":23,"key":"REST"},{"floor":27,"key":"REST"},{"floor":32,"key":"REST"},{"floor":49,"key":"REST"}],"path_taken":["M","M","?","?","?","E","?","?","T","M","$","M","E","M","R","BOSS","M","M","$","?","M","R","?","?","T","R","M","E","?","$","R","BOSS","M","$","M","M","?","E","?","$","T","M","E","?","M","?","R","BOSS"],"build_version":"2018-05-17","seed_source_timestamp":0,"purchased_purges":3,"victory":true,"master_deck":["Defend_G+1","Defend_G","Defend_G","Defend_G","Strike_G","Strike_G","Strike_G","Strike_G","Survivor","Neutralize+1","Armaments+1","Pain","Glass Knife","Limit Break+1","Pain","Barricade","Flex+1","Thunderclap+1","Battle Trance+1","Burning Pact+1","Finesse+1","Dagger Spray","Dash","Parasite","True Grit+1","Infinite Blades+1","Burning Pact+1","Decay","Doppelganger+1","Flash of Steel","Cloak And Dagger+1","Prepared+1","Burst+1","Writhe","Tools of the Trade","Finesse+1","Flex+1","Clumsy"],"max_hp_per_floor":[70,70,70,70,70,70,70,70,76,76,76,76,76,76,76,82,87,87,87,87,87,87,87,87,87,93,93,93,93,93,93,93,99,99,99,99,99,99,99,99,99,99,105,105,105,105,105,105,105,111],"relics":["Cursed Key","Darkstone Periapt","Du-Vu Doll","Ancient Tea Set","Bottled Flame","Toxic Egg 2","The Specimen","Tiny House","Snake Skull","Pantograph","Happy Flower","Anchor","Pen Nib","Kunai","Lizard Tail","Blue Candle","Blood Vial","Gambling Chip","Thread and Needle","Juzu Bracelet","Bronze Scales","Oddly Smooth Stone"],"card_choices":[{"not_picked":["Malaise","Eviscerate","Sword Boomerang"],"picked":"SKIP","floor":1},{"not_picked":["Sentinel","Pommel Strike","Armaments"],"picked":"SKIP","floor":2},{"not_picked":["Outmaneuver","Entrench","Flex"],"picked":"SKIP","floor":6},{"not_picked":["Dual Wield","Burning Pact"],"picked":"Armaments","floor":7},{"not_picked":["Armaments","Sword Boomerang","Bouncing Flask"],"picked":"SKIP","floor":10},{"not_picked":["Corruption","Body Slam"],"picked":"Limit Break+1","floor":12},{"not_picked":["Metallicize","Well Laid Plans","Outmaneuver+1"],"picked":"SKIP","floor":13},{"not_picked":["Bane","Cleave","Sucker Punch"],"picked":"SKIP","floor":14},{"not_picked":["Glass Knife","Double Tap+1"],"picked":"Barricade","floor":16},{"not_picked":["Backstab","Slice"],"picked":"Flex+1","floor":17},{"not_picked":["Quick Slash","Distraction+1"],"picked":"Thunderclap+1","floor":18},{"not_picked":["Disarm+1","Blur+1"],"picked":"Battle Trance+1","floor":19},{"not_picked":["Poisoned Stab+1","Clothesline"],"picked":"Dagger Spray","floor":22},{"not_picked":["Body Slam","Pommel Strike"],"picked":"Dash","floor":24},{"not_picked":["Poisoned Stab","Body Slam"],"picked":"True Grit+1","floor":28},{"not_picked":["Flying Knee","Blood for Blood"],"picked":"Infinite Blades+1","floor":29},{"not_picked":["All Out Attack","Expertise+1"],"picked":"Burning Pact+1","floor":30},{"not_picked":["Double Tap+1","Phantasmal Killer+1"],"picked":"Doppelganger+1","floor":33},{"not_picked":["Rage+1","Dodge and Roll+1","Sword Boomerang+1"],"picked":"SKIP","floor":35},{"not_picked":["Pommel Strike+1","Wild Strike"],"picked":"Cloak And Dagger+1","floor":37},{"not_picked":["Thunderclap+1","Slice"],"picked":"Prepared+1","floor":38},{"not_picked":["Thunderclap+1","Underhanded Strike","Bane"],"picked":"SKIP","floor":39},{"not_picked":["Shrug It Off+1","Bludgeon"],"picked":"Burst+1","floor":40},{"not_picked":["Havoc+1","Outmaneuver+1","Crippling Poison+1"],"picked":"SKIP","floor":44},{"not_picked":["True Grit+1","Heel Hook"],"picked":"Tools of the Trade","floor":45},{"not_picked":["Panacea","Sadistic Nature"],"picked":"Finesse","floor":46},{"not_picked":["Deflect+1","Concentrate+1","Perfected Strike+1"],"picked":"SKIP","floor":47}],"player_experience":240359,"potions_floor_usage":[13,13,16,22,24,28,30,40,41,41,47,47,50],"damage_taken":[{"damage":0,"enemies":"Small Slimes","floor":1,"turns":3},{"damage":1,"enemies":"2 Louse","floor":2,"turns":3},{"damage":24,"enemies":"Lagavulin","floor":6,"turns":10},{"damage":0,"enemies":"Cultist","floor":7,"turns":4},{"damage":2,"enemies":"Large Slime","floor":10,"turns":5},{"damage":6,"enemies":"Looter","floor":12,"turns":2},{"damage":29,"enemies":"Gremlin Nob","floor":13,"turns":4},{"damage":2,"enemies":"Blue Slaver","floor":14,"turns":3},{"damage":38,"enemies":"Slime Boss","floor":16,"turns":9},{"damage":21,"enemies":"3 Byrds","floor":18,"turns":6},{"damage":6,"enemies":"Shell Parasite","floor":19,"turns":4},{"damage":37,"enemies":"Centurion and Healer","floor":22,"turns":6},{"damage":31,"enemies":"Snecko","floor":24,"turns":6},{"damage":15,"enemies":"3 Cultists","floor":28,"turns":3},{"damage":5,"enemies":"Book of Stabbing","floor":29,"turns":3},{"damage":2,"enemies":"Snake Plant","floor":30,"turns":3},{"damage":21,"enemies":"Automaton","floor":33,"turns":7},{"damage":5,"enemies":"3 Darklings","floor":35,"turns":5},{"damage":4,"enemies":"3 Shapes","floor":37,"turns":2},{"damage":12,"enemies":"Sphere and 2 Shapes","floor":38,"turns":4},{"damage":4,"enemies":"Maw","floor":39,"turns":6},{"damage":9,"enemies":"2 Orb Walkers","floor":40,"turns":3},{"damage":16,"enemies":"Mysterious Sphere","floor":41,"turns":6},{"damage":1,"enemies":"3 Darklings","floor":44,"turns":2},{"damage":3,"enemies":"Nemesis","floor":45,"turns":5},{"damage":1,"enemies":"4 Shapes","floor":47,"turns":3},{"damage":54,"enemies":"Time Eater","floor":50,"turns":8}],"relics_obtained":[{"floor":6,"key":"Ancient Tea Set"},{"floor":9,"key":"Bottled Flame"},{"floor":13,"key":"The Specimen"},{"floor":26,"key":"Anchor"},{"floor":29,"key":"Pen Nib"},{"floor":40,"key":"Blood Vial"},{"floor":41,"key":"Gambling Chip"},{"floor":43,"key":"Juzu Bracelet"},{"floor":45,"key":"Bronze Scales"}],"event_choices":[{"event_name":"Golden Wing","player_choice":"Card Removal","floor":3,"damage_taken":0},{"event_name":"Upgrade Shrine","player_choice":"Upgraded","floor":4,"damage_taken":0},{"event_name":"Liars Game","player_choice":"disagreed","floor":5,"damage_taken":0},{"event_name":"Accursed Blacksmith","player_choice":"Forge","floor":8,"damage_taken":0},{"event_name":"N\u0027loth","player_choice":"Ignored","floor":21,"damage_taken":0},{"event_name":"The Mausoleum","player_choice":"Yes","floor":25,"damage_taken":0},{"event_name":"Mysterious Sphere","player_choice":"Fight","floor":41,"damage_taken":0},{"event_name":"SensoryStone","player_choice":"Memory 1","floor":46,"damage_taken":0}],"boss_relics":[{"not_picked":["Runic Dome","Calling Bell"],"picked":"Tiny House"},{"not_picked":["Pandora\u0027s Box","Runic Pyramid"],"picked":"Lizard Tail"}],"potions_floor_spawned":[1,6,14,16,19,22,24,29,35,38,40,44],"seed_played":"-8577527438372817843","ascension_level":0,"potions_obtained":[{"floor":1,"key":"Regen Potion"},{"floor":6,"key":"Regen Potion"},{"floor":14,"key":"Fire Potion"},{"floor":16,"key":"Explosive Potion"},{"floor":17,"key":"PowerPotion"},{"floor":19,"key":"Fire Potion"},{"floor":22,"key":"SteroidPotion"},{"floor":24,"key":"Regen Potion"},{"floor":29,"key":"SkillPotion"},{"floor":35,"key":"Explosive Potion"},{"floor":38,"key":"Block Potion"},{"floor":40,"key":"SneckoOil"},{"floor":44,"key":"Fire Potion"}],"is_trial":false}