{"gold_per_floor":[118,138,149,149,165,191,203,233,233,233,233,259,259],"floor_reached":13,"playtime":1551,"items_purged":[],"score":158,"play_id":"c8b4a4ea-7d31-4113-b014-ce000a3614ff","local_time":"20190311221831","is_ascension_mode":true,"campfire_choices":[{"floor":11,"key":"REST"}],"neow_cost":"NONE","seed_source_timestamp":261804099262185,"circlet_count":0,"master_deck":["AscendersBane","Defend_G","Defend_G","Defend_G+1","Defend_G","Defend_G","Strike_G","Strike_G","Strike_G","Strike_G+1","Strike_G","Survivor","Neutralize","Deflect","Dash","Predator","Dodge and Roll","Flying Knee","Dagger Spray","Blur"],"relics":["Ring of the Snake","Orichalcum","Ice Cream","Nunchaku","Tingsha"],"potions_floor_usage":[2,6,12,12],"damage_taken":[{"damage":0,"enemies":"Cultist","floor":1,"turns":4},{"damage":2,"enemies":"2 Louse","floor":2,"turns":5},{"damage":0,"enemies":"Small Slimes","floor":3,"turns":4},{"damage":0,"enemies":"Gremlin Gang","floor":5,"turns":5},{"damage":28,"enemies":"Gremlin Nob","floor":6,"turns":6},{"damage":2,"enemies":"2 Fungi Beasts","floor":7,"turns":5},{"damage":25,"enemies":"3 Sentries","floor":8,"turns":10},{"damage":19,"enemies":"Gremlin Nob","floor":12,"turns":4},{"damage":16,"enemies":"3 Sentries","floor":13,"turns":8}],"seed_played":"5615412518973194882","potions_obtained":[{"floor":0,"key":"FairyPotion"},{"floor":0,"key":"Fruit Juice"},{"floor":0,"key":"FairyPotion"},{"floor":2,"key":"Weak Potion"},{"floor":5,"key":"GamblersBrew"},{"floor":7,"key":"GamblersBrew"}],"is_trial":false,"path_per_floor":["M","M","M","?","M","E","M","E","T","?","R","E","?"],"character_chosen":"THE_SILENT","items_purchased":[],"campfire_rested":1,"item_purchase_floors":[],"current_hp_per_floor":[63,66,66,71,71,43,41,16,16,8,32,13,0],"gold":259,"neow_bonus":"THREE_SMALL_POTIONS","is_prod":false,"is_daily":false,"chose_seed":false,"campfire_upgraded":0,"win_rate":0,"timestamp":1552342711,"path_taken":["M","M","M","?","M","E","M","E","T","?","R","E","?"],"build_version":"2019-01-23","purchased_purges":0,"victory":false,"max_hp_per_floor":[70,75,75,80,80,80,80,80,80,80,80,80,80],"card_choices":[{"not_picked":["Blade Dance","Outmaneuver"],"picked":"Deflect","floor":1},{"not_picked":["Poisoned Stab","Bane"],"picked":"Dash","floor":2},{"not_picked":["Cloak And Dagger","Blade Dance"],"picked":"Predator","floor":3},{"not_picked":["Deflect","Distraction"],"picked":"Dodge and Roll","floor":5},{"not_picked":["Flechettes","Outmaneuver"],"picked":"Flying Knee","floor":6},{"not_picked":["Doppelganger","Concentrate","Underhanded Strike"],"picked":"SKIP","floor":7},{"not_picked":["Heel Hook","Bouncing Flask"],"picked":"Dagger Spray","floor":8},{"not_picked":["Acrobatics","Malaise"],"picked":"Blur","floor":12}],"player_experience":613247,"relics_obtained":[{"floor":6,"key":"Orichalcum"},{"floor":8,"key":"Ice Cream"},{"floor":9,"key":"Nunchaku"},{"floor":12,"key":"Tingsha"}],"event_choices":[{"damage_healed":0,"gold_gain":0,"player_choice":"Donut","damage_taken":0,"max_hp_gain":5,"max_hp_loss":0,"event_name":"Big Fish","floor":4,"gold_loss":0},{"damage_healed":0,"gold_gain":0,"player_choice":"Entered Light","damage_taken":16,"max_hp_gain":0,"max_hp_loss":0,"event_name":"Shining Light","floor":10,"gold_loss":0,"cards_upgraded":["Defend_G","Strike_G"]},{"damage_healed":0,"gold_gain":0,"player_choice":"Searched \u00271\u0027 times","damage_taken":0,"max_hp_gain":0,"max_hp_loss":0,"event_name":"Dead Adventurer","floor":13,"gold_loss":0}],"is_beta":false,"boss_relics":[],"items_purged_floors":[],"is_endless":false,"potions_floor_spawned":[2,5,7],"killed_by":"3 Sentries","ascension_level":10}