{"gold_per_floor":[110,120,135,151,166,166,181,212,212,229,229,229,159,174,174,274,274,291,308,340,359,359,359],"floor_reached":23,"playtime":2671,"items_purged":[],"score":197,"play_id":"d7553367-1855-4231-b384-ac90d7e8d2cb","local_time":"20190107103623","is_ascension_mode":false,"campfire_choices":[{"data":"Zap","floor":6,"key":"SMITH"},{"data":"Dualcast","floor":11,"key":"SMITH"},{"floor":15,"key":"RECALL"}],"neow_cost":"NONE","seed_source_timestamp":727141168100550,"circlet_count":0,"master_deck":["Strike_B","Strike_B","Strike_B","Strike_B","Defend_B","Defend_B","Defend_B","Defend_B","Zap+1","Dualcast+1","Leap","Gash","Seek","Go for the Eyes","Ball Lightning","Sweeping Beam","BootSequence","Auto Shields","Bandage Up","Auto Shields","Hologram","Amplify","Doom and Gloom","Streamline+1","Streamline"],"relics":["Cracked Core","Dream Catcher","Mummified Hand","Snecko Eye","Red Mask"],"potions_floor_usage":[14,16,16,21,21],"damage_taken":[{"damage":1,"enemies":"Cultist","floor":1,"turns":4},{"damage":2,"enemies":"2 Louse","floor":2,"turns":3},{"damage":0,"enemies":"Jaw Worm","floor":3,"turns":3},{"damage":1,"enemies":"Looter","floor":4,"turns":2},{"damage":7,"enemies":"3 Louse","floor":5,"turns":3},{"damage":5,"enemies":"Lots of Slimes","floor":7,"turns":4},{"damage":22,"enemies":"Lagavulin","floor":8,"turns":7},{"damage":1,"enemies":"Exordium Thugs","floor":10,"turns":3},{"damage":2,"enemies":"Large Slime","floor":14,"turns":6},{"damage":36,"enemies":"Slime Boss","floor":16,"turns":15},{"damage":1,"enemies":"Shell Parasite","floor":18,"turns":8},{"damage":13,"enemies":"3 Byrds","floor":19,"turns":5},{"damage":0,"enemies":"Masked Bandits","floor":20,"turns":3},{"damage":28,"enemies":"Sentry and Sphere","floor":21,"turns":7},{"damage":3,"enemies":"Colosseum Slavers","floor":22,"turns":3},{"damage":44,"enemies":"Slavers","floor":23,"turns":3}],"seed_played":"-99195339795777370","potions_obtained":[{"floor":1,"key":"Energy Potion"},{"floor":5,"key":"Regen Potion"},{"floor":8,"key":"Swift Potion"},{"floor":10,"key":"EssenceOfSteel"},{"floor":14,"key":"Weak Potion"},{"floor":19,"key":"Dexterity Potion"}],"is_trial":false,"path_per_floor":["M","M","M","M","M","R","M","E","T","M","R","?","$","M","R","B",null,"M","M","?","M","?","E"],"character_chosen":"DEFECT","items_purchased":["Auto Shields"],"campfire_rested":0,"item_purchase_floors":[13],"current_hp_per_floor":[74,72,72,71,64,64,59,37,37,36,36,36,36,50,50,18,75,74,65,65,41,38,0],"gold":359,"neow_bonus":"RANDOM_COMMON_RELIC","is_prod":false,"is_daily":false,"chose_seed":false,"campfire_upgraded":2,"win_rate":0,"timestamp":1546857383,"path_taken":["M","M","?","M","M","R","M","E","T","M","R","?","?","M","R","BOSS","M","M","?","M","?","E"],"build_version":"2019-01-03v4","purchased_purges":0,"victory":false,"max_hp_per_floor":[75,75,75,75,75,75,75,75,75,75,75,75,75,75,75,75,75,75,75,75,75,75,75],"card_choices":[{"not_picked":["FTL","Ball Lightning"],"picked":"Leap","floor":1},{"not_picked":["Leap","Ball Lightning"],"picked":"Gash","floor":2},{"not_picked":["Genetic Algorithm","FTL"],"picked":"Seek","floor":3},{"not_picked":["Streamline","Hello World"],"picked":"Go for the Eyes","floor":4},{"not_picked":["Go for the Eyes","Cold Snap","Compile Driver"],"picked":"SKIP","floor":5},{"not_picked":["Loop","Barrage"],"picked":"Ball Lightning","floor":7},{"not_picked":["Redo","Cold Snap"],"picked":"Sweeping Beam","floor":8},{"not_picked":["Rebound","Redo"],"picked":"BootSequence","floor":10},{"not_picked":["Heatsinks","Chill"],"picked":"Hologram","floor":14},{"not_picked":["Thunder Strike","Seek"],"picked":"Amplify","floor":16},{"not_picked":["Compile Driver+1","Steam"],"picked":"Doom and Gloom","floor":18},{"not_picked":["Turbo","Rebound","Go for the Eyes"],"picked":"SKIP","floor":19},{"not_picked":["Chill","Defragment"],"picked":"Streamline+1","floor":20},{"not_picked":["Reprogram","Coolheaded"],"picked":"Streamline","floor":21}],"player_experience":457502,"relics_obtained":[{"floor":8,"key":"Mummified Hand"},{"floor":20,"key":"Red Mask"}],"event_choices":[{"damage_healed":0,"gold_gain":0,"player_choice":"2 cards matched","damage_taken":0,"max_hp_gain":0,"max_hp_loss":0,"event_name":"Match and Keep!","floor":12,"gold_loss":0,"cards_obtained":["Auto Shields","Bandage Up"]},{"damage_healed":0,"gold_gain":0,"player_choice":"Fought Bandits","damage_taken":0,"max_hp_gain":0,"max_hp_loss":0,"event_name":"Masked Bandits","floor":20,"gold_loss":0},{"damage_healed":0,"gold_gain":0,"player_choice":"Fight","damage_taken":0,"max_hp_gain":0,"max_hp_loss":0,"event_name":"Colosseum","floor":22,"gold_loss":0},{"damage_healed":0,"gold_gain":0,"player_choice":"Fled From Nobs","damage_taken":0,"max_hp_gain":0,"max_hp_loss":0,"event_name":"Colosseum","floor":22,"gold_loss":0}],"is_beta":false,"boss_relics":[{"not_picked":["Empty Cage","Black Star"],"picked":"Snecko Eye"}],"items_purged_floors":[],"is_endless":false,"potions_floor_spawned":[1,5,8,10,14,19,22],"killed_by":"Slavers","ascension_level":0}