{"gold_per_floor":[111,261,241,251,251,251,277,277,300,311,311,340,340,374,374,448,448,460,474,499,499,509,544,544,544,544,544,312,312,340,265,265,339,339,359,273,373,384,403,403,438,456,479,101,101,101,115,131,131,131],"floor_reached":51,"playtime":3747,"items_purged":["Regret","Decay"],"score":1306,"play_id":"24d89783-b39b-4194-acf1-e81a2d566e7c","local_time":"20190816195539","is_ascension_mode":true,"campfire_choices":[{"data":"Defragment","floor":6.0,"key":"SMITH"},{"floor":13.0,"key":"REST"},{"floor":15.0,"key":"REST"},{"floor":24.0,"key":"REST"},{"data":"Hologram","floor":27.0,"key":"SMITH"},{"data":"Biased Cognition","floor":29.0,"key":"SMITH"},{"data":"Defragment","floor":32.0,"key":"SMITH"},{"data":"Capacitor","floor":40,"key":"SMITH"},{"floor":45,"key":"REST"},{"data":"Biased Cognition","floor":49,"key":"SMITH"}],"neow_cost":"NONE","seed_source_timestamp":190105599708100,"circlet_count":0,"master_deck":["AscendersBane","Defend_B","Defend_B","Defend_B","Defend_B","Zap","Dualcast","Defragment+1","Sunder+1","Go for the Eyes","White Noise","Ball Lightning+1","Biased Cognition+1","Sweeping Beam","Hologram+1","Defragment+1","Undo","Bite","Bite","Bite+1","Bite","Cold Snap","Biased Cognition+1","Capacitor+1","Defragment+1","Glacier+1"],"special_seed":0,"relics":["Cracked Core","Strawberry","Shuriken","Oddly Smooth Stone","Cables","PreservedInsect","Cursed Key","Red Mask","Question Card","Bag of Marbles","Bag of Preparation","Ancient Tea Set","Busted Crown","Incense Burner","StoneCalendar","Whetstone","Mercury Hourglass"],"potions_floor_usage":[50,50],"damage_taken":[{"damage":4.0,"enemies":"Jaw Worm","floor":1.0,"turns":3.0},{"damage":9.0,"enemies":"Small Slimes","floor":4.0,"turns":3.0},{"damage":26.0,"enemies":"Lagavulin","floor":7.0,"turns":6.0},{"damage":0.0,"enemies":"Cultist","floor":10.0,"turns":3.0},{"damage":16.0,"enemies":"3 Sentries","floor":12.0,"turns":7.0},{"damage":29.0,"enemies":"Lagavulin","floor":14.0,"turns":5.0},{"damage":26.0,"enemies":"Hexaghost","floor":16.0,"turns":8.0},{"damage":22.0,"enemies":"2 Thieves","floor":18.0,"turns":3.0},{"damage":0.0,"enemies":"Spheric Guardian","floor":19.0,"turns":3.0},{"damage":0.0,"enemies":"Masked Bandits","floor":20.0,"turns":2.0},{"damage":21.0,"enemies":"Cultist and Chosen","floor":22.0,"turns":5.0},{"damage":14.0,"enemies":"Gremlin Leader","floor":23.0,"turns":5.0},{"damage":6.0,"enemies":"Slavers","floor":30.0,"turns":2.0},{"damage":18.0,"enemies":"Champ","floor":33.0,"turns":11.0},{"damage":0.0,"enemies":"Orb Walker","floor":35.0,"turns":3.0},{"damage":30.0,"enemies":"Mind Bloom Boss Battle","floor":37.0,"turns":6.0},{"damage":18,"enemies":"3 Darklings","floor":38,"turns":3},{"damage":2,"enemies":"4 Shapes","floor":39,"turns":4},{"damage":17,"enemies":"Giant Head","floor":41,"turns":7},{"damage":11,"enemies":"Spire Growth","floor":42,"turns":4},{"damage":13,"enemies":"Writhing Mass","floor":47,"turns":4},{"damage":3,"enemies":"Transient","floor":48,"turns":6},{"damage":18,"enemies":"Time Eater","floor":50,"turns":10}],"seed_played":"6301194474493484034","potions_obtained":[{"floor":3.0,"key":"SkillPotion"},{"floor":4.0,"key":"AttackPotion"},{"floor":7.0,"key":"Dexterity Potion"},{"floor":8.0,"key":"EntropicBrew"},{"floor":12.0,"key":"Poison Potion"},{"floor":18.0,"key":"Weak Potion"},{"floor":22.0,"key":"PowerPotion"},{"floor":33.0,"key":"PowerPotion"},{"floor":37.0,"key":"Dexterity Potion"}],"is_trial":false,"path_per_floor":["M","?","?","M","?","R","E","?","T","M","?","E","R","E","R","B",null,"M","M","?","?","M","E","R","?","T","R","$","R","E","?","R","B",null,"M","$","?","M","M","R","E","M","T","$","R","?","M","M","R","B",null],"character_chosen":"DEFECT","items_purchased":["Bag of Preparation","Capacitor","Mercury Hourglass"],"campfire_rested":4,"item_purchase_floors":[28,36,44],"current_hp_per_floor":[60,60,60,51,53,53,27,27,27,27,27,11,34,5,28,2,59,37,37,37,37,16,2,25,25,25,25,25,25,25,25,25,23,46,46,46,32,22,24,24,17,14,14,14,30,30,21,32,32,25],"gold":131,"neow_bonus":"THREE_CARDS","is_prod":false,"is_daily":false,"chose_seed":false,"campfire_upgraded":6,"win_rate":0,"timestamp":1566010539,"path_taken":["M","?","?","?","?","R","E","?","T","?","?","E","R","E","R","BOSS","M","M","?","?","?","E","R","?","T","R","$","R","E","?","R","BOSS","M","$","?","M","M","R","E","M","T","$","R","?","?","M","R","BOSS"],"build_version":"2019-07-17","purchased_purges":2,"victory":true,"max_hp_per_floor":[71,71,71,71,78,78,78,78,78,78,78,78,78,78,78,78,78,78,78,78,78,78,78,78,54,54,54,54,54,54,54,54,54,54,54,54,54,54,54,54,54,54,54,54,54,54,54,54,54,54],"card_choices":[{"not_picked":["Stack","Consume"],"picked":"Defragment","floor":0.0},{"not_picked":["Ball Lightning","Force Field","Auto Shields"],"picked":"SKIP","floor":1.0},{"not_picked":["Stack","Compile Driver","Rebound"],"picked":"SKIP","floor":4.0},{"not_picked":["Leap","Reboot"],"picked":"Sunder","floor":7.0},{"not_picked":["Redo","Skim"],"picked":"Go for the Eyes","floor":10.0},{"not_picked":["Stack","Leap"],"picked":"White Noise","floor":12.0},{"not_picked":["Redo","Blizzard"],"picked":"Ball Lightning","floor":14.0},{"not_picked":["Fission","Machine Learning"],"picked":"Biased Cognition","floor":16.0},{"not_picked":["Beam Cell","Redo"],"picked":"Sweeping Beam","floor":18.0},{"not_picked":["Rip and Tear+1","Blizzard"],"picked":"Hologram","floor":19.0},{"not_picked":["Rebound","Melter"],"picked":"Defragment","floor":20.0},{"not_picked":["Steam Power","Melter+1","Leap"],"picked":"SKIP","floor":22.0},{"not_picked":["Hello World+1","Redo"],"picked":"Undo","floor":23.0},{"not_picked":["Skim","Core Surge","Meteor Strike"],"picked":"Cold Snap","floor":30.0},{"not_picked":["Rainbow","Echo Form","Core Surge"],"picked":"Biased Cognition","floor":33.0},{"not_picked":["Hologram","Redo"],"picked":"SKIP","floor":35.0},{"not_picked":["Streamline"],"picked":"Defragment+1","floor":37.0},{"not_picked":["Melter","Defragment"],"picked":"SKIP","floor":38},{"not_picked":["Go for the Eyes","Undo"],"picked":"SKIP","floor":39},{"not_picked":["Blizzard","Sunder"],"picked":"SKIP","floor":41},{"not_picked":["Double Energy"],"picked":"Glacier+1","floor":42},{"not_picked":["Redo","Rebound"],"picked":"SKIP","floor":47},{"not_picked":["Reprogram","Heatsinks"],"picked":"SKIP","floor":48}],"player_experience":668371,"relics_obtained":[{"floor":7.0,"key":"Shuriken"},{"floor":9.0,"key":"Oddly Smooth Stone"},{"floor":12.0,"key":"Cables"},{"floor":14.0,"key":"PreservedInsect"},{"floor":20.0,"key":"Red Mask"},{"floor":23.0,"key":"Question Card"},{"floor":26.0,"key":"Bag of Marbles"},{"floor":30.0,"key":"Ancient Tea Set"},{"floor":37.0,"key":"Incense Burner"},{"floor":41,"key":"StoneCalendar"},{"floor":43,"key":"Whetstone"}],"event_choices":[{"damage_healed":0.0,"max_hp_gain":0.0,"max_hp_loss":0.0,"gold_gain":150.0,"event_name":"Liars Game","player_choice":"AGREE","floor":2.0,"gold_loss":0.0,"damage_taken":0.0,"cards_obtained":["Doubt"]},{"damage_healed":0.0,"max_hp_gain":0.0,"max_hp_loss":0.0,"gold_gain":0.0,"event_name":"The Woman in Blue","player_choice":"Bought 1 Potion","floor":3.0,"gold_loss":0.0,"damage_taken":0.0},{"damage_healed":0.0,"max_hp_gain":0.0,"max_hp_loss":0.0,"gold_gain":0.0,"event_name":"Scrap Ooze","player_choice":"Success","floor":5.0,"gold_loss":0.0,"damage_taken":5.0,"relics_obtained":["Strawberry"]},{"damage_healed":0.0,"max_hp_gain":0.0,"max_hp_loss":0.0,"gold_gain":0.0,"event_name":"Lab","player_choice":"Got Potions","floor":8.0,"gold_loss":0.0,"damage_taken":0.0},{"damage_healed":0.0,"max_hp_gain":0.0,"max_hp_loss":0.0,"gold_gain":0.0,"event_name":"Living Wall","player_choice":"Grow","floor":11.0,"gold_loss":0.0,"damage_taken":0.0,"cards_upgraded":["Sunder"]},{"damage_healed":0.0,"max_hp_gain":0.0,"max_hp_loss":0.0,"gold_gain":0.0,"event_name":"Masked Bandits","player_choice":"Fought Bandits","floor":20.0,"gold_loss":0.0,"damage_taken":0.0},{"damage_healed":0.0,"max_hp_gain":0.0,"max_hp_loss":0.0,"gold_gain":0.0,"event_name":"N\u0027loth","player_choice":"Ignored","floor":21.0,"gold_loss":0.0,"damage_taken":0.0},{"damage_healed":0.0,"max_hp_gain":0.0,"max_hp_loss":24.0,"gold_gain":0.0,"event_name":"Vampires","player_choice":"Became a vampire","floor":25.0,"gold_loss":0.0,"damage_taken":0.0,"cards_obtained":["Bite","Bite","Bite","Bite","Bite"]},{"cards_removed":["Doubt"],"damage_healed":0.0,"max_hp_gain":0.0,"max_hp_loss":0.0,"gold_gain":0.0,"event_name":"Beggar","player_choice":"Gave Gold","floor":31.0,"gold_loss":75.0,"damage_taken":0.0},{"damage_healed":0.0,"max_hp_gain":0.0,"max_hp_loss":0.0,"gold_gain":0.0,"event_name":"MindBloom","player_choice":"Fight","floor":37.0,"gold_loss":0.0,"damage_taken":0.0},{"cards_removed":["Bite"],"damage_healed":0,"gold_gain":0,"player_choice":"Removed Attack","damage_taken":0,"max_hp_gain":0,"max_hp_loss":0,"event_name":"Falling","floor":46,"gold_loss":0}],"is_beta":false,"boss_relics":[{"not_picked":["Empty Cage","Pandora\u0027s Box"],"picked":"Cursed Key"},{"not_picked":["FrozenCore","Tiny House"],"picked":"Busted Crown"}],"items_purged_floors":[28,44],"is_endless":false,"potions_floor_spawned":[4,7,12,18,22,33,37,39,42],"ascension_level":17}