{"gold_per_floor":[112,122,139,214,179,179,205,205,255,273,289,319,319,319,319,319],"floor_reached":16,"playtime":2141,"items_purged":[],"score":176,"play_id":"77d5ce35-360c-403f-9a20-f0c1d72e93c6","local_time":"20190323184903","is_ascension_mode":true,"campfire_choices":[{"data":"Bash","floor":6.0,"key":"SMITH"},{"data":"Armaments","floor":8,"key":"SMITH"},{"data":"Body Slam","floor":13,"key":"SMITH"},{"data":"Heavy Blade","floor":15,"key":"SMITH"}],"neow_cost":"NONE","seed_source_timestamp":0,"circlet_count":0,"master_deck":["AscendersBane","Strike_R+1","Strike_R","Strike_R","Strike_R","Strike_R","Defend_R","Defend_R","Defend_R","Defend_R","Bash+1","Heavy Blade+1","Corruption","Inflame","Armaments+1","Twin Strike+1","True Grit","Body Slam+1"],"special_seed":0,"relics":["Burning Blood","Bronze Scales","Lantern","Strawberry","Whetstone","Shuriken"],"potions_floor_usage":[12,16],"damage_taken":[{"damage":0.0,"enemies":"2 Louse","floor":1.0,"turns":4.0},{"damage":12.0,"enemies":"Small Slimes","floor":2.0,"turns":3.0},{"damage":7.0,"enemies":"Jaw Worm","floor":3.0,"turns":3.0},{"damage":35,"enemies":"Gremlin Nob","floor":7,"turns":5},{"damage":11,"enemies":"Looter","floor":10,"turns":2},{"damage":10,"enemies":"Large Slime","floor":11,"turns":5},{"damage":22,"enemies":"Lagavulin","floor":12,"turns":6},{"damage":34,"enemies":"The Guardian","floor":16,"turns":10}],"seed_played":"641202293145650193","potions_obtained":[{"floor":1.0,"key":"LiquidBronze"},{"floor":2.0,"key":"AttackPotion"},{"floor":11,"key":"PowerPotion"}],"is_trial":false,"path_per_floor":["M","M","M","?","?","R","E","R","T","M","M","E","R","T","R","B"],"character_chosen":"IRONCLAD","items_purchased":[],"campfire_rested":0,"item_purchase_floors":[],"current_hp_per_floor":[78,72,71,60,80,80,51,51,58,53,49,33,33,33,33,0],"gold":319,"neow_bonus":"RANDOM_COMMON_RELIC","is_prod":false,"is_daily":false,"chose_seed":false,"campfire_upgraded":4,"win_rate":0,"timestamp":1553366943,"path_taken":["M","M","M","?","?","R","E","R","T","M","M","E","R","?","R","BOSS"],"build_version":"2019-01-23","purchased_purges":0,"victory":false,"max_hp_per_floor":[80,80,80,80,80,80,80,80,87,87,87,87,87,87,87,87],"card_choices":[{"not_picked":["Blood for Blood","Havoc"],"picked":"Heavy Blade","floor":1.0},{"not_picked":["Pommel Strike","Hemokinesis"],"picked":"Corruption","floor":2.0},{"not_picked":["Fire Breathing","Havoc"],"picked":"Inflame","floor":3.0},{"not_picked":["Dual Wield","True Grit"],"picked":"Armaments","floor":7},{"not_picked":["Perfected Strike","Heavy Blade"],"picked":"Twin Strike","floor":10},{"not_picked":["Combust","Armaments"],"picked":"True Grit","floor":11},{"not_picked":["Corruption","Armaments"],"picked":"Body Slam","floor":12}],"player_experience":664000,"relics_obtained":[{"floor":7,"key":"Lantern"},{"floor":9,"key":"Strawberry"},{"floor":12,"key":"Whetstone"},{"floor":14,"key":"Shuriken"}],"event_choices":[{"damage_healed":0.0,"max_hp_gain":0.0,"max_hp_loss":0.0,"gold_gain":75.0,"event_name":"World of Goop","player_choice":"Gather Gold","floor":4.0,"gold_loss":0.0,"damage_taken":11.0},{"damage_healed":20.0,"max_hp_gain":0.0,"max_hp_loss":0.0,"gold_gain":0.0,"event_name":"The Cleric","player_choice":"Healed","floor":5.0,"gold_loss":35.0,"damage_taken":0.0}],"is_beta":false,"boss_relics":[],"items_purged_floors":[],"is_endless":false,"potions_floor_spawned":[1,2,11],"killed_by":"The Guardian","ascension_level":12}