{"gold_per_floor":[113,130,140,54,54,86,86,120,120,120,45,73,73,73,73,73],"floor_reached":16,"playtime":814,"items_purged":["Strike_R"],"score":232,"play_id":"c68a0cdb-ca4e-4e2a-8448-822f78277603","local_time":"20190513205213","is_ascension_mode":true,"campfire_choices":[{"data":"Bash","floor":7,"key":"SMITH"},{"floor":10,"key":"REST"},{"data":"Clothesline","floor":15,"key":"SMITH"}],"neow_cost":"NONE","seed_source_timestamp":166799264332517,"circlet_count":0,"master_deck":["AscendersBane","Strike_R","Strike_R","Strike_R","Strike_R","Defend_R","Defend_R","Defend_R","Defend_R","Bash+1","Impatience","Pommel Strike","Disarm+1","Feel No Pain","Feed","Shrug It Off","Clothesline+1","Headbutt"],"relics":["Burning Blood","Paper Frog","Question Card","Kunai","Oddly Smooth Stone"],"potions_floor_usage":[8],"damage_taken":[{"damage":5,"enemies":"2 Louse","floor":1,"turns":4},{"damage":7,"enemies":"Jaw Worm","floor":2,"turns":3},{"damage":0,"enemies":"Small Slimes","floor":3,"turns":4},{"damage":30,"enemies":"3 Sentries","floor":6,"turns":17},{"damage":28,"enemies":"Gremlin Nob","floor":8,"turns":4},{"damage":39,"enemies":"Lagavulin","floor":12,"turns":7},{"damage":51,"enemies":"The Guardian","floor":16,"turns":9}],"seed_played":"2157083373582756989","potions_obtained":[{"floor":1,"key":"Poison Potion"}],"is_trial":false,"path_per_floor":["M","M","M","$","?","E","R","E","T","R","$","E","$","?","R","B"],"character_chosen":"IRONCLAD","items_purchased":["Feed"],"campfire_rested":1,"item_purchase_floors":[4],"current_hp_per_floor":[69,68,74,74,79,58,58,36,36,60,60,27,27,27,27,0],"gold":73,"neow_bonus":"RANDOM_COLORLESS","is_prod":false,"is_daily":false,"chose_seed":false,"campfire_upgraded":2,"win_rate":0,"timestamp":1557777133,"path_taken":["M","M","M","$","?","E","R","E","T","R","?","E","$","?","R","BOSS"],"build_version":"2019-01-23","purchased_purges":1,"victory":false,"max_hp_per_floor":[75,75,75,75,80,83,83,83,83,83,83,83,83,83,83,83],"card_choices":[{"not_picked":["Wild Strike","Clash"],"picked":"Pommel Strike","floor":1},{"not_picked":["Entrench","Shockwave"],"picked":"Disarm","floor":2},{"not_picked":["Intimidate","Flex"],"picked":"Feel No Pain","floor":3},{"not_picked":["Burning Pact","Heavy Blade"],"picked":"Shrug It Off","floor":6},{"not_picked":["Infernal Blade","Disarm"],"picked":"Clothesline","floor":8},{"not_picked":["Clash","Clothesline","Twin Strike"],"picked":"Headbutt","floor":12}],"player_experience":961355,"relics_obtained":[{"floor":6,"key":"Paper Frog"},{"floor":8,"key":"Question Card"},{"floor":9,"key":"Kunai"},{"floor":12,"key":"Oddly Smooth Stone"}],"event_choices":[{"damage_healed":0,"gold_gain":0,"player_choice":"Donut","damage_taken":0,"max_hp_gain":5,"max_hp_loss":0,"event_name":"Big Fish","floor":5,"gold_loss":0},{"damage_healed":0,"gold_gain":0,"player_choice":"Upgraded","damage_taken":0,"max_hp_gain":0,"max_hp_loss":0,"event_name":"Upgrade Shrine","floor":14,"gold_loss":0,"cards_upgraded":["Disarm"]}],"is_beta":false,"boss_relics":[],"items_purged_floors":[11],"is_endless":false,"potions_floor_spawned":[1],"killed_by":"The Guardian","ascension_level":20}