{"gold_per_floor":[110,127,147,147,165,165,199,199,199,210,210,210,240,251,251,330,330,341,16,90,5,5,5,18,18,94,107,119,19,34,45,45,117,117,129,149,24,24,24,24,38,38,65,76,94,94,114,125,125,125],"floor_reached":51,"playtime":3754,"items_purged":["Strike_G","Pain","Strike_G"],"score":1103,"play_id":"342dce94-f8dd-45c0-aab5-7d244bb78284","local_time":"20190407180750","is_ascension_mode":true,"campfire_choices":[{"data":"Noxious Fumes","floor":6.0,"key":"SMITH"},{"data":"Flechettes","floor":8.0,"key":"SMITH"},{"data":"Neutralize","floor":12.0,"key":"SMITH"},{"floor":15.0,"key":"REST"},{"data":"Night Terror","floor":23.0,"key":"SMITH"},{"floor":25.0,"key":"REST"},{"floor":32.0,"key":"REST"},{"data":"Catalyst","floor":40.0,"key":"SMITH"},{"data":"Burst","floor":46.0,"key":"SMITH"},{"floor":49.0,"key":"REST"}],"neow_cost":"TEN_PERCENT_HP_LOSS","seed_source_timestamp":842282928196606,"circlet_count":0,"master_deck":["AscendersBane","Defend_G","Defend_G","Defend_G","Defend_G","Defend_G","Strike_G","Strike_G","Survivor","Neutralize+1","Die Die Die","Noxious Fumes+1","PiercingWail","Backflip","Flechettes+1","Deflect","Catalyst+1","Skewer","Night Terror+1","Noxious Fumes","Dodge and Roll","Leg Sweep","Burst+1","Cloak And Dagger+1","Dodge and Roll+1","Footwork","Prepared+1","Escape Plan","Well Laid Plans+1"],"special_seed":0,"relics":["Ring of the Snake","CultistMask","Oddly Smooth Stone","Regal Pillow","Darkstone Periapt","Gremlin Horn","Philosopher\u0027s Stone","Anchor","Bottled Flame","Matryoshka","WarpedTongs","Orichalcum","Tiny Chest","Sozu","Bronze Scales","Potion Belt"],"potions_floor_usage":[],"damage_taken":[{"damage":0.0,"enemies":"Small Slimes","floor":1.0,"turns":3.0},{"damage":1.0,"enemies":"Cultist","floor":2.0,"turns":4.0},{"damage":0.0,"enemies":"2 Louse","floor":3.0,"turns":2.0},{"damage":4.0,"enemies":"Gremlin Gang","floor":5.0,"turns":3.0},{"damage":2.0,"enemies":"3 Sentries","floor":7.0,"turns":6.0},{"damage":5.0,"enemies":"Looter","floor":10.0,"turns":3.0},{"damage":14.0,"enemies":"Lagavulin","floor":13.0,"turns":8.0},{"damage":10.0,"enemies":"Exordium Thugs","floor":14.0,"turns":4.0},{"damage":29.0,"enemies":"Slime Boss","floor":16.0,"turns":9.0},{"damage":14.0,"enemies":"3 Byrds","floor":18.0,"turns":6.0},{"damage":22.0,"enemies":"Spheric Guardian","floor":24.0,"turns":5.0},{"damage":16.0,"enemies":"Snake Plant","floor":27.0,"turns":4.0},{"damage":20.0,"enemies":"Sentry and Sphere","floor":28.0,"turns":5.0},{"damage":0.0,"enemies":"Snecko","floor":30.0,"turns":7.0},{"damage":0.0,"enemies":"Centurion and Healer","floor":31.0,"turns":5.0},{"damage":31.0,"enemies":"Collector","floor":33.0,"turns":8.0},{"damage":4.0,"enemies":"3 Shapes","floor":35.0,"turns":5.0},{"damage":8.0,"enemies":"3 Darklings","floor":36.0,"turns":5.0},{"damage":17.0,"enemies":"Maw","floor":41.0,"turns":9.0},{"damage":0.0,"enemies":"Spire Growth","floor":44.0,"turns":7.0},{"damage":9.0,"enemies":"Writhing Mass","floor":45.0,"turns":9.0},{"damage":9.0,"enemies":"Maw","floor":47.0,"turns":9.0},{"damage":0.0,"enemies":"3 Darklings","floor":48.0,"turns":4.0},{"damage":49,"enemies":"Donu and Deca","floor":50,"turns":12}],"seed_played":"-1173092334800610239","potions_obtained":[{"floor":1.0,"key":"EssenceOfSteel"},{"floor":3.0,"key":"Explosive Potion"},{"floor":10.0,"key":"Fire Potion"},{"floor":14.0,"key":"EntropicBrew"},{"floor":24.0,"key":"Strength Potion"},{"floor":27.0,"key":"SteroidPotion"},{"floor":33.0,"key":"Explosive Potion"}],"is_trial":false,"path_per_floor":["M","M","M","?","M","R","E","R","T","M","?","R","E","M","R","B",null,"M","$","T","?","?","R","M","R","T","M","M","$","M","M","R","B",null,"M","M","$","?","$","R","M","?","T","M","M","R","M","M","R","B",null],"character_chosen":"THE_SILENT","items_purchased":["Anchor","Noxious Fumes"],"campfire_rested":4,"item_purchase_floors":[19,19],"current_hp_per_floor":[59,58,58,58,54,54,52,52,52,47,47,47,33,23,56,27,52,38,38,38,38,44,44,22,56,56,40,20,20,20,20,54,23,55,51,43,43,43,43,43,26,54,54,54,45,45,36,36,54,5],"gold":125,"neow_bonus":"THREE_RARE_CARDS","is_prod":false,"is_daily":false,"chose_seed":false,"campfire_upgraded":6,"win_rate":0,"timestamp":1554656870,"path_taken":["M","M","M","?","M","R","E","R","T","?","?","R","E","M","R","BOSS","M","$","?","?","?","R","M","R","T","M","M","$","M","M","R","BOSS","M","?","$","?","?","R","M","?","T","M","M","R","M","M","R","BOSS"],"build_version":"2019-01-23","purchased_purges":3,"victory":true,"max_hp_per_floor":[60,60,60,60,60,60,60,60,60,60,60,60,60,60,60,60,60,60,60,60,60,66,66,66,66,66,66,66,66,66,66,66,66,66,66,66,66,66,66,66,66,54,54,54,54,54,54,54,54,54],"card_choices":[{"not_picked":["Doppelganger","A Thousand Cuts"],"picked":"Die Die Die","floor":0.0},{"not_picked":["Sucker Punch","Underhanded Strike"],"picked":"Noxious Fumes","floor":1.0},{"not_picked":["Calculated Gamble","Concentrate"],"picked":"PiercingWail","floor":2.0},{"not_picked":["Cloak And Dagger","Calculated Gamble"],"picked":"Bane","floor":3.0},{"not_picked":["Cloak And Dagger","Quick Slash"],"picked":"Backflip","floor":5.0},{"not_picked":["Finisher","Setup"],"picked":"Flechettes","floor":7.0},{"not_picked":["Underhanded Strike","Unload"],"picked":"Deflect","floor":10.0},{"not_picked":["Deflect","Dodge and Roll"],"picked":"Catalyst","floor":13.0},{"not_picked":["Prepared","Sucker Punch"],"picked":"Skewer","floor":14.0},{"not_picked":["Wraith Form v2","Corpse Explosion"],"picked":"Night Terror","floor":16.0},{"not_picked":["Cloak And Dagger","Underhanded Strike","Acrobatics"],"picked":"SKIP","floor":18.0},{"not_picked":["Deadly Poison","Dagger Throw"],"picked":"Dodge and Roll","floor":24.0},{"not_picked":["Dagger Throw","Expertise","Storm of Steel"],"picked":"SKIP","floor":27.0},{"not_picked":["Sucker Punch","Deadly Poison","Deflect"],"picked":"SKIP","floor":28.0},{"not_picked":["Prepared","Reflex","Outmaneuver"],"picked":"SKIP","floor":30.0},{"not_picked":["Dagger Throw","Predator"],"picked":"Leg Sweep","floor":31.0},{"not_picked":["Unload","A Thousand Cuts"],"picked":"Burst","floor":33.0},{"not_picked":["Poisoned Stab","Outmaneuver","Masterful Stab+1"],"picked":"SKIP","floor":35.0},{"not_picked":["Deflect+1","Prepared+1"],"picked":"Cloak And Dagger+1","floor":36.0},{"not_picked":["Acrobatics","Eviscerate"],"picked":"Dodge and Roll+1","floor":41.0},{"not_picked":["Cloak And Dagger","Prepared+1"],"picked":"Footwork","floor":44.0},{"not_picked":["Slice","Underhanded Strike"],"picked":"Prepared+1","floor":45.0},{"not_picked":["Riddle With Holes","Underhanded Strike"],"picked":"Escape Plan","floor":47.0},{"not_picked":["All Out Attack","Deadly Poison"],"picked":"Well Laid Plans+1","floor":48.0}],"player_experience":760266,"relics_obtained":[{"floor":7.0,"key":"Oddly Smooth Stone"},{"floor":9.0,"key":"Regal Pillow"},{"floor":13.0,"key":"Gremlin Horn"},{"floor":20.0,"key":"Bottled Flame"},{"floor":26.0,"key":"Orichalcum"},{"floor":26.0,"key":"Tiny Chest"},{"floor":43.0,"key":"Bronze Scales"},{"floor":43.0,"key":"Potion Belt"}],"event_choices":[{"damage_healed":0.0,"max_hp_gain":0.0,"max_hp_loss":0.0,"gold_gain":0.0,"event_name":"FaceTrader","player_choice":"Trade","floor":4.0,"gold_loss":0.0,"damage_taken":0.0,"relics_obtained":["CultistMask"]},{"cards_removed":["Bane"],"damage_healed":0.0,"max_hp_gain":0.0,"max_hp_loss":0.0,"gold_gain":0.0,"event_name":"WeMeetAgain","player_choice":"Gave Card","floor":11.0,"gold_loss":0.0,"damage_taken":0.0,"relics_obtained":["Darkstone Periapt"]},{"damage_healed":0.0,"max_hp_gain":0.0,"max_hp_loss":0.0,"gold_gain":0.0,"event_name":"Addict","player_choice":"Obtained Relic","floor":21.0,"gold_loss":85.0,"damage_taken":0.0,"relics_obtained":["Matryoshka"]},{"damage_healed":0.0,"max_hp_gain":0.0,"max_hp_loss":0.0,"gold_gain":0.0,"event_name":"Accursed Blacksmith","player_choice":"Rummage","floor":22.0,"gold_loss":0.0,"damage_taken":0.0,"relics_obtained":["WarpedTongs"],"cards_obtained":["Pain"]},{"cards_removed":["Strike_G"],"damage_healed":0.0,"max_hp_gain":0.0,"max_hp_loss":0.0,"gold_gain":0.0,"event_name":"Bonfire Elementals","player_choice":"Offered Basic","floor":38.0,"gold_loss":0.0,"damage_taken":0.0},{"damage_healed":54.0,"max_hp_gain":0.0,"max_hp_loss":12.0,"gold_gain":0.0,"event_name":"The Moai Head","player_choice":"Heal","floor":42.0,"gold_loss":0.0,"damage_taken":0.0}],"is_beta":false,"boss_relics":[{"not_picked":["Orrery","Astrolabe"],"picked":"Philosopher\u0027s Stone"},{"not_picked":["Pandora\u0027s Box","Ring of the Serpent"],"picked":"Sozu"}],"items_purged_floors":[19,29,37],"is_endless":false,"potions_floor_spawned":[1,3,5,10,14,24,27,28,33,36,41,48],"ascension_level":16}