{"gold_per_floor":[115,133,152,102,112,137,137,157,205,229,254,265,265,285,285,361,361,375,390,59,76,76,76,101,101,101,134,152,152,152,165,165,241,241,258,273,284,302,133,164,164,38,38,38,38,63,2,2,2,2],"floor_reached":51,"playtime":5067,"items_purged":["Strike_B"],"score":1269,"play_id":"6ded20ae-8b7e-4122-b08b-90f6a2b87536","local_time":"20190331085023","is_ascension_mode":true,"campfire_choices":[{"floor":7.0,"key":"REST"},{"data":"Streamline","floor":13.0,"key":"SMITH"},{"data":"Coolheaded","floor":15.0,"key":"SMITH"},{"data":"Consume","floor":23.0,"key":"SMITH"},{"data":"Genetic Algorithm","floor":25.0,"key":"SMITH"},{"data":"Sunder","floor":30.0,"key":"SMITH"},{"data":"Seek","floor":32.0,"key":"SMITH"},{"data":"Loop","floor":41,"key":"SMITH"},{"data":"Hologram","floor":45,"key":"SMITH"},{"floor":49,"key":"REST"}],"neow_cost":"NONE","seed_source_timestamp":0,"circlet_count":0,"master_deck":["AscendersBane","Strike_B","Strike_B","Defend_B","Defend_B","Defend_B","Defend_B","Zap","Dualcast","Ball Lightning","Coolheaded+1","Streamline+1","Auto Shields","Coolheaded","Cold Snap","Sweeping Beam","Hologram","Seek+1","Sunder+1","Glacier","Consume+1","Loop+1","Genetic Algorithm+1","Hologram+1","Reinforced Body","Echo Form","Force Field","Reinforced Body+1","Core Surge","Creative AI","Glacier","Darkness","Glacier+1","The Bomb","Mind Blast"],"special_seed":0,"relics":["Velvet Choker","Question Card","Anchor","Centennial Puzzle","The Courier","Cursed Key","Runic Capacitor","DataDisk","Ancient Tea Set","Bird Faced Urn","Art of War","Snecko Eye","Bag of Marbles","Pear"],"potions_floor_usage":[50,50],"damage_taken":[{"damage":0.0,"enemies":"Cultist","floor":1.0,"turns":3.0},{"damage":2.0,"enemies":"Jaw Worm","floor":2.0,"turns":3.0},{"damage":0.0,"enemies":"Small Slimes","floor":3.0,"turns":3.0},{"damage":11.0,"enemies":"Exordium Thugs","floor":5.0,"turns":5.0},{"damage":36.0,"enemies":"Gremlin Nob","floor":6.0,"turns":4.0},{"damage":1.0,"enemies":"Blue Slaver","floor":8.0,"turns":4.0},{"damage":3.0,"enemies":"Lagavulin","floor":11.0,"turns":7.0},{"damage":0.0,"enemies":"Exordium Wildlife","floor":12.0,"turns":5.0},{"damage":1.0,"enemies":"Large Slime","floor":14.0,"turns":4.0},{"damage":24.0,"enemies":"Hexaghost","floor":16.0,"turns":10.0},{"damage":3.0,"enemies":"Shell Parasite","floor":18.0,"turns":6.0},{"damage":5.0,"enemies":"2 Thieves","floor":19.0,"turns":3.0},{"damage":0.0,"enemies":"Snake Plant","floor":21.0,"turns":6.0},{"damage":3.0,"enemies":"Book of Stabbing","floor":24.0,"turns":5.0},{"damage":7.0,"enemies":"Gremlin Leader","floor":27.0,"turns":8.0},{"damage":0.0,"enemies":"Snecko","floor":28.0,"turns":4.0},{"damage":0.0,"enemies":"Cultist and Chosen","floor":31.0,"turns":7.0},{"damage":19.0,"enemies":"Collector","floor":33.0,"turns":13.0},{"damage":0.0,"enemies":"3 Shapes","floor":35.0,"turns":6.0},{"damage":2.0,"enemies":"3 Darklings","floor":36.0,"turns":6.0},{"damage":0.0,"enemies":"Writhing Mass","floor":37.0,"turns":9.0},{"damage":0,"enemies":"Sphere and 2 Shapes","floor":38,"turns":9},{"damage":27,"enemies":"Giant Head","floor":40,"turns":13},{"damage":6,"enemies":"Nemesis","floor":46,"turns":10},{"damage":23,"enemies":"Awakened One","floor":50,"turns":18}],"seed_played":"-5002017538809888806","potions_obtained":[{"floor":2.0,"key":"Explosive Potion"},{"floor":6.0,"key":"Poison Potion"},{"floor":11.0,"key":"Strength Potion"},{"floor":18.0,"key":"Regen Potion"},{"floor":27.0,"key":"EssenceOfSteel"},{"floor":28.0,"key":"SpeedPotion"},{"floor":36.0,"key":"FocusPotion"}],"is_trial":false,"path_per_floor":["M","M","M","?","M","E","R","M","T","T","E","M","R","M","R","B",null,"M","M","$","M","?","R","E","R","T","E","M","?","R","M","R","B",null,"M","M","M","M","$","E","R","$","T","?","R","E","$","?","R","B",null],"character_chosen":"DEFECT","items_purchased":["Runic Capacitor","Consume","Loop","Core Surge","Creative AI","Glacier","Darkness","FocusPotion"],"campfire_rested":2,"item_purchase_floors":[20,20,20,39,39,42,42,47],"current_hp_per_floor":[64,62,62,62,51,15,36,35,35,35,32,32,32,31,31,7,55,52,47,47,61,61,61,58,58,58,53,55,42,42,44,44,27,64,66,68,72,76,76,70,70,70,70,70,70,86,86,76,86,86],"gold":2,"neow_bonus":"BOSS_RELIC","is_prod":false,"is_daily":false,"chose_seed":false,"campfire_upgraded":8,"win_rate":0,"timestamp":1554018623,"path_taken":["M","M","M","?","M","E","R","M","T","?","E","M","R","M","R","BOSS","M","M","$","M","?","R","E","R","T","E","?","?","R","M","R","BOSS","M","M","M","M","$","E","R","$","T","?","R","E","?","?","R","BOSS"],"build_version":"2019-01-23","purchased_purges":1,"victory":true,"max_hp_per_floor":[71,71,71,71,71,71,71,71,71,71,71,71,71,71,71,71,71,71,71,71,71,71,71,71,71,71,71,71,76,76,76,76,76,76,76,76,76,76,76,76,76,76,76,76,76,86,86,86,86,86],"card_choices":[{"not_picked":["BootSequence","Go for the Eyes"],"picked":"Ball Lightning","floor":1.0},{"not_picked":["Auto Shields","Hologram"],"picked":"Coolheaded","floor":2.0},{"not_picked":["Lockon","Conserve Battery"],"picked":"Streamline","floor":3.0},{"not_picked":["Gash","Coolheaded","Barrage"],"picked":"SKIP","floor":5.0},{"not_picked":["Barrage","Streamline"],"picked":"Auto Shields","floor":6.0},{"not_picked":["BootSequence","Redo","Storm"],"picked":"Coolheaded","floor":8.0},{"not_picked":["Steam","Rip and Tear","Rebound"],"picked":"Cold Snap","floor":11.0},{"not_picked":["Coolheaded","Heatsinks","Leap"],"picked":"Sweeping Beam","floor":12.0},{"not_picked":["Gash","Redo","BootSequence"],"picked":"Hologram","floor":14.0},{"not_picked":["Amplify","Thunder Strike","Machine Learning"],"picked":"Seek","floor":16.0},{"not_picked":["Turbo","Loop","Coolheaded+1"],"picked":"Sunder","floor":18.0},{"not_picked":["Tempest","Compile Driver","Fusion"],"picked":"Glacier","floor":19.0},{"not_picked":["Streamline+1","Auto Shields","Storm+1","Beam Cell"],"picked":"SKIP","floor":21.0},{"not_picked":["Darkness","Compile Driver","Consume"],"picked":"Genetic Algorithm","floor":24.0},{"not_picked":["Streamline","Steam+1","Leap"],"picked":"Hologram","floor":27.0},{"not_picked":["Reboot","Steam Power","Rebound","Sunder"],"picked":"SKIP","floor":28.0},{"not_picked":["Lockon+1","Go for the Eyes","Compile Driver"],"picked":"Reinforced Body","floor":31.0},{"not_picked":["All For One","Core Surge","Buffer"],"picked":"Echo Form","floor":33.0},{"not_picked":["Beam Cell","Steam","Redo+1"],"picked":"Force Field","floor":35.0},{"not_picked":["Sunder","Rebound+1","Turbo"],"picked":"Reinforced Body+1","floor":36.0},{"not_picked":["Glacier","Coolheaded","Tempest","Rebound+1"],"picked":"SKIP","floor":37.0},{"not_picked":["Stack","Tempest","Go for the Eyes","Gash"],"picked":"SKIP","floor":38},{"not_picked":["Self Repair","Turbo+1","Barrage","Consume"],"picked":"SKIP","floor":40},{"not_picked":["Reboot","Go for the Eyes+1","Skim"],"picked":"Glacier+1","floor":46},{"not_picked":["Madness","Blind","Discovery"],"picked":"The Bomb","floor":48},{"not_picked":["Jack Of All Trades","Transmutation","Dramatic Entrance"],"picked":"Mind Blast","floor":48}],"player_experience":710935,"relics_obtained":[{"floor":6.0,"key":"Question Card"},{"floor":9.0,"key":"Anchor"},{"floor":10.0,"key":"Centennial Puzzle"},{"floor":11.0,"key":"The Courier"},{"floor":24.0,"key":"Ancient Tea Set"},{"floor":26.0,"key":"Bird Faced Urn"},{"floor":27.0,"key":"Art of War"},{"floor":40,"key":"Bag of Marbles"},{"floor":46,"key":"Pear"}],"event_choices":[{"cards_removed":["Strike_B"],"damage_healed":0.0,"max_hp_gain":0.0,"max_hp_loss":0.0,"gold_gain":0.0,"event_name":"The Cleric","player_choice":"Card Removal","floor":4.0,"gold_loss":50.0,"damage_taken":0.0},{"damage_healed":0.0,"max_hp_gain":0.0,"max_hp_loss":0.0,"gold_gain":0.0,"event_name":"WeMeetAgain","player_choice":"Gave Potion","floor":22.0,"gold_loss":0.0,"damage_taken":0.0,"relics_obtained":["DataDisk"]},{"damage_healed":0.0,"max_hp_gain":5.0,"max_hp_loss":0.0,"gold_gain":0.0,"event_name":"Forgotten Altar","player_choice":"Shed Blood","floor":29.0,"gold_loss":0.0,"damage_taken":18.0},{"cards_removed":["Doubt"],"damage_healed":0,"gold_gain":0,"player_choice":"Purged","damage_taken":0,"max_hp_gain":0,"max_hp_loss":0,"event_name":"Purifier","floor":44,"gold_loss":0},{"damage_healed":0,"gold_gain":0,"player_choice":"Memory 3","damage_taken":10,"max_hp_gain":0,"max_hp_loss":0,"event_name":"SensoryStone","floor":48,"gold_loss":0}],"is_beta":false,"boss_relics":[{"not_picked":["Calling Bell","Lizard Tail"],"picked":"Cursed Key"},{"not_picked":["Black Star","Tiny House"],"picked":"Snecko Eye"}],"items_purged_floors":[20],"is_endless":false,"potions_floor_spawned":[2,6,11,12,18,27,28,36,37],"ascension_level":14}