{"gold_per_floor":[109,34,48,65,126,155,167,194,221,221],"floor_reached":10,"playtime":410,"items_purged":["Parasite"],"score":94,"play_id":"cdd51e24-e815-406e-a727-e9faaf7a03f3","local_time":"20190716230805","is_ascension_mode":true,"campfire_choices":[],"neow_cost":"CURSE","seed_source_timestamp":10169462004900,"circlet_count":0,"master_deck":["Strike_G","Strike_G","Strike_G","Strike_G","Strike_G","Defend_G","Defend_G","Defend_G","Defend_G","Defend_G","Survivor","Neutralize","Deflect","All Out Attack","Heel Hook","Backflip","Backflip","Unload"],"relics":["Ring of the Snake","Tingsha","Omamori","Blood Vial","Boot"],"potions_floor_usage":[6,8],"damage_taken":[{"damage":4,"enemies":"Cultist","floor":1,"turns":5},{"damage":2,"enemies":"2 Louse","floor":3,"turns":3},{"damage":2,"enemies":"Small Slimes","floor":4,"turns":3},{"damage":32,"enemies":"Gremlin Nob","floor":6,"turns":4},{"damage":0,"enemies":"3 Louse","floor":7,"turns":3},{"damage":24,"enemies":"Lagavulin","floor":8,"turns":9},{"damage":16,"enemies":"Gremlin Nob","floor":10,"turns":2}],"seed_played":"8583271563087832857","potions_obtained":[{"floor":4,"key":"Fire Potion"},{"floor":6,"key":"Poison Potion"}],"is_trial":false,"path_per_floor":["M","$","M","M","?","E","M","E","T","E"],"character_chosen":"THE_SILENT","items_purchased":[],"campfire_rested":0,"item_purchase_floors":[],"current_hp_per_floor":[66,66,64,62,62,30,30,6,6,0],"gold":221,"neow_bonus":"ONE_RARE_RELIC","is_prod":false,"is_daily":false,"chose_seed":false,"campfire_upgraded":0,"win_rate":0,"timestamp":1563332885,"path_taken":["M","$","?","M","?","E","M","E","T","E"],"build_version":"2019-07-05","purchased_purges":1,"victory":false,"max_hp_per_floor":[70,67,67,67,67,67,67,67,67,67],"card_choices":[{"not_picked":["Dodge and Roll","Catalyst"],"picked":"Deflect","floor":1},{"not_picked":["Cloak And Dagger","Leg Sweep"],"picked":"All Out Attack","floor":3},{"not_picked":["Dodge and Roll","Deflect"],"picked":"Heel Hook","floor":4},{"not_picked":["Catalyst","All Out Attack"],"picked":"Backflip","floor":6},{"not_picked":["Dagger Throw","Underhanded Strike"],"picked":"Backflip","floor":7},{"not_picked":["Deflect","Cloak And Dagger"],"picked":"Unload","floor":8}],"player_experience":370087,"relics_obtained":[{"floor":6,"key":"Omamori"},{"floor":8,"key":"Blood Vial"},{"floor":9,"key":"Boot"}],"event_choices":[{"damage_healed":0,"gold_gain":61,"player_choice":"Gained Gold","damage_taken":0,"max_hp_gain":0,"max_hp_loss":0,"event_name":"Golden Wing","floor":5,"gold_loss":0}],"is_beta":false,"boss_relics":[],"items_purged_floors":[2],"is_endless":false,"potions_floor_spawned":[4,6],"killed_by":"Gremlin Nob","ascension_level":4}