{"gold_per_floor":[117,137,137,60,60,60,95,95,95,23,38,52,85,97,97,171,171,182,196,9,27,27,62,62,77,77,77,17,17],"floor_reached":29,"playtime":11196,"items_purged":["Strike_B"],"score":493,"play_id":"559ae0db-7e9d-4cb5-8084-ae5f082b3195","local_time":"20190420162550","is_ascension_mode":true,"campfire_choices":[{"data":"White Noise","floor":6.0,"key":"SMITH"},{"data":"Conserve Battery","floor":8.0,"key":"SMITH"},{"floor":15.0,"key":"REST"},{"data":"Recycle","floor":24.0,"key":"SMITH"},{"data":"Biased Cognition","floor":27,"key":"SMITH"}],"neow_cost":"NONE","seed_source_timestamp":0,"circlet_count":0,"master_deck":["AscendersBane","Strike_B","Defend_B","Defend_B","Defend_B","Defend_B","Zap","Dualcast","Echo Form","Cold Snap","White Noise+1","Leap","Conserve Battery+1","Biased Cognition+1","Seek","Compile Driver","Gash","Coolheaded","Rainbow","Doom and Gloom","Static Discharge","Loop","Loop","Self Repair","Recycle+1","Barrage+1","Genetic Algorithm+1"],"special_seed":0,"relics":["Cracked Core","The Courier","Torii","Runic Pyramid","Nloth\u0027s Gift","Dream Catcher","Orichalcum"],"potions_floor_usage":[29],"damage_taken":[{"damage":1.0,"enemies":"Cultist","floor":1.0,"turns":3.0},{"damage":5.0,"enemies":"Small Slimes","floor":2.0,"turns":4.0},{"damage":16.0,"enemies":"Lagavulin","floor":7.0,"turns":10.0},{"damage":0.0,"enemies":"Jaw Worm","floor":11.0,"turns":3.0},{"damage":1.0,"enemies":"Gremlin Gang","floor":12.0,"turns":3.0},{"damage":15.0,"enemies":"3 Sentries","floor":13.0,"turns":7.0},{"damage":6.0,"enemies":"3 Louse","floor":14.0,"turns":4.0},{"damage":8.0,"enemies":"Hexaghost","floor":16.0,"turns":11.0},{"damage":19.0,"enemies":"2 Thieves","floor":18.0,"turns":5.0},{"damage":1.0,"enemies":"Spheric Guardian","floor":19.0,"turns":4.0},{"damage":26.0,"enemies":"3 Cultists","floor":21.0,"turns":6.0},{"damage":14.0,"enemies":"Book of Stabbing","floor":23.0,"turns":5.0},{"damage":13,"enemies":"Shelled Parasite and Fungi","floor":25,"turns":6},{"damage":24,"enemies":"Cultist and Chosen","floor":29,"turns":5}],"seed_played":"-2091362278961474862","potions_obtained":[{"floor":1.0,"key":"Weak Potion"},{"floor":11.0,"key":"Fire Potion"},{"floor":13.0,"key":"EssenceOfSteel"},{"floor":19.0,"key":"Swift Potion"},{"floor":21.0,"key":"PowerPotion"}],"is_trial":false,"path_per_floor":["M","M","?","$","?","R","E","R","T","$","M","M","E","M","R","B",null,"M","M","$","M","?","E","R","M","T","R","$","M"],"character_chosen":"DEFECT","items_purchased":["Leap","Fire Potion","Biased Cognition","Loop","Loop","Self Repair"],"campfire_rested":1,"item_purchase_floors":[4,4,10,20,20,20],"current_hp_per_floor":[63,58,58,58,58,58,42,42,42,42,42,41,26,20,41,33,62,43,42,42,30,30,30,30,24,24,24,24,0],"gold":17,"neow_bonus":"ONE_RANDOM_RARE_CARD","is_prod":false,"is_daily":false,"chose_seed":false,"campfire_upgraded":4,"win_rate":0,"timestamp":1555773950,"path_taken":["M","M","?","?","?","R","E","R","T","$","M","M","E","M","R","BOSS","M","?","?","?","?","E","R","M","T","R","$","?"],"build_version":"2019-01-23","purchased_purges":1,"victory":false,"max_hp_per_floor":[71,71,71,71,71,71,71,71,71,71,71,71,71,71,71,71,71,71,71,71,71,71,71,71,71,71,71,71,71],"card_choices":[{"not_picked":["Skim","Rebound"],"picked":"Cold Snap","floor":1.0},{"not_picked":["Go for the Eyes","Loop"],"picked":"White Noise","floor":2.0},{"not_picked":["Cold Snap","Scrape"],"picked":"Conserve Battery","floor":7.0},{"not_picked":["Coolheaded","Beam Cell"],"picked":"Seek","floor":11.0},{"not_picked":["Rip and Tear","Conserve Battery"],"picked":"Compile Driver","floor":12.0},{"not_picked":["Blizzard","Leap"],"picked":"Gash","floor":13.0},{"not_picked":["Sweeping Beam","Gash"],"picked":"Coolheaded","floor":14.0},{"not_picked":["Seek","Multi-Cast"],"picked":"Rainbow","floor":16.0},{"not_picked":["Barrage","Melter"],"picked":"Doom and Gloom","floor":18.0},{"not_picked":["Darkness","Melter+1"],"picked":"Static Discharge","floor":19.0},{"not_picked":["Hologram","Redo"],"picked":"Recycle","floor":21.0},{"not_picked":["Compile Driver","Skim"],"picked":"Barrage+1","floor":23.0},{"not_picked":["Darkness","Scrape+1"],"picked":"Genetic Algorithm+1","floor":25}],"player_experience":829789,"relics_obtained":[{"floor":7.0,"key":"The Courier"},{"floor":9.0,"key":"Bottled Lightning"},{"floor":13.0,"key":"Torii"},{"floor":23.0,"key":"Dream Catcher"},{"floor":26,"key":"Orichalcum"}],"event_choices":[{"cards_removed":["Strike_B"],"damage_healed":0.0,"max_hp_gain":0.0,"max_hp_loss":0.0,"gold_gain":0.0,"event_name":"Purifier","player_choice":"Purged","floor":3.0,"gold_loss":0.0,"damage_taken":0.0},{"cards_removed":["Strike_B"],"damage_healed":0.0,"max_hp_gain":0.0,"max_hp_loss":0.0,"gold_gain":0.0,"event_name":"Purifier","player_choice":"Purged","floor":5.0,"gold_loss":0.0,"damage_taken":0.0},{"damage_healed":0.0,"max_hp_gain":0.0,"max_hp_loss":0.0,"gold_gain":0.0,"event_name":"N\u0027loth","player_choice":"Traded Relic","floor":22.0,"relics_lost":["Bottled Lightning"],"gold_loss":0.0,"damage_taken":0.0,"relics_obtained":["Nloth\u0027s Gift"]}],"is_beta":false,"boss_relics":[{"not_picked":["Orrery","White Beast Statue"],"picked":"Runic Pyramid"}],"items_purged_floors":[28],"is_endless":false,"potions_floor_spawned":[1,11,13,19,21],"killed_by":"Cultist and Chosen","ascension_level":19}