{"gold_per_floor":[115,115,135,310,321,321,349,368,391,419,419,438,438,449,449,449],"floor_reached":16,"playtime":550,"items_purged":[],"score":134,"play_id":"25863e65-5b6c-48a6-98bf-b0f33fd0f904","local_time":"20190816191626","is_ascension_mode":true,"campfire_choices":[{"data":"Zap","floor":6,"key":"SMITH"},{"floor":11,"key":"REST"},{"floor":15,"key":"REST"}],"neow_cost":"NONE","seed_source_timestamp":660638654309078,"circlet_count":0,"master_deck":["Strike_B","Strike_B","Strike_B","Strike_B","Defend_B","Defend_B","Defend_B","Defend_B","Zap+1","Dualcast","Ball Lightning","Echo Form","Gash","Doubt","Sweeping Beam","All For One","White Noise","Gash","Cold Snap"],"relics":["Cracked Core","NeowsBlessing","Centennial Puzzle","Pen Nib","Juzu Bracelet"],"potions_floor_usage":[10,16,16],"damage_taken":[{"damage":0,"enemies":"Jaw Worm","floor":1,"turns":1},{"damage":0,"enemies":"Cultist","floor":3,"turns":1},{"damage":0,"enemies":"Small Slimes","floor":5,"turns":1},{"damage":35,"enemies":"3 Sentries","floor":7,"turns":8},{"damage":6,"enemies":"Blue Slaver","floor":8,"turns":3},{"damage":36,"enemies":"Gremlin Nob","floor":10,"turns":5},{"damage":23,"enemies":"Exordium Thugs","floor":12,"turns":3},{"damage":0,"enemies":"Gremlin Gang","floor":14,"turns":4},{"damage":30,"enemies":"The Guardian","floor":16,"turns":6}],"seed_played":"4432703168677294606","potions_obtained":[{"floor":3,"key":"GamblersBrew"},{"floor":7,"key":"Weak Potion"},{"floor":8,"key":"FairyPotion"},{"floor":14,"key":"Block Potion"}],"is_trial":false,"path_per_floor":["M","?","M","?","M","R","E","M","T","E","R","M","?","M","R","B"],"character_chosen":"DEFECT","items_purchased":[],"campfire_rested":2,"item_purchase_floors":[],"current_hp_per_floor":[75,75,75,75,75,75,40,34,34,7,29,6,6,6,28,0],"gold":449,"neow_bonus":"THREE_ENEMY_KILL","is_prod":false,"is_daily":false,"chose_seed":false,"campfire_upgraded":1,"win_rate":0,"timestamp":1565975786,"path_taken":["M","?","?","?","M","R","E","M","T","E","R","M","?","M","R","BOSS"],"build_version":"2019-07-17","purchased_purges":0,"victory":false,"max_hp_per_floor":[75,75,75,75,75,75,75,75,75,75,75,75,75,75,75,75],"card_choices":[{"not_picked":["Redo","Conserve Battery"],"picked":"Ball Lightning","floor":1},{"not_picked":["Redo","Hologram"],"picked":"Gash","floor":3},{"not_picked":["Blizzard","Undo"],"picked":"Sweeping Beam","floor":5},{"not_picked":["Recycle","Core Surge"],"picked":"All For One","floor":7},{"not_picked":["Gash","Barrage"],"picked":"White Noise","floor":8},{"not_picked":["Streamline","Barrage"],"picked":"Gash","floor":10},{"not_picked":["White Noise","Doom and Gloom"],"picked":"Cold Snap","floor":12},{"not_picked":["Beam Cell","Turbo","Tempest"],"picked":"SKIP","floor":14}],"player_experience":112073,"relics_obtained":[{"floor":7,"key":"Centennial Puzzle"},{"floor":9,"key":"Pen Nib"},{"floor":10,"key":"Juzu Bracelet"}],"event_choices":[{"damage_healed":0,"gold_gain":0,"player_choice":"1 cards matched","damage_taken":0,"max_hp_gain":0,"max_hp_loss":0,"event_name":"Match and Keep!","floor":2,"gold_loss":0,"cards_obtained":["Echo Form"]},{"damage_healed":0,"gold_gain":175,"player_choice":"AGREE","damage_taken":0,"max_hp_gain":0,"max_hp_loss":0,"event_name":"Liars Game","floor":4,"gold_loss":0,"cards_obtained":["Doubt"]},{"damage_healed":0,"gold_gain":0,"player_choice":"Fled","damage_taken":0,"max_hp_gain":0,"max_hp_loss":0,"event_name":"Scrap Ooze","floor":13,"gold_loss":0}],"is_beta":false,"boss_relics":[],"items_purged_floors":[],"is_endless":false,"potions_floor_spawned":[3,7,8,14],"killed_by":"The Guardian","ascension_level":4}