{"gold_per_floor":[116,116,15,32,45,45,57,57,57,57,85,85,50,83,83,156,156,173,173,66,1,1],"floor_reached":22,"playtime":679,"items_purged":["Strike_G"],"score":361,"play_id":"159fdb79-69a1-406a-8e74-43861dac8b5d","local_time":"20190811012203","is_ascension_mode":true,"campfire_choices":[{"data":"Neutralize","floor":6,"key":"SMITH"},{"data":"Noxious Fumes","floor":8,"key":"SMITH"},{"data":"Choke","floor":10,"key":"SMITH"},{"floor":12,"key":"REST"},{"floor":15,"key":"REST"}],"neow_cost":"TEN_PERCENT_HP_LOSS","seed_source_timestamp":27176186629200,"circlet_count":0,"master_deck":["AscendersBane","Strike_G","Strike_G","Defend_G","Defend_G","Defend_G","Defend_G","Defend_G","Survivor","Neutralize+1","Choke+1","Deflect","Dagger Spray","Poisoned Stab","Noxious Fumes+1","Flechettes","Leg Sweep+1","Blur+1","Phantasmal Killer+1","Riddle With Holes","Well Laid Plans","Prepared+1"],"relics":["Ring of the Snake","Toxic Egg 2","Gremlin Horn","Vajra","Fusion Hammer","Nilry\u0027s Codex","Question Card"],"potions_floor_usage":[14,16],"damage_taken":[{"damage":2,"enemies":"Small Slimes","floor":1,"turns":4},{"damage":6,"enemies":"Jaw Worm","floor":4,"turns":6},{"damage":0,"enemies":"Cultist","floor":5,"turns":3},{"damage":16,"enemies":"Gremlin Gang","floor":7,"turns":4},{"damage":24,"enemies":"3 Sentries","floor":11,"turns":8},{"damage":8,"enemies":"Gremlin Nob","floor":14,"turns":3},{"damage":26,"enemies":"Slime Boss","floor":16,"turns":10},{"damage":3,"enemies":"Chosen","floor":18,"turns":4},{"damage":7,"enemies":"Shell Parasite","floor":22,"turns":4}],"seed_played":"7794263429502153848","potions_obtained":[{"floor":5,"key":"SteroidPotion"},{"floor":11,"key":"Poison Potion"}],"is_trial":false,"path_per_floor":["M","?","$","M","M","R","M","R","T","R","E","R","?","E","R","B",null,"M","?","$","?","M"],"character_chosen":"THE_SILENT","items_purchased":["Dagger Spray","Well Laid Plans","Prepared+1"],"campfire_rested":2,"item_purchase_floors":[3,20,20],"current_hp_per_floor":[57,57,57,51,51,51,35,35,35,35,11,29,44,36,54,28,52,49,28,28,28,21],"gold":1,"neow_bonus":"TRANSFORM_TWO_CARDS","is_prod":false,"is_daily":false,"chose_seed":false,"campfire_upgraded":3,"win_rate":0,"timestamp":1565500923,"path_taken":["M","?","$","M","M","R","M","R","T","R","E","R","?","E","R","BOSS","M","?","$","?","M"],"build_version":"2019-07-17","purchased_purges":1,"victory":false,"max_hp_per_floor":[60,60,60,60,60,60,60,60,60,60,60,60,60,60,60,60,60,60,60,60,60,60],"card_choices":[{"not_picked":["Catalyst","Underhanded Strike"],"picked":"Deflect","floor":1},{"not_picked":["Bane","Dodge and Roll"],"picked":"Poisoned Stab","floor":4},{"not_picked":["Acrobatics","Bane"],"picked":"Noxious Fumes","floor":5},{"not_picked":["Flying Knee","Sucker Punch"],"picked":"Flechettes","floor":7},{"not_picked":["Acrobatics+1","Dagger Spray"],"picked":"Leg Sweep+1","floor":11},{"not_picked":["Cloak And Dagger+1","Glass Knife"],"picked":"Blur+1","floor":14},{"not_picked":["A Thousand Cuts","Grand Finale"],"picked":"Phantasmal Killer+1","floor":16},{"not_picked":["Crippling Poison+1","Dagger Spray"],"picked":"Riddle With Holes","floor":18}],"player_experience":683430,"relics_obtained":[{"floor":9,"key":"Toxic Egg 2"},{"floor":11,"key":"Gremlin Horn"},{"floor":14,"key":"Vajra"},{"floor":19,"key":"Nilry\u0027s Codex"}],"event_choices":[{"cards_removed":["Wraith Form v2"],"damage_healed":0,"gold_gain":0,"player_choice":"Forget","damage_taken":0,"max_hp_gain":0,"max_hp_loss":0,"event_name":"Living Wall","floor":2,"gold_loss":0},{"damage_healed":15,"gold_gain":0,"player_choice":"Healed","damage_taken":0,"max_hp_gain":0,"max_hp_loss":0,"event_name":"The Cleric","floor":13,"gold_loss":35},{"damage_healed":0,"gold_gain":0,"player_choice":"Obtained Book","damage_taken":21,"max_hp_gain":0,"max_hp_loss":0,"event_name":"Cursed Tome","floor":19,"gold_loss":0},{"damage_healed":0,"gold_gain":0,"player_choice":"Paid Gold","damage_taken":0,"relics_obtained":["Question Card"],"max_hp_gain":0,"max_hp_loss":0,"event_name":"WeMeetAgain","floor":21,"gold_loss":65}],"is_beta":false,"boss_relics":[{"not_picked":["Black Star","Eternal Feather"],"picked":"Fusion Hammer"}],"items_purged_floors":[3],"is_endless":false,"potions_floor_spawned":[5,11],"killed_by":"Shell Parasite","ascension_level":18}