{"gold_per_floor":[117,117,131,150,167,167,167,167,215,215,249,264,279,1,1,105,105,116,215,234,234,248,248,248],"floor_reached":24,"playtime":2612,"items_purged":[],"score":267,"play_id":"da304d12-b73c-4aec-a5aa-6525fc45c7ca","local_time":"20180721190411","is_ascension_mode":true,"campfire_choices":[{"data":"Storm of Steel","floor":6,"key":"SMITH"},{"data":"Outmaneuver","floor":8,"key":"SMITH"},{"floor":10,"key":"REST"},{"floor":15,"key":"REST"},{"floor":23,"key":"REST"}],"neow_cost":"NONE","seed_source_timestamp":5858988479943885,"circlet_count":0,"master_deck":["Defend_G","Defend_G","Defend_G+1","Defend_G","Defend_G+1","Strike_G","Strike_G","Strike_G","Strike_G","Strike_G","Survivor","Neutralize","Storm of Steel+1","Outmaneuver+1","Well Laid Plans","Infinite Blades","Noxious Fumes","Noxious Fumes","Catalyst+1","After Image","Backflip+1","Accuracy+1","Reflex+1"],"relics":["Ring of the Snake","Oddly Smooth Stone","Centennial Puzzle","Toxic Egg 2","HoveringKite","Juzu Bracelet"],"potions_floor_usage":[13,16,16,22],"damage_taken":[{"damage":12,"enemies":"Small Slimes","floor":1,"turns":2},{"damage":4,"enemies":"Jaw Worm","floor":3,"turns":3},{"damage":3,"enemies":"2 Louse","floor":4,"turns":4},{"damage":4,"enemies":"Blue Slaver","floor":5,"turns":5},{"damage":9,"enemies":"3 Sentries","floor":11,"turns":12},{"damage":1,"enemies":"Exordium Wildlife","floor":12,"turns":4},{"damage":9,"enemies":"2 Fungi Beasts","floor":13,"turns":3},{"damage":4,"enemies":"Hexaghost","floor":16,"turns":9},{"damage":12,"enemies":"Shell Parasite","floor":18,"turns":7},{"damage":0,"enemies":"Chosen","floor":20,"turns":6},{"damage":30,"enemies":"Snecko","floor":22,"turns":6},{"damage":48,"enemies":"Gremlin Leader","floor":24,"turns":6}],"seed_played":"-599250467856724119","potions_obtained":[{"floor":1,"key":"Dexterity Potion"},{"floor":3,"key":"Weak Potion"},{"floor":5,"key":"FearPotion"},{"floor":13,"key":"Explosive Potion"}],"is_trial":false,"path_per_floor":["M","?","M","M","M","R","?","R","T","R","E","M","M","$","R","B",null,"M","?","M","?","M","R"],"character_chosen":"THE_SILENT","items_purchased":["Toxic Egg 2","Catalyst+1"],"campfire_rested":3,"item_purchase_floors":[14,14],"current_hp_per_floor":[51,51,47,44,40,40,26,26,26,47,38,37,28,28,49,45,64,52,52,52,52,22,43,0],"gold":248,"neow_bonus":"ONE_RANDOM_RARE_CARD","is_prod":false,"is_daily":false,"chose_seed":false,"campfire_upgraded":2,"win_rate":0,"timestamp":1532196251,"path_taken":["M","?","M","M","M","R","?","R","T","R","E","M","M","$","R","BOSS","M","?","M","?","M","R","E"],"build_version":"2018-07-19v2","purchased_purges":0,"victory":false,"max_hp_per_floor":[70,70,70,70,70,70,70,70,70,70,70,70,70,70,70,70,70,70,70,70,70,70,70,70],"card_choices":[{"not_picked":["Skewer","Quick Slash"],"picked":"Outmaneuver","floor":1},{"not_picked":["PiercingWail","Outmaneuver","Dagger Throw"],"picked":"SKIP","floor":3},{"not_picked":["Concentrate","Underhanded Strike"],"picked":"Well Laid Plans","floor":4},{"not_picked":["Acrobatics","PiercingWail","Outmaneuver"],"picked":"SKIP","floor":5},{"not_picked":["Flying Knee","Night Terror"],"picked":"Infinite Blades","floor":11},{"not_picked":["Underhanded Strike","Sucker Punch"],"picked":"Noxious Fumes","floor":12},{"not_picked":["Acrobatics","Cloak And Dagger"],"picked":"Noxious Fumes","floor":13},{"not_picked":["A Thousand Cuts","Doppelganger+1"],"picked":"After Image","floor":16},{"not_picked":["Poisoned Stab","Acrobatics+1"],"picked":"Backflip+1","floor":18},{"not_picked":["Predator","Flying Knee"],"picked":"Accuracy+1","floor":20},{"not_picked":["Flechettes","Leg Sweep+1"],"picked":"Reflex+1","floor":22}],"player_experience":360081,"relics_obtained":[{"floor":9,"key":"Oddly Smooth Stone"},{"floor":11,"key":"Centennial Puzzle"}],"event_choices":[{"event_name":"Liars Game","player_choice":"disagreed","floor":2,"damage_taken":0},{"event_name":"Shining Light","player_choice":"Entered Light","floor":7,"damage_taken":0},{"event_name":"Nest","player_choice":"Stole From Cult","floor":19,"damage_taken":0},{"event_name":"The Mausoleum","player_choice":"Yes","floor":21,"damage_taken":0}],"is_beta":false,"boss_relics":[{"not_picked":["Pandora\u0027s Box","White Beast Statue"],"picked":"HoveringKite"}],"items_purged_floors":[],"is_endless":false,"potions_floor_spawned":[1,3,5,13],"killed_by":"Gremlin Leader","ascension_level":7}