{"gold_per_floor":[116,116,129,12,12,41,56,87,114,114,114,39,39,68,68,168,168,180,199,213,236,255,255,288,288,311,311,339,339,339,339,339,437,437,457,211,211,211,231,231,263,263,334,348,376,48,380,428,428,428],"floor_reached":51,"playtime":4078,"items_purged":["Dualcast","Writhe","Shame"],"score":1185,"play_id":"3ef4cbbd-193d-4b7e-b4e9-f0be19c247e6","local_time":"20181227235919","is_ascension_mode":true,"campfire_choices":[{"floor":11,"key":"REST"},{"data":"1","floor":13,"key":"LIFT"},{"data":"2","floor":15,"key":"LIFT"},{"floor":23,"key":"REST"},{"data":"3","floor":25,"key":"LIFT"},{"floor":27,"key":"REST"},{"floor":32,"key":"REST"},{"floor":40,"key":"REST"},{"floor":42,"key":"REST"},{"floor":49,"key":"REST"}],"neow_cost":"NONE","seed_source_timestamp":607774848682430,"circlet_count":0,"master_deck":["Defend_B","Defend_B","Defend_B","Defend_B","Zap","Rebound","Panacea","Gash","FTL","Sweeping Beam","Sweeping Beam","Sunder","All For One","Doubt","Ball Lightning","Genetic Algorithm","Reinforced Body","Hologram+1","Chill+1","Rebound+1","Gash","Bite","Bite","Bite","Bite","Bite","Core Surge","Hologram","Conserve Battery+1","Recycle","Gash","Beam Cell+1","Hologram+1","Sunder+1","All For One","Steam Power+1"],"relics":["Fusion Hammer","Matryoshka","Darkstone Periapt","Dream Catcher","Orichalcum","Juzu Bracelet","Pen Nib","Girya","Happy Flower","Calling Bell","Centennial Puzzle","Kunai","Ice Cream","Oddly Smooth Stone","Cables","Anchor","Dead Branch","Nilry\u0027s Codex","Nuclear Battery","Bag of Preparation","Mercury Hourglass","Pantograph","Boot","DataDisk","Old Coin","Calipers"],"potions_floor_usage":[6,8,22,22,24,41,41,50,50],"damage_taken":[{"damage":1,"enemies":"2 Louse","floor":1,"turns":2},{"damage":0,"enemies":"Cultist","floor":3,"turns":3},{"damage":20,"enemies":"3 Sentries","floor":6,"turns":6},{"damage":2,"enemies":"Jaw Worm","floor":7,"turns":3},{"damage":30,"enemies":"Lagavulin","floor":8,"turns":5},{"damage":4,"enemies":"3 Sentries","floor":14,"turns":3},{"damage":6,"enemies":"Slime Boss","floor":16,"turns":6},{"damage":8,"enemies":"3 Byrds","floor":18,"turns":3},{"damage":35,"enemies":"2 Thieves","floor":19,"turns":3},{"damage":19,"enemies":"Centurion and Healer","floor":20,"turns":4},{"damage":20,"enemies":"Shelled Parasite and Fungi","floor":22,"turns":4},{"damage":0,"enemies":"Gremlin Leader","floor":24,"turns":4},{"damage":10,"enemies":"Slavers","floor":28,"turns":4},{"damage":18,"enemies":"Automaton","floor":33,"turns":6},{"damage":11,"enemies":"3 Darklings","floor":35,"turns":4},{"damage":0,"enemies":"3 Shapes","floor":39,"turns":1},{"damage":5,"enemies":"Giant Head","floor":41,"turns":6},{"damage":35,"enemies":"Writhing Mass","floor":44,"turns":4},{"damage":0,"enemies":"Reptomancer","floor":45,"turns":3},{"damage":12,"enemies":"Nemesis","floor":47,"turns":3},{"damage":19,"enemies":"2 Orb Walkers","floor":48,"turns":3},{"damage":10,"enemies":"Donu and Deca","floor":50,"turns":6}],"seed_played":"-7290875545709889647","potions_obtained":[{"floor":3,"key":"AttackPotion"},{"floor":7,"key":"Fruit Juice"},{"floor":8,"key":"SpeedPotion"},{"floor":14,"key":"Dexterity Potion"},{"floor":19,"key":"Poison Potion"},{"floor":22,"key":"AttackPotion"},{"floor":28,"key":"Poison Potion"},{"floor":33,"key":"FearPotion"},{"floor":41,"key":"SpeedPotion"},{"floor":45,"key":"Explosive Potion"}],"is_trial":false,"path_per_floor":["M","?","M","$","T","E","M","E","T","T","R","$","R","E","R","B",null,"M","M","M","T","M","R","E","R","T","R","E","?","?","?","R","B",null,"M","$","?","?","M","R","E","R","T","M","E","$","E","?","R","B",null],"character_chosen":"DEFECT","items_purchased":["FTL","Sweeping Beam","Bag of Preparation","DataDisk","FearPotion"],"campfire_rested":7,"item_purchase_floors":[4,4,36,46,46],"current_hp_per_floor":[67,67,67,67,67,47,45,20,20,20,44,44,44,40,40,34,87,79,44,25,25,5,34,34,34,34,63,53,53,53,37,57,55,65,60,60,60,60,64,68,68,68,68,39,43,43,35,22,42,60],"gold":428,"neow_bonus":"BOSS_RELIC","is_prod":false,"is_daily":false,"chose_seed":false,"campfire_upgraded":0,"win_rate":0,"timestamp":1545955159,"path_taken":["M","?","?","?","?","E","M","E","T","?","R","$","R","E","R","BOSS","M","M","M","?","M","R","E","R","T","R","E","?","?","?","R","BOSS","M","$","?","?","M","R","E","R","T","M","E","$","E","?","R","BOSS"],"build_version":"2018-12-20","purchased_purges":3,"victory":true,"max_hp_per_floor":[75,75,75,75,75,75,75,80,80,80,80,80,80,80,80,80,98,98,98,98,98,98,98,98,98,98,98,98,98,68,68,68,68,68,68,68,68,68,68,68,68,68,68,68,68,68,68,68,68,68],"card_choices":[{"not_picked":["Streamline","Rebound","Stack"],"picked":"SKIP","floor":1},{"not_picked":["Stack","Lockon"],"picked":"Gash","floor":3},{"not_picked":["Redo","Beam Cell"],"picked":"Sweeping Beam","floor":6},{"not_picked":["Redo","Biased Cognition","Blizzard"],"picked":"SKIP","floor":7},{"not_picked":["Static Discharge","Turbo"],"picked":"Sunder","floor":8},{"not_picked":["Compile Driver","Beam Cell","Hello World"],"picked":"SKIP","floor":14},{"not_picked":["Electrodynamics","Thunder Strike"],"picked":"All For One","floor":16},{"not_picked":["FTL","Heatsinks"],"picked":"Ball Lightning","floor":18},{"not_picked":["Reprogram","Cold Snap","Sweeping Beam"],"picked":"SKIP","floor":19},{"not_picked":["Barrage+1","Sweeping Beam"],"picked":"Genetic Algorithm","floor":20},{"not_picked":["Rainbow","Double Energy"],"picked":"Reinforced Body","floor":22},{"not_picked":["Sweeping Beam","Steam"],"picked":"Hologram","floor":23},{"not_picked":["FTL","Undo","Streamline"],"picked":"SKIP","floor":24},{"not_picked":["Storm","Stack"],"picked":"Chill+1","floor":27},{"not_picked":["White Noise","Undo"],"picked":"Rebound+1","floor":28},{"not_picked":["Biased Cognition","Fission"],"picked":"Core Surge","floor":33},{"not_picked":["Compile Driver+1","Rebound"],"picked":"Hologram","floor":35},{"not_picked":["Reprogram","Force Field+1"],"picked":"Conserve Battery+1","floor":39},{"not_picked":["White Noise","Undo"],"picked":"Recycle","floor":40},{"not_picked":["Chaos+1","Conserve Battery"],"picked":"Gash","floor":41},{"not_picked":["Conserve Battery","Self Repair"],"picked":"Beam Cell+1","floor":42},{"not_picked":["Barrage+1","Steam"],"picked":"Hologram+1","floor":44},{"not_picked":["Barrage+1","Double Energy"],"picked":"Sunder+1","floor":45},{"not_picked":["Stack+1","Static Discharge"],"picked":"All For One","floor":47},{"not_picked":["Genetic Algorithm","Leap"],"picked":"Steam Power+1","floor":48}],"player_experience":400002,"relics_obtained":[{"floor":5,"key":"Matryoshka"},{"floor":6,"key":"Darkstone Periapt"},{"floor":8,"key":"Dream Catcher"},{"floor":9,"key":"Orichalcum"},{"floor":9,"key":"Juzu Bracelet"},{"floor":10,"key":"Pen Nib"},{"floor":10,"key":"Girya"},{"floor":14,"key":"Happy Flower"},{"floor":17,"key":"Centennial Puzzle"},{"floor":17,"key":"Kunai"},{"floor":17,"key":"Ice Cream"},{"floor":21,"key":"Oddly Smooth Stone"},{"floor":24,"key":"Cables"},{"floor":26,"key":"Anchor"},{"floor":28,"key":"Dead Branch"},{"floor":31,"key":"Nilry\u0027s Codex"},{"floor":41,"key":"Mercury Hourglass"},{"floor":43,"key":"Pantograph"},{"floor":45,"key":"Boot"},{"floor":47,"key":"Old Coin"},{"floor":48,"key":"Calipers"}],"event_choices":[{"damage_healed":0,"gold_gain":0,"player_choice":"2 cards matched","damage_taken":0,"max_hp_gain":0,"max_hp_loss":0,"event_name":"Match and Keep!","floor":2,"gold_loss":0,"cards_obtained":["Rebound","Panacea"]},{"damage_healed":0,"gold_gain":0,"player_choice":"Read","damage_taken":0,"max_hp_gain":0,"max_hp_loss":0,"event_name":"The Library","floor":29,"gold_loss":0,"cards_obtained":["Gash"]},{"damage_healed":0,"gold_gain":0,"player_choice":"Became a vampire","damage_taken":0,"max_hp_gain":0,"max_hp_loss":30,"event_name":"Vampires","floor":30,"gold_loss":0,"cards_obtained":["Bite","Bite","Bite","Bite","Bite"]},{"damage_healed":0,"gold_gain":0,"player_choice":"Obtained Book","damage_taken":16,"max_hp_gain":0,"max_hp_loss":0,"event_name":"Cursed Tome","floor":31,"gold_loss":0},{"damage_healed":0,"gold_gain":0,"player_choice":"Ignored","damage_taken":0,"max_hp_gain":0,"max_hp_loss":0,"event_name":"Tomb of Lord Red Mask","floor":37,"gold_loss":0},{"damage_healed":0,"gold_gain":0,"player_choice":"Upgraded","damage_taken":0,"max_hp_gain":0,"max_hp_loss":0,"event_name":"Upgrade Shrine","floor":38,"gold_loss":0,"cards_upgraded":["Hologram"]},{"damage_healed":0,"gold_gain":0,"player_choice":"Fight","damage_taken":0,"max_hp_gain":0,"max_hp_loss":0,"event_name":"Mysterious Sphere","floor":48,"gold_loss":0}],"is_beta":false,"boss_relics":[{"not_picked":["Cursed Key","Black Star"],"picked":"Calling Bell"},{"not_picked":["Inserter","Snecko Eye"],"picked":"Nuclear Battery"}],"items_purged_floors":[12,36,46],"is_endless":false,"potions_floor_spawned":[3,7,8,14,19,22,28,33,35,41,45,48],"ascension_level":7}