{"path_per_floor":["M","M","?","?","$","E","R","T","T","M","M","M","E","?","R","B",null,"M","M","M","?","$","R","$","M","T","R","M","?","$","E","R"],"character_chosen":"THE_SILENT","items_purchased":["Toy Ornithopter","Footwork"],"gold_per_floor":[110,130,130,130,55,84,84,111,136,148,166,186,217,317,317,413,413,430,448,467,467,367,367,46,63,90,90,103,103,32,64,64],"floor_reached":33,"campfire_rested":3,"playtime":3304,"current_hp_per_floor":[69,67,60,60,60,17,38,38,38,38,34,26,8,8,29,11,70,52,39,17,17,17,17,17,17,17,38,32,32,32,31,31],"items_purged":["Normality","Strike_G","Defend_G"],"gold":64,"score":330,"play_id":"b163d0cb-40e1-464d-ae09-cf06f75270eb","is_prod":false,"is_daily":false,"is_ascension_mode":true,"campfire_upgraded":2,"path_taken":["M","M","?","?","?","E","R","?","T","M","?","M","E","?","R","BOSS","M","?","M","?","$","R","$","M","T","R","M","?","?","E","R","BOSS"],"build_version":"2018-02-12-PROD1","purchased_purges":5,"victory":false,"master_deck":["Defend_G","Defend_G","Defend_G","Defend_G","Strike_G","Strike_G","Strike_G","Survivor+1","Neutralize","Backstab","Flying Knee","Accuracy","Well Laid Plans","Envenom","Noxious Fumes","Leg Sweep","Blade Dance","Burst+1","Outmaneuver+1","Cloak And Dagger+1","Dodge and Roll","Expertise","Cloak And Dagger+1","Footwork+1"],"max_hp_per_floor":[70,70,70,70,70,70,70,70,70,70,70,70,70,70,70,70,70,70,70,70,70,70,70,70,70,70,70,70,70,70,70,70],"relics":["Question Card","Dream Catcher","Bronze Scales","Snake Skull","Oddly Smooth Stone","Gambling Chip","Runic Dome","Toy Ornithopter","Prayer Wheel","Tingsha","War Paint"],"card_choices":[{"not_picked":["Reflex","Deadly Poison","All Out Attack"],"picked":"Backstab"},{"not_picked":["Outmaneuver","Masterful Stab","Slice"],"picked":"Flying Knee"},{"not_picked":["Calculated Gamble","Dagger Throw","Outmaneuver"],"picked":"Accuracy"},{"not_picked":["Quick Slash","Underhanded Strike","Dagger Throw"],"picked":"Well Laid Plans"},{"not_picked":["Backflip","Catalyst","Reflex"],"picked":"Envenom"},{"not_picked":["Skewer","Sucker Punch","Backflip"],"picked":"Noxious Fumes"},{"not_picked":["Night Terror","Flechettes","Slice"],"picked":"Leg Sweep"},{"not_picked":["Leg Sweep","Slice","Deflect"],"picked":"Blade Dance"},{"not_picked":["Die Die Die","Phantasmal Killer","Corpse Explosion"],"picked":"Burst"},{"not_picked":["Deadly Poison","Sucker Punch","Quick Slash"],"picked":"Outmaneuver"},{"not_picked":["Prepared","Outmaneuver","Dodge and Roll"],"picked":"Cloak And Dagger"},{"not_picked":["Deadly Poison","PiercingWail","Outmaneuver"],"picked":"Dodge and Roll"},{"not_picked":["PiercingWail","Quick Slash","Dagger Spray"],"picked":"Expertise"},{"not_picked":["Heel Hook","Prepared","Outmaneuver"],"picked":"Cloak And Dagger"}],"player_experience":141493,"potions_floor_usage":[6,11,13,25,28,31,31,33,33],"damage_taken":[{"damage":1,"enemies":"Blue Slaver","floor":1,"turns":8},{"damage":2,"enemies":"2 Louse","floor":2,"turns":3},{"damage":43,"enemies":"Lagavulin","floor":6,"turns":12},{"damage":0,"enemies":"Small Slimes","floor":10,"turns":3},{"damage":4,"enemies":"Exordium Thugs","floor":11,"turns":4},{"damage":8,"enemies":"Lots of Slimes","floor":12,"turns":3},{"damage":18,"enemies":"3 Sentries","floor":13,"turns":6},{"damage":18,"enemies":"Hexaghost","floor":16,"turns":9},{"damage":18,"enemies":"Shell Parasite","floor":18,"turns":5},{"damage":13,"enemies":"Spheric Guardian","floor":19,"turns":6},{"damage":22,"enemies":"Snake Plant","floor":20,"turns":4},{"damage":3,"enemies":"Centurion and Healer","floor":25,"turns":8},{"damage":9,"enemies":"Slaver and Parasite","floor":28,"turns":7},{"damage":22,"enemies":"Slavers","floor":31,"turns":6},{"damage":41,"enemies":"Collector","floor":33,"turns":6}],"event_choices":[{"event_name":"Golden Wing","player_choice":"Card Removal","floor":3,"damage_taken":0},{"event_name":"Accursed Blacksmith","player_choice":"Rummage","floor":4,"damage_taken":0},{"event_name":"Golden Shrine","player_choice":"Pray","floor":14,"damage_taken":0},{"event_name":"The Lab","player_choice":"Got Potions","floor":21,"damage_taken":0},{"event_name":"The Mausoleum","player_choice":"Yes","floor":29,"damage_taken":0}],"boss_relics":[{"not_picked":["Tiny House","Philosopher\u0027s Stone"],"picked":"Runic Dome"}],"potions_floor_spawned":[1,6,11,16,25,28,31],"seed_played":"-8163131487666409802","killed_by":"Collector","ascension_level":4,"is_trial":false}