{"gold_per_floor":[211,226,70,84,104,104,121,121,121,121,190,190,201,214,214,312,312,331,224,224,239,129,129,139,139,139,151,163,163,163],"floor_reached":30,"playtime":1932,"items_purged":[],"score":224,"play_id":"9120cd27-aa89-4818-a725-1aa5af12e6f7","local_time":"20190226011443","is_ascension_mode":false,"campfire_choices":[{"data":"Armaments","floor":6,"key":"SMITH"},{"data":"Havoc","floor":8,"key":"SMITH"},{"data":"Bash","floor":10,"key":"SMITH"},{"data":"Searing Blow","floor":15,"key":"SMITH"},{"data":"Searing Blow+1","floor":23,"key":"SMITH"},{"data":"Searing Blow+2","floor":25,"key":"SMITH"},{"data":"Searing Blow+3","floor":29,"key":"SMITH"}],"neow_cost":"NONE","seed_source_timestamp":343369351761281,"circlet_count":0,"master_deck":["Strike_R","Strike_R","Strike_R","Strike_R","Defend_R","Defend_R","Defend_R","Bash+1","Havoc+1","Flame Barrier","Feel No Pain","Disarm","Armaments+1","Battle Trance","Hemokinesis","Searing Blow+4","Fiend Fire","Shockwave+1","Intimidate","Combust","Wild Strike","Fire Breathing","Seeing Red","Metallicize","Disarm","Headbutt","Shrug It Off"],"relics":["Burning Blood"],"potions_floor_usage":[16,24,28,30],"damage_taken":[{"damage":1,"enemies":"Cultist","floor":1,"turns":4},{"damage":1,"enemies":"Jaw Worm","floor":2,"turns":3},{"damage":0,"enemies":"2 Louse","floor":4,"turns":5},{"damage":10,"enemies":"Large Slime","floor":5,"turns":7},{"damage":1,"enemies":"Exordium Wildlife","floor":7,"turns":3},{"damage":11,"enemies":"Gremlin Gang","floor":13,"turns":5},{"damage":2,"enemies":"3 Louse","floor":14,"turns":4},{"damage":61,"enemies":"Slime Boss","floor":16,"turns":16},{"damage":11,"enemies":"Chosen","floor":18,"turns":8},{"damage":17,"enemies":"Shell Parasite","floor":21,"turns":7},{"damage":25,"enemies":"Snecko","floor":24,"turns":6},{"damage":16,"enemies":"3 Cultists","floor":27,"turns":7},{"damage":12,"enemies":"Chosen and Byrds","floor":28,"turns":5},{"damage":34,"enemies":"Slavers","floor":30,"turns":2}],"seed_played":"-5708637144514315822","potions_obtained":[{"floor":4,"key":"Ancient Potion"},{"floor":7,"key":"GamblersBrew"},{"floor":13,"key":"Regen Potion"},{"floor":18,"key":"GamblersBrew"}],"is_trial":false,"path_per_floor":["M","M","$","M","M","R","M","R","T","R","?","?","M","M","R","B",null,"M","$","?","M","$","R","M","R","T","M","M","R","E"],"character_chosen":"IRONCLAD","items_purchased":["Feel No Pain","Disarm","Intimidate","Combust","Metallicize","Disarm"],"campfire_rested":0,"item_purchase_floors":[3,3,19,19,22,22],"current_hp_per_floor":[80,80,80,80,76,76,80,80,80,80,80,80,75,79,79,39,80,75,75,75,64,64,64,45,45,45,35,29,29,0],"gold":163,"neow_bonus":"HUNDRED_GOLD","is_prod":false,"is_daily":false,"chose_seed":false,"campfire_upgraded":7,"win_rate":0,"timestamp":1551143683,"path_taken":["M","M","$","M","M","R","M","R","T","R","?","?","M","M","R","BOSS","M","$","?","M","$","R","M","R","T","M","M","R","E"],"build_version":"2019-01-23","purchased_purges":0,"victory":false,"max_hp_per_floor":[80,80,80,80,80,80,80,80,80,80,80,80,80,80,80,80,80,80,80,80,80,80,80,80,80,80,80,80,80,80],"card_choices":[{"not_picked":["Body Slam","Heavy Blade"],"picked":"Havoc","floor":1},{"not_picked":["Whirlwind","Clothesline"],"picked":"Flame Barrier","floor":2},{"not_picked":["Dual Wield","Evolve"],"picked":"Armaments","floor":4},{"not_picked":["Fire Breathing","Seeing Red"],"picked":"Battle Trance","floor":5},{"not_picked":["Shockwave","Seeing Red"],"picked":"Hemokinesis","floor":7},{"not_picked":["Havoc","Anger"],"picked":"Searing Blow","floor":13},{"not_picked":["Flex","Warcry","Reckless Charge"],"picked":"SKIP","floor":14},{"not_picked":["Berserk","Limit Break"],"picked":"Fiend Fire","floor":16},{"not_picked":["Second Wind","Inflame"],"picked":"Shockwave+1","floor":18},{"not_picked":["Shrug It Off","Dual Wield+1"],"picked":"Seeing Red","floor":21},{"not_picked":["Heavy Blade","Uppercut"],"picked":"Headbutt","floor":24},{"not_picked":["Warcry","Body Slam","Thunderclap"],"picked":"SKIP","floor":27},{"not_picked":["Headbutt","Blood for Blood"],"picked":"Shrug It Off","floor":28}],"player_experience":505380,"relics_obtained":[],"event_choices":[{"damage_healed":0,"gold_gain":69,"player_choice":"Gained Gold","damage_taken":0,"max_hp_gain":0,"max_hp_loss":0,"event_name":"Golden Wing","floor":11,"gold_loss":0},{"damage_healed":0,"gold_gain":0,"player_choice":"Ignored","damage_taken":0,"max_hp_gain":0,"max_hp_loss":0,"event_name":"Liars Game","floor":12,"gold_loss":0},{"damage_healed":0,"gold_gain":0,"cards_transformed":["Strike_R","Defend_R"],"player_choice":"Became Test Subject","damage_taken":0,"max_hp_gain":0,"max_hp_loss":0,"event_name":"Drug Dealer","floor":20,"gold_loss":0,"cards_obtained":["Wild Strike","Fire Breathing"]}],"is_beta":false,"boss_relics":[{"not_picked":["Pandora\u0027s Box","Velvet Choker","Runic Pyramid"]}],"items_purged_floors":[],"is_endless":false,"potions_floor_spawned":[4,7,13,18,21],"killed_by":"Slavers","ascension_level":0}