{"gold_per_floor":[144,189,264,264,359,449,449,3,28,28,28,118,168,213,213,513,513,558,608,658,708,803,893,893,1193,1193,1193,327,327,417,507,507,827,827,872,93,443,413,508,598,688,688,713,803,853,112,112,162,162,182],"floor_reached":51,"playtime":4225,"items_purged":["Defend_B"],"score":1041,"play_id":"041445c4-d906-492c-8be3-cc45da788867","local_time":"20190725200728","daily_mods":["Heirloom","Flight","Midas"],"is_ascension_mode":false,"campfire_choices":[{"floor":7,"key":"DIG"},{"floor":10,"key":"DIG"},{"floor":11,"key":"DIG"},{"floor":15,"key":"DIG"},{"floor":24,"key":"DIG"},{"floor":25,"key":"DIG"},{"floor":27,"key":"DIG"},{"floor":29,"key":"DIG"},{"floor":32,"key":"DIG"},{"floor":42,"key":"DIG"},{"floor":47,"key":"DIG"},{"floor":49,"key":"DIG"}],"neow_cost":"","seed_source_timestamp":0,"circlet_count":0,"master_deck":["Strike_B","Strike_B","Strike_B+1","Defend_B+1","Defend_B","Zap","Dualcast","Self Repair","Ball Lightning","Leap","Coolheaded","Loop","Fusion","Core Surge+1","Buffer","Ball Lightning","Rip and Tear","Redo","Glacier","Go for the Eyes+1","Capacitor","Defragment+1","Defragment","Magnetism","Glacier+1","Reboot","Cold Snap","Electrodynamics+1","BootSequence","Barrage+1","Cold Snap+1","Storm+1","Seek","Mayhem+1","Leap"],"special_seed":18102,"relics":["Cracked Core","Shovel","SsserpentHead","Bottled Flame","Oddly Smooth Stone","Bird Faced Urn","Boot","Strawberry","Centennial Puzzle","Thread and Needle","Torii","Fusion Hammer","Mercury Hourglass","Pen Nib","Bronze Scales","Old Coin","Bag of Preparation","Bag of Marbles","Shuriken","Regal Pillow","DollysMirror","Meat on the Bone","Ice Cream","FossilizedHelix","Frozen Egg 2","Black Star","Molten Egg 2","Unceasing Top","Ginger","Happy Flower","The Courier","Singing Bowl","Potion Belt","Whetstone","Prayer Wheel","War Paint","Dead Branch","Art of War","Girya","DataDisk","Toxic Egg 2","Mummified Hand","Pear"],"potions_floor_usage":[],"damage_taken":[{"damage":1,"enemies":"Small Slimes","floor":1,"turns":3},{"damage":1,"enemies":"2 Louse","floor":2,"turns":3},{"damage":1,"enemies":"Cultist","floor":5,"turns":3},{"damage":34,"enemies":"Lagavulin","floor":6,"turns":6},{"damage":38,"enemies":"Gremlin Nob","floor":12,"turns":5},{"damage":0,"enemies":"Exordium Wildlife","floor":14,"turns":2},{"damage":10,"enemies":"Slime Boss","floor":16,"turns":16},{"damage":7,"enemies":"Chosen","floor":18,"turns":5},{"damage":1,"enemies":"2 Thieves","floor":22,"turns":4},{"damage":37,"enemies":"Slavers","floor":23,"turns":6},{"damage":6,"enemies":"Book of Stabbing","floor":30,"turns":6},{"damage":14,"enemies":"Slavers","floor":31,"turns":5},{"damage":0,"enemies":"Champ","floor":33,"turns":14},{"damage":0,"enemies":"3 Darklings","floor":35,"turns":7},{"damage":0,"enemies":"Mind Bloom Boss Battle","floor":37,"turns":4},{"damage":0,"enemies":"Orb Walker","floor":39,"turns":3},{"damage":0,"enemies":"Reptomancer","floor":40,"turns":6},{"damage":1,"enemies":"Giant Head","floor":41,"turns":9},{"damage":25,"enemies":"Reptomancer","floor":44,"turns":5},{"damage":0,"enemies":"Time Eater","floor":50,"turns":8}],"seed_played":"4124427309917851769","potions_obtained":[{"floor":1,"key":"SteroidPotion"},{"floor":5,"key":"Strength Potion"},{"floor":16,"key":"GamblersBrew"},{"floor":23,"key":"Ancient Potion"},{"floor":35,"key":"Energy Potion"},{"floor":41,"key":"SpeedPotion"}],"is_trial":false,"path_per_floor":["M","M","?","?","M","E","R","$","T","R","R","E","?","M","R","B",null,"M","?","?","T","M","E","R","R","T","R","$","R","E","E","R","B",null,"M","$","?","?","M","E","E","R","T","E","?","$","R","?","R","B",null],"character_chosen":"DEFECT","items_purchased":["Loop","Bird Faced Urn","Fusion","Defragment","Shuriken","Regal Pillow","DollysMirror","Magnetism","Electrodynamics+1","BootSequence","Molten Egg 2","Unceasing Top","Mayhem+1","Leap","Girya","DataDisk","Toxic Egg 2"],"campfire_rested":0,"item_purchase_floors":[8,8,8,28,28,28,28,28,36,36,36,36,46,46,46,46,46],"current_hp_per_floor":[74,75,64,64,70,43,43,43,43,50,50,23,23,25,25,26,82,82,82,82,82,81,56,56,56,56,56,56,56,69,63,63,82,82,82,82,82,82,82,84,84,84,84,72,72,72,72,74,84,96],"gold":182,"neow_bonus":"","is_prod":false,"is_daily":true,"chose_seed":false,"campfire_upgraded":0,"win_rate":0,"timestamp":1564074448,"path_taken":["M","M","?","?","?","E","R","$","T","R","R","E","?","M","R","BOSS","M","?","?","?","?","E","R","R","T","R","$","R","E","E","R","BOSS","M","$","?","?","?","E","E","R","T","E","?","?","R","?","R","BOSS"],"build_version":"2019-07-17","purchased_purges":1,"victory":true,"max_hp_per_floor":[75,75,75,75,75,75,75,75,75,82,82,82,82,82,82,82,82,82,82,82,82,82,82,82,82,82,82,82,82,82,82,82,82,82,82,82,82,82,82,84,84,84,84,84,84,84,84,86,96,96],"card_choices":[{"not_picked":["Beam Cell","Reinforced Body"],"picked":"Self Repair","floor":1},{"not_picked":["Gash","Rebound"],"picked":"Ball Lightning","floor":2},{"not_picked":["Stack","Hologram"],"picked":"Leap","floor":5},{"not_picked":["Ball Lightning","Static Discharge"],"picked":"Coolheaded","floor":6},{"not_picked":["Steam","Genetic Algorithm","Redo"],"picked":"SKIP","floor":12},{"not_picked":["Aggregate","Redo"],"picked":"Core Surge","floor":14},{"not_picked":["Biased Cognition","Thunder Strike"],"picked":"Buffer","floor":16},{"not_picked":["Steam","Turbo"],"picked":"Ball Lightning","floor":18},{"not_picked":["Gash","Coolheaded"],"picked":"Go for the Eyes+1","floor":22},{"not_picked":["Multi-Cast","Genetic Algorithm"],"picked":"Capacitor","floor":23},{"not_picked":["Reprogram","Coolheaded"],"picked":"Glacier","floor":30},{"not_picked":["Gash","Compile Driver","Darkness"],"picked":"SKIP","floor":31},{"not_picked":["Hyperbeam","Fission"],"picked":"Reboot","floor":33},{"not_picked":["Conserve Battery","Ball Lightning"],"picked":"Cold Snap","floor":35},{"not_picked":["Steam","Melter+1"],"picked":"Barrage+1","floor":37},{"not_picked":["Barrage+1","Compile Driver+1"],"picked":"Cold Snap+1","floor":39},{"not_picked":["Meteor Strike+1","Tempest","Barrage+1"],"picked":"Singing Bowl","floor":40},{"not_picked":["Stack+1","Consume+1"],"picked":"Storm+1","floor":41},{"not_picked":["Aggregate+1","Sunder+1"],"picked":"Seek","floor":44},{"not_picked":["Purity+1","Transmutation+1","Flash of Steel+1"],"picked":"Singing Bowl","floor":48}],"player_experience":112370,"relics_obtained":[{"floor":6,"key":"Bottled Flame"},{"floor":7,"key":"Oddly Smooth Stone"},{"floor":9,"key":"Boot"},{"floor":10,"key":"Strawberry"},{"floor":11,"key":"Centennial Puzzle"},{"floor":12,"key":"Thread and Needle"},{"floor":15,"key":"Torii"},{"floor":21,"key":"Mercury Hourglass"},{"floor":23,"key":"Pen Nib"},{"floor":24,"key":"Bronze Scales"},{"floor":25,"key":"Old Coin"},{"floor":26,"key":"Bag of Preparation"},{"floor":27,"key":"Bag of Marbles"},{"floor":29,"key":"Meat on the Bone"},{"floor":30,"key":"Ice Cream"},{"floor":31,"key":"FossilizedHelix"},{"floor":32,"key":"Frozen Egg 2"},{"floor":37,"key":"Ginger"},{"floor":40,"key":"The Courier"},{"floor":40,"key":"Singing Bowl"},{"floor":41,"key":"Potion Belt"},{"floor":41,"key":"Whetstone"},{"floor":42,"key":"Prayer Wheel"},{"floor":43,"key":"War Paint"},{"floor":44,"key":"Dead Branch"},{"floor":44,"key":"Art of War"},{"floor":47,"key":"Mummified Hand"},{"floor":49,"key":"Pear"}],"event_choices":[{"damage_healed":0,"gold_gain":75,"player_choice":"Gather Gold","damage_taken":11,"max_hp_gain":0,"max_hp_loss":0,"event_name":"World of Goop","floor":3,"gold_loss":0},{"damage_healed":0,"gold_gain":0,"player_choice":"Trade","damage_taken":0,"relics_obtained":["SsserpentHead"],"max_hp_gain":0,"max_hp_loss":0,"event_name":"FaceTrader","floor":4,"gold_loss":0},{"damage_healed":0,"gold_gain":0,"player_choice":"Ignored","damage_taken":0,"max_hp_gain":0,"max_hp_loss":0,"event_name":"Shining Light","floor":13,"gold_loss":0},{"damage_healed":0,"gold_gain":0,"cards_transformed":["Strike_B","Defend_B"],"player_choice":"Became Test Subject","damage_taken":0,"max_hp_gain":0,"max_hp_loss":0,"event_name":"Drug Dealer","floor":19,"gold_loss":0,"cards_obtained":["Rip and Tear","Redo"]},{"damage_healed":0,"gold_gain":0,"player_choice":"Read","damage_taken":0,"max_hp_gain":0,"max_hp_loss":0,"event_name":"The Library","floor":20,"gold_loss":0,"cards_obtained":["Glacier"]},{"damage_healed":0,"gold_gain":0,"player_choice":"Fight","damage_taken":0,"max_hp_gain":0,"max_hp_loss":0,"event_name":"MindBloom","floor":37,"gold_loss":0},{"damage_healed":0,"gold_gain":0,"player_choice":"Paid Gold","damage_taken":0,"relics_obtained":["Happy Flower"],"max_hp_gain":0,"max_hp_loss":0,"event_name":"WeMeetAgain","floor":38,"gold_loss":80},{"damage_healed":0,"gold_gain":0,"player_choice":"Upgraded","damage_taken":0,"max_hp_gain":0,"max_hp_loss":0,"event_name":"Upgrade Shrine","floor":45,"gold_loss":0,"cards_upgraded":["Defragment"]},{"damage_healed":0,"gold_gain":0,"player_choice":"Memory 1","damage_taken":0,"max_hp_gain":0,"max_hp_loss":0,"event_name":"SensoryStone","floor":48,"gold_loss":0}],"is_beta":false,"boss_relics":[{"not_picked":["Calling Bell","FrozenCore"],"picked":"Fusion Hammer"},{"not_picked":["Runic Dome","Runic Pyramid"],"picked":"Black Star"}],"items_purged_floors":[46],"is_endless":false,"potions_floor_spawned":[1,5,16,23,35,39,41],"ascension_level":0}