{"gold_per_floor":[116,116,66,85,85,119,189,189,215,215,255,77,95,110,110,235,235,259,273,198,52,76,76,107,107,107,130,155,194,194,207,207,207],"floor_reached":33,"playtime":1570,"items_purged":[],"score":354,"play_id":"9e64e347-6b83-461b-939c-012c8707b56c","local_time":"20190816194246","is_ascension_mode":true,"campfire_choices":[{"floor":8,"key":"REST"},{"floor":15,"key":"REST"},{"floor":23,"key":"REST"},{"floor":25,"key":"REST"},{"floor":30,"key":"REST"},{"floor":32,"key":"REST"}],"neow_cost":"NONE","seed_source_timestamp":661199000105533,"circlet_count":0,"master_deck":["Strike_B","Defend_B","Defend_B","Defend_B","Defend_B","Zap","Dualcast","Ball Lightning","Coolheaded","Leap","FTL","Panache","Ball Lightning","Multi-Cast","Leap+1","Cold Snap","Coolheaded","FTL+1","Doubt","Auto Shields","Sunder","Thunder Strike"],"relics":["Cracked Core","Orichalcum","Golden Idol","Meat on the Bone","Mango","Blood Vial","Symbiotic Virus","Cursed Key","Happy Flower","Ginger","Pantograph","Bottled Tornado"],"potions_floor_usage":[7,11,29,33,33],"damage_taken":[{"damage":1,"enemies":"2 Louse","floor":1,"turns":2},{"damage":2,"enemies":"Jaw Worm","floor":4,"turns":3},{"damage":27,"enemies":"3 Sentries","floor":6,"turns":8},{"damage":6,"enemies":"3 Sentries","floor":7,"turns":5},{"damage":13,"enemies":"Gremlin Nob","floor":11,"turns":5},{"damage":2,"enemies":"Small Slimes","floor":13,"turns":2},{"damage":20,"enemies":"3 Louse","floor":14,"turns":3},{"damage":57,"enemies":"Hexaghost","floor":16,"turns":11},{"damage":17,"enemies":"2 Thieves","floor":18,"turns":4},{"damage":7,"enemies":"Chosen","floor":19,"turns":4},{"damage":19,"enemies":"3 Cultists","floor":22,"turns":5},{"damage":49,"enemies":"Slavers","floor":24,"turns":6},{"damage":38,"enemies":"Snecko","floor":27,"turns":7},{"damage":12,"enemies":"Snake Plant","floor":28,"turns":4},{"damage":17,"enemies":"Book of Stabbing","floor":29,"turns":6},{"damage":23,"enemies":"Centurion and Healer","floor":31,"turns":5},{"damage":99,"enemies":"Collector","floor":33,"turns":11}],"seed_played":"-8431100554551370765","potions_obtained":[{"floor":1,"key":"Weak Potion"},{"floor":6,"key":"FocusPotion"},{"floor":16,"key":"Ancient Potion"},{"floor":19,"key":"Energy Potion"},{"floor":24,"key":"Fire Potion"}],"is_trial":false,"path_per_floor":["M","?","?","M","?","E","?","R","T","?","E","$","M","M","R","B",null,"M","M","?","$","M","R","E","R","T","M","M","E","R","M","R","B"],"character_chosen":"DEFECT","items_purchased":["Panache","Happy Flower"],"campfire_rested":6,"item_purchase_floors":[12,21],"current_hp_per_floor":[74,67,67,65,47,20,40,66,66,66,55,55,55,49,75,32,89,72,67,67,67,50,76,41,67,67,43,45,42,68,47,73,0],"gold":207,"neow_bonus":"RANDOM_COMMON_RELIC","is_prod":false,"is_daily":false,"chose_seed":false,"campfire_upgraded":0,"win_rate":0,"timestamp":1565977366,"path_taken":["M","?","?","M","?","E","?","R","T","?","E","?","M","?","R","BOSS","M","M","?","$","M","R","E","R","T","M","M","E","R","M","R","BOSS"],"build_version":"2019-07-17","purchased_purges":0,"victory":false,"max_hp_per_floor":[75,75,75,75,75,75,89,89,89,89,89,89,89,89,89,89,89,89,89,89,89,89,89,89,89,89,89,89,89,89,89,89,89],"card_choices":[{"not_picked":["Undo","Capacitor"],"picked":"Ball Lightning","floor":1},{"not_picked":["Rebound","Fusion"],"picked":"Coolheaded","floor":4},{"not_picked":["Static Discharge","Storm"],"picked":"Leap","floor":6},{"not_picked":["Go for the Eyes","Turbo"],"picked":"FTL","floor":11},{"not_picked":["Rebound","Streamline","Recycle"],"picked":"SKIP","floor":13},{"not_picked":["Buffer","Hello World"],"picked":"Ball Lightning","floor":14},{"not_picked":["Electrodynamics","Hyperbeam"],"picked":"Multi-Cast","floor":16},{"not_picked":["Aggregate","Loop"],"picked":"Leap+1","floor":18},{"not_picked":["Turbo","Scrape"],"picked":"Cold Snap","floor":19},{"not_picked":["Recycle","Turbo+1"],"picked":"Coolheaded","floor":22},{"not_picked":["Rip and Tear+1","Hologram+1"],"picked":"FTL+1","floor":24},{"not_picked":["Leap+1","Undo+1"],"picked":"Auto Shields","floor":27},{"not_picked":["Leap","Coolheaded"],"picked":"Sunder","floor":28},{"not_picked":["Sunder","Compile Driver"],"picked":"Thunder Strike","floor":29},{"not_picked":["Steam Power","Steam+1","Rebound"],"picked":"SKIP","floor":31}],"player_experience":112623,"relics_obtained":[{"floor":6,"key":"Meat on the Bone"},{"floor":9,"key":"Blood Vial"},{"floor":11,"key":"Symbiotic Virus"},{"floor":24,"key":"Ginger"},{"floor":26,"key":"Pantograph"},{"floor":29,"key":"Bottled Tornado"}],"event_choices":[{"cards_removed":["Strike_B"],"damage_healed":0,"gold_gain":0,"player_choice":"Card Removal","damage_taken":7,"max_hp_gain":0,"max_hp_loss":0,"event_name":"Golden Wing","floor":2,"gold_loss":0},{"cards_removed":["Strike_B"],"damage_healed":0,"gold_gain":0,"player_choice":"Card Removal","damage_taken":0,"max_hp_gain":0,"max_hp_loss":0,"event_name":"The Cleric","floor":3,"gold_loss":50},{"damage_healed":0,"gold_gain":0,"player_choice":"Take Damage","damage_taken":18,"relics_obtained":["Golden Idol"],"max_hp_gain":0,"max_hp_loss":0,"event_name":"Golden Idol","floor":5,"gold_loss":0},{"damage_healed":0,"gold_gain":0,"player_choice":"Searched \u00272\u0027 times","damage_taken":0,"relics_obtained":["Mango"],"max_hp_gain":0,"max_hp_loss":0,"event_name":"Dead Adventurer","floor":7,"gold_loss":0},{"damage_healed":0,"gold_gain":0,"cards_transformed":["Strike_B"],"player_choice":"Change","damage_taken":0,"max_hp_gain":0,"max_hp_loss":0,"event_name":"Living Wall","floor":10,"gold_loss":0,"cards_obtained":["Amplify"]},{"cards_removed":["Amplify"],"damage_healed":0,"gold_gain":0,"player_choice":"Gave Gold","damage_taken":0,"max_hp_gain":0,"max_hp_loss":0,"event_name":"Beggar","floor":20,"gold_loss":75}],"is_beta":false,"boss_relics":[{"not_picked":["FrozenCore","Velvet Choker"],"picked":"Cursed Key"}],"items_purged_floors":[],"is_endless":false,"potions_floor_spawned":[1,6,16,19,24,28],"killed_by":"Collector","ascension_level":4}