{"gold_per_floor":[118,118,118,135,60,60,76,101,101,125,125,200,212,231,231,330,330,342,342,28,28,41,41,0,0,23,23,23,23,23,36,36,140,140,154,154,154,7,18,18,29,49,121,121,121,140,40,140,140,140],"floor_reached":51,"playtime":3705,"items_purged":["Regret","Strike_R"],"score":616,"play_id":"a7191163-a26a-4b4f-b130-4983ada98485","local_time":"20190806232031","is_ascension_mode":false,"campfire_choices":[{"data":"Corruption","floor":6,"key":"SMITH"},{"data":"Burning Pact","floor":15,"key":"SMITH"},{"data":"Battle Trance","floor":23,"key":"SMITH"},{"data":"Madness","floor":25,"key":"SMITH"},{"data":"Wild Strike","floor":29,"key":"SMITH"},{"floor":32,"key":"REST"},{"floor":40,"key":"REST"},{"floor":44,"key":"REST"},{"floor":49,"key":"REST"}],"neow_cost":"CURSE","seed_source_timestamp":431121321705889,"circlet_count":0,"master_deck":["Strike_R","Defend_R","Defend_R","Defend_R","Defend_R","Bash","Wild Strike+1","Corruption+1","Pommel Strike","Carnage","Burning Pact+1","Pommel Strike","Fiend Fire+1","Shockwave","Madness+1","Pommel Strike","Panache","Battle Trance+1","Battle Trance+1","Rampage","Battle Trance","Demon Form","Iron Wave","Heavy Blade","Intimidate+1"],"relics":["Burning Blood","Incense Burner","Gremlin Horn","WarpedTongs","Juzu Bracelet","Anchor","Bag of Marbles","Empty Cage","Lantern","Nilry\u0027s Codex","Happy Flower","Ancient Tea Set","Fusion Hammer","Vajra","Letter Opener","Charon\u0027s Ashes"],"potions_floor_usage":[16,33,33],"damage_taken":[{"damage":8,"enemies":"Jaw Worm","floor":1,"turns":8},{"damage":7,"enemies":"2 Louse","floor":4,"turns":3},{"damage":7,"enemies":"Cultist","floor":7,"turns":4},{"damage":25,"enemies":"Gremlin Nob","floor":8,"turns":5},{"damage":2,"enemies":"Exordium Wildlife","floor":13,"turns":3},{"damage":3,"enemies":"Looter","floor":14,"turns":4},{"damage":39,"enemies":"Hexaghost","floor":16,"turns":11},{"damage":24,"enemies":"3 Byrds","floor":18,"turns":6},{"damage":5,"enemies":"Shell Parasite","floor":22,"turns":5},{"damage":3,"enemies":"Chosen and Byrds","floor":31,"turns":5},{"damage":63,"enemies":"Collector","floor":33,"turns":13},{"damage":4,"enemies":"Orb Walker","floor":35,"turns":3},{"damage":13,"enemies":"3 Darklings","floor":39,"turns":5},{"damage":2,"enemies":"Maw","floor":41,"turns":4},{"damage":15,"enemies":"4 Shapes","floor":42,"turns":3},{"damage":2,"enemies":"Spire Growth","floor":46,"turns":4},{"damage":22,"enemies":"Mind Bloom Boss Battle","floor":48,"turns":6},{"damage":36,"enemies":"Time Eater","floor":50,"turns":7}],"seed_played":"-6810539546033637222","potions_obtained":[{"floor":1,"key":"LiquidBronze"},{"floor":8,"key":"Block Potion"},{"floor":13,"key":"Energy Potion"},{"floor":22,"key":"SteroidPotion"},{"floor":35,"key":"Fire Potion"},{"floor":42,"key":"SkillPotion"},{"floor":45,"key":"GamblersBrew"}],"is_trial":false,"path_per_floor":["M","?","?","M","$","R","M","E","T","T","?","?","M","M","R","B",null,"M","?","$","?","M","R","?","R","T","?","?","R","?","M","R","B",null,"M","?","?","$","M","R","M","M","T","R","?","M","$","?","R","B",null],"character_chosen":"IRONCLAD","items_purchased":["Panache","Lantern","Vajra"],"campfire_rested":4,"item_purchase_floors":[20,20,38],"current_hp_per_floor":[78,78,78,77,77,77,76,57,57,57,57,46,50,53,53,20,80,62,62,62,46,47,47,47,47,47,47,47,47,47,50,74,17,80,80,80,80,80,73,80,80,71,71,80,80,80,80,64,80,50],"gold":140,"neow_bonus":"ONE_RARE_RELIC","is_prod":false,"is_daily":false,"chose_seed":false,"campfire_upgraded":5,"win_rate":0.0,"timestamp":1565126431,"path_taken":["M","?","?","M","$","R","?","E","T","?","?","?","M","M","R","BOSS","M","?","$","?","M","R","?","R","T","?","?","R","?","M","R","BOSS","M","?","?","$","M","R","M","M","T","R","?","M","?","?","R","BOSS"],"build_version":"2019-07-17","purchased_purges":2,"victory":true,"max_hp_per_floor":[80,80,80,80,80,80,80,80,80,80,80,80,80,80,80,80,80,80,80,80,80,80,80,80,80,80,80,80,80,80,80,80,80,80,80,80,80,80,80,80,80,80,80,80,80,80,80,80,80,80],"card_choices":[{"not_picked":["Thunderclap","Clash"],"picked":"Wild Strike","floor":1},{"not_picked":["Pommel Strike","Bloodletting"],"picked":"Corruption","floor":4},{"not_picked":["Clothesline","Clash"],"picked":"Pommel Strike","floor":7},{"not_picked":["Bloodletting","Thunderclap","Dual Wield"],"picked":"SKIP","floor":8},{"not_picked":["Shrug It Off","Twin Strike"],"picked":"Burning Pact","floor":13},{"not_picked":["Warcry","Feed"],"picked":"Pommel Strike","floor":14},{"not_picked":["Double Tap","Demon Form"],"picked":"Fiend Fire","floor":16},{"not_picked":["Rage","Clothesline+1"],"picked":"Shockwave","floor":18},{"not_picked":["Pommel Strike","Iron Wave"],"picked":"Battle Trance","floor":22},{"not_picked":["Hemokinesis","Battle Trance","Sever Soul"],"picked":"SKIP","floor":31},{"not_picked":["Berserk","Feed"],"picked":"Demon Form","floor":33},{"not_picked":["Dropkick","Iron Wave","Carnage"],"picked":"SKIP","floor":35},{"not_picked":["Burning Pact","Perfected Strike+1"],"picked":"Heavy Blade","floor":39},{"not_picked":["Battle Trance","Uppercut"],"picked":"Intimidate+1","floor":41},{"not_picked":["True Grit","Iron Wave","Sword Boomerang"],"picked":"SKIP","floor":42},{"not_picked":["Dropkick","Headbutt+1","Rampage"],"picked":"SKIP","floor":46}],"player_experience":26029,"relics_obtained":[{"floor":8,"key":"Juzu Bracelet"},{"floor":9,"key":"Anchor"},{"floor":10,"key":"Bag of Marbles"},{"floor":21,"key":"Nilry\u0027s Codex"},{"floor":26,"key":"Happy Flower"},{"floor":43,"key":"Letter Opener"},{"floor":48,"key":"Charon\u0027s Ashes"}],"event_choices":[{"damage_healed":0,"gold_gain":0,"player_choice":"Box","damage_taken":0,"relics_obtained":["Gremlin Horn"],"max_hp_gain":0,"max_hp_loss":0,"event_name":"Big Fish","floor":2,"gold_loss":0,"cards_obtained":["Regret"]},{"damage_healed":0,"gold_gain":0,"player_choice":"Rummage","damage_taken":0,"relics_obtained":["WarpedTongs"],"max_hp_gain":0,"max_hp_loss":0,"event_name":"Accursed Blacksmith","floor":3,"gold_loss":0,"cards_obtained":["Pain"]},{"damage_healed":0,"gold_gain":0,"cards_transformed":["Strike_R"],"player_choice":"Change","damage_taken":0,"max_hp_gain":0,"max_hp_loss":0,"event_name":"Living Wall","floor":11,"gold_loss":0,"cards_obtained":["Carnage"]},{"damage_healed":0,"gold_gain":75,"player_choice":"Gather Gold","damage_taken":11,"max_hp_gain":0,"max_hp_loss":0,"event_name":"World of Goop","floor":12,"gold_loss":0},{"damage_healed":0,"gold_gain":0,"player_choice":"2 cards matched","damage_taken":0,"max_hp_gain":0,"max_hp_loss":0,"event_name":"Match and Keep!","floor":19,"gold_loss":0,"cards_obtained":["Madness","Pommel Strike"]},{"damage_healed":0,"gold_gain":0,"player_choice":"Obtained Book","damage_taken":16,"max_hp_gain":0,"max_hp_loss":0,"event_name":"Cursed Tome","floor":21,"gold_loss":0},{"damage_healed":0,"gold_gain":0,"player_choice":"Paid Fearfully","damage_taken":0,"max_hp_gain":0,"max_hp_loss":0,"event_name":"Masked Bandits","floor":24,"gold_loss":41},{"damage_healed":0,"gold_gain":0,"player_choice":"Copied","damage_taken":0,"max_hp_gain":0,"max_hp_loss":0,"event_name":"Duplicator","floor":27,"gold_loss":0,"cards_obtained":["Battle Trance"]},{"damage_healed":0,"gold_gain":0,"player_choice":"Opened","damage_taken":0,"relics_obtained":["Ancient Tea Set"],"max_hp_gain":0,"max_hp_loss":0,"event_name":"The Mausoleum","floor":28,"gold_loss":0,"cards_obtained":["Writhe"]},{"damage_healed":0,"gold_gain":0,"cards_transformed":["Strike_R","Strike_R"],"player_choice":"Became Test Subject","damage_taken":0,"max_hp_gain":0,"max_hp_loss":0,"event_name":"Drug Dealer","floor":30,"gold_loss":0,"cards_obtained":["Rampage","Battle Trance"]},{"cards_removed":["Writhe"],"damage_healed":0,"gold_gain":0,"player_choice":"Took Card","damage_taken":0,"max_hp_gain":0,"max_hp_loss":0,"event_name":"NoteForYourself","floor":36,"gold_loss":0,"cards_obtained":["Iron Wave"]},{"damage_healed":0,"gold_gain":0,"player_choice":"Upgraded","damage_taken":0,"max_hp_gain":0,"max_hp_loss":0,"event_name":"Upgrade Shrine","floor":37,"gold_loss":0,"cards_upgraded":["Fiend Fire"]},{"damage_healed":0,"gold_gain":0,"player_choice":"Got Potions","damage_taken":0,"max_hp_gain":0,"max_hp_loss":0,"event_name":"Lab","floor":45,"gold_loss":0},{"damage_healed":0,"gold_gain":0,"player_choice":"Fight","damage_taken":0,"max_hp_gain":0,"max_hp_loss":0,"event_name":"MindBloom","floor":48,"gold_loss":0}],"is_beta":false,"boss_relics":[{"not_picked":["Lizard Tail","Busted Crown"],"picked":"Empty Cage"},{"not_picked":["Black Blood","Astrolabe"],"picked":"Fusion Hammer"}],"items_purged_floors":[5,47],"is_endless":false,"potions_floor_spawned":[1,8,13,22,31,35,42],"ascension_level":0}