{"gold_per_floor":[114,189,204,5,20,20,35,65,115,115,115,130,145,145,145,245,245,260,275,50,65,65,65,95,95,170,185,185],"floor_reached":28,"playtime":1165,"items_purged":["Defend_B"],"score":390,"play_id":"08494e7c-f64b-4a85-b170-a08a520fa826","local_time":"20190823082348","daily_mods":["Cursed Run","Uncertain Future","DeadlyEvents"],"is_ascension_mode":false,"campfire_choices":[{"data":"Zap","floor":6.0,"key":"SMITH"},{"floor":10,"key":"REST"},{"data":"Defragment","floor":15,"key":"SMITH"},{"floor":23,"key":"REST"},{"data":"Seek","floor":25,"key":"SMITH"}],"neow_cost":"","seed_source_timestamp":0,"circlet_count":0,"master_deck":["Strike_B","Strike_B","Strike_B","Defend_B","Defend_B","Defend_B","Zap+1","Dualcast+1","Defragment+1","Stack","All For One","Loop","Seek+1","Doom and Gloom","Parasite","Parasite","FTL","Parasite","Rainbow+1","Redo+1","Go for the Eyes","Writhe","Beam Cell","Decay","Scrape"],"special_seed":18131,"relics":["Cursed Key","Darkstone Periapt","Du-Vu Doll","Bottled Flame","Blood Vial","Sozu","Vajra","War Paint","Shovel","Matryoshka"],"potions_floor_usage":[28],"damage_taken":[{"damage":1.0,"enemies":"Jaw Worm","floor":1.0,"turns":3.0},{"damage":2.0,"enemies":"Small Slimes","floor":3.0,"turns":4.0},{"damage":2.0,"enemies":"2 Louse","floor":5.0,"turns":4.0},{"damage":4.0,"enemies":"2 Fungi Beasts","floor":7.0,"turns":3.0},{"damage":32.0,"enemies":"Gremlin Nob","floor":8.0,"turns":4.0},{"damage":9,"enemies":"Blue Slaver","floor":12,"turns":3},{"damage":17,"enemies":"Gremlin Gang","floor":13,"turns":5},{"damage":31,"enemies":"Slime Boss","floor":16,"turns":9},{"damage":9,"enemies":"Shell Parasite","floor":18,"turns":4},{"damage":21,"enemies":"2 Thieves","floor":19,"turns":4},{"damage":18,"enemies":"Sentry and Sphere","floor":21,"turns":4},{"damage":33,"enemies":"Slavers","floor":24,"turns":4},{"damage":13,"enemies":"Chosen and Byrds","floor":27,"turns":4},{"damage":26,"enemies":"Colosseum Slavers","floor":28,"turns":3},{"damage":27,"enemies":"Colosseum Nobs","floor":28,"turns":2}],"seed_played":"2764095048026629251","potions_obtained":[{"floor":3.0,"key":"SneckoOil"},{"floor":7.0,"key":"Explosive Potion"},{"floor":16,"key":"SpeedPotion"}],"is_trial":false,"path_per_floor":["M","?","M","$","M","R","M","E","T","R","?","M","M","?","R","B",null,"M","M","$","M","?","R","E","R","T","M","?"],"character_chosen":"DEFECT","items_purchased":["All For One","Loop","Vajra"],"campfire_rested":2,"item_purchase_floors":[4,4,20],"current_hp_per_floor":[74,63,61,61,59,59,55,23,29,53,79,72,57,50,50,27,93,84,65,65,49,55,84,53,53,59,48,0],"gold":185,"neow_bonus":"","is_prod":false,"is_daily":true,"chose_seed":false,"campfire_upgraded":3,"win_rate":0,"timestamp":1566541428,"path_taken":["M","?","M","$","M","R","M","E","T","R","?","M","M","?","R","BOSS","M","M","$","M","?","R","E","R","T","M","?"],"build_version":"2019-07-17","purchased_purges":1,"victory":false,"max_hp_per_floor":[75,75,75,75,75,75,75,75,81,81,87,87,87,87,87,93,93,93,93,93,93,99,99,99,99,105,105,105],"card_choices":[{"not_picked":["Go for the Eyes","Redo"],"picked":"Defragment","floor":1.0},{"not_picked":["Streamline","Hello World"],"picked":"Stack","floor":3.0},{"not_picked":["Compile Driver","Ball Lightning","Rebound"],"picked":"SKIP","floor":5.0},{"not_picked":["Tempest","Steam"],"picked":"Seek","floor":7.0},{"not_picked":["Compile Driver","Double Energy"],"picked":"Doom and Gloom","floor":8},{"not_picked":["Blizzard","Redo"],"picked":"FTL","floor":12},{"not_picked":["Fusion","Ball Lightning","Redo"],"picked":"SKIP","floor":13},{"not_picked":["Hyperbeam","Reboot"],"picked":"Rainbow","floor":16},{"not_picked":["Go for the Eyes","Compile Driver"],"picked":"Redo+1","floor":18},{"not_picked":["Ball Lightning+1","Hologram","Redo"],"picked":"SKIP","floor":19},{"not_picked":["Darkness","Undo"],"picked":"Go for the Eyes","floor":21},{"not_picked":["Aggregate","Sweeping Beam"],"picked":"Beam Cell","floor":24},{"not_picked":["Coolheaded","Ball Lightning"],"picked":"Scrape","floor":27}],"player_experience":340805,"relics_obtained":[{"floor":8,"key":"Bottled Flame"},{"floor":9,"key":"Blood Vial"},{"floor":24,"key":"Shovel"},{"floor":26,"key":"Matryoshka"}],"event_choices":[{"damage_healed":0.0,"max_hp_gain":0.0,"max_hp_loss":0.0,"gold_gain":75.0,"event_name":"World of Goop","player_choice":"Gather Gold","floor":2.0,"gold_loss":0.0,"damage_taken":11.0},{"damage_healed":20,"gold_gain":0,"player_choice":"Healed and dodged fight","damage_taken":0,"max_hp_gain":0,"max_hp_loss":0,"event_name":"Mushrooms","floor":11,"gold_loss":0,"cards_obtained":["Parasite"]},{"cards_removed":["Strike_B"],"damage_healed":0,"gold_gain":0,"player_choice":"Card Removal","damage_taken":7,"max_hp_gain":0,"max_hp_loss":0,"event_name":"Golden Wing","floor":14,"gold_loss":0},{"damage_healed":0,"gold_gain":0,"player_choice":"Opened","damage_taken":0,"relics_obtained":["War Paint"],"max_hp_gain":0,"max_hp_loss":0,"event_name":"The Mausoleum","floor":22,"gold_loss":0,"cards_obtained":["Writhe"]},{"damage_healed":0,"gold_gain":0,"player_choice":"Fight","damage_taken":0,"max_hp_gain":0,"max_hp_loss":0,"event_name":"Colosseum","floor":28,"gold_loss":0},{"damage_healed":0,"gold_gain":0,"player_choice":"Fought Nobs","damage_taken":0,"max_hp_gain":0,"max_hp_loss":0,"event_name":"Colosseum","floor":28,"gold_loss":0}],"is_beta":false,"boss_relics":[{"not_picked":["Lizard Tail","Coffee Dripper"],"picked":"Sozu"}],"items_purged_floors":[20],"is_endless":false,"potions_floor_spawned":[3,7,16,21,24,28],"killed_by":"Colosseum Nobs","ascension_level":0}