{"gold_per_floor":[119,119,119,119,39,39,53,72,72,82,82,82,95,46,46,150,150,165,178,105,105,119,119,154,154,204,224,177,177,189,199,199,199],"floor_reached":33,"playtime":2918,"items_purged":[],"score":307,"play_id":"c0068d45-6ede-4762-8c55-ba0ad617ef0f","local_time":"20190825013532","is_ascension_mode":false,"campfire_choices":[{"floor":6,"key":"REST"},{"floor":11,"key":"REST"},{"data":"Defend_B","floor":15,"key":"SMITH"},{"floor":23,"key":"REST"},{"floor":25,"key":"REST"},{"data":"White Noise","floor":32,"key":"SMITH"}],"neow_cost":"NONE","seed_source_timestamp":306675699835700,"circlet_count":0,"master_deck":["Defend_B+1","Defend_B","Defend_B+1","Defend_B","Zap","Dualcast+1","Gash","White Noise+1","Hologram","Capacitor","Barrage+1","Chill+1","Gash","All For One","Chaos+1","Defragment+1","Gash","Hologram+1","Hologram+1","Gash","BootSequence+1","Gash","Bite","Bite","Bite","Bite","Bite","Reinforced Body+1","Glacier+1"],"relics":["Cracked Core","Letter Opener","Toxic Egg 2","Velvet Choker","Centennial Puzzle","Dream Catcher"],"potions_floor_usage":[22,33],"damage_taken":[{"damage":0,"enemies":"Small Slimes","floor":1,"turns":2},{"damage":0,"enemies":"2 Louse","floor":7,"turns":2},{"damage":1,"enemies":"Jaw Worm","floor":8,"turns":2},{"damage":23,"enemies":"Large Slime","floor":10,"turns":4},{"damage":6,"enemies":"Exordium Wildlife","floor":13,"turns":5},{"damage":23,"enemies":"Slime Boss","floor":16,"turns":11},{"damage":11,"enemies":"2 Thieves","floor":18,"turns":3},{"damage":4,"enemies":"Shell Parasite","floor":19,"turns":5},{"damage":32,"enemies":"Chosen and Byrds","floor":22,"turns":7},{"damage":32,"enemies":"Book of Stabbing","floor":24,"turns":6},{"damage":11,"enemies":"Centurion and Healer","floor":27,"turns":4},{"damage":14,"enemies":"Snecko","floor":30,"turns":5},{"damage":2,"enemies":"Snake Plant","floor":31,"turns":4},{"damage":56,"enemies":"Automaton","floor":33,"turns":6}],"seed_played":"-8729157676291456801","potions_obtained":[{"floor":7,"key":"Regen Potion"},{"floor":8,"key":"SneckoOil"},{"floor":18,"key":"Energy Potion"},{"floor":27,"key":"Poison Potion"},{"floor":30,"key":"FearPotion"}],"is_trial":false,"path_per_floor":["M","?","?","?","$","R","M","M","T","M","R","?","M","$","R","B",null,"M","M","$","?","M","R","E","R","T","M","$","?","M","M","R","B"],"character_chosen":"DEFECT","items_purchased":["White Noise","Gash","Gash","Hologram+1","Gash"],"campfire_rested":4,"item_purchase_floors":[5,14,20,20,28],"current_hp_per_floor":[82,75,59,52,52,76,76,75,75,52,76,76,70,70,70,47,82,71,67,67,67,40,64,32,56,56,45,45,45,43,43,43,0],"gold":199,"neow_bonus":"TEN_PERCENT_HP_BONUS","is_prod":false,"is_daily":false,"chose_seed":false,"campfire_upgraded":2,"win_rate":0.0,"timestamp":1566693332,"path_taken":["M","?","?","?","$","R","M","M","T","?","R","?","M","?","R","BOSS","M","M","$","?","M","R","E","R","T","?","?","?","M","M","R","BOSS"],"build_version":"2019-07-17","purchased_purges":0,"victory":false,"max_hp_per_floor":[82,82,82,82,82,82,82,82,82,82,82,82,82,82,82,82,82,82,82,82,82,82,82,82,82,82,82,82,57,57,57,57,57],"card_choices":[{"not_picked":["Coolheaded","Streamline"],"picked":"Gash","floor":1},{"not_picked":["Coolheaded","Auto Shields"],"picked":"Hologram","floor":7},{"not_picked":["Static Discharge","Melter"],"picked":"Capacitor","floor":8},{"not_picked":["Go for the Eyes","Compile Driver"],"picked":"Barrage","floor":10},{"not_picked":["Gash","Redo+1"],"picked":"Chill+1","floor":13},{"not_picked":["Rainbow+1","Reboot+1"],"picked":"All For One","floor":16},{"not_picked":["Compile Driver","Sweeping Beam+1"],"picked":"Chaos+1","floor":18},{"not_picked":["Beam Cell","Chill+1"],"picked":"Defragment+1","floor":19},{"not_picked":["Leap+1","Go for the Eyes"],"picked":"Hologram+1","floor":22},{"not_picked":["Conserve Battery+1","Beam Cell"],"picked":"Gash","floor":24},{"not_picked":["Steam Power+1","Hello World"],"picked":"BootSequence+1","floor":27},{"not_picked":["Streamline","FTL"],"picked":"Reinforced Body+1","floor":30},{"not_picked":["Gash","Barrage+1"],"picked":"Glacier+1","floor":31}],"player_experience":6437,"relics_obtained":[{"floor":9,"key":"Toxic Egg 2"},{"floor":24,"key":"Centennial Puzzle"},{"floor":26,"key":"Dream Catcher"}],"event_choices":[{"cards_removed":["Strike_B"],"damage_healed":0,"gold_gain":0,"player_choice":"Card Removal","damage_taken":7,"max_hp_gain":0,"max_hp_loss":0,"event_name":"Golden Wing","floor":2,"gold_loss":0},{"damage_healed":0,"gold_gain":0,"player_choice":"Entered Light","damage_taken":16,"max_hp_gain":0,"max_hp_loss":0,"event_name":"Shining Light","floor":3,"gold_loss":0,"cards_upgraded":["Defend_B","Dualcast"]},{"damage_healed":0,"gold_gain":0,"player_choice":"Success","damage_taken":7,"relics_obtained":["Letter Opener"],"max_hp_gain":0,"max_hp_loss":0,"event_name":"Scrap Ooze","floor":4,"gold_loss":0},{"damage_healed":0,"gold_gain":0,"player_choice":"Leave","damage_taken":0,"max_hp_gain":0,"max_hp_loss":0,"event_name":"The Cleric","floor":12,"gold_loss":0},{"damage_healed":0,"gold_gain":0,"player_choice":"Upgraded","damage_taken":0,"max_hp_gain":0,"max_hp_loss":0,"event_name":"Upgrade Shrine","floor":21,"gold_loss":0,"cards_upgraded":["Barrage"]},{"damage_healed":0,"gold_gain":0,"player_choice":"Became a vampire","damage_taken":0,"max_hp_gain":0,"max_hp_loss":25,"event_name":"Vampires","floor":29,"gold_loss":0,"cards_obtained":["Bite","Bite","Bite","Bite","Bite"]}],"is_beta":false,"boss_relics":[{"not_picked":["Empty Cage","Tiny House"],"picked":"Velvet Choker"}],"items_purged_floors":[],"is_endless":false,"potions_floor_spawned":[7,8,18,27,30],"killed_by":"Automaton","ascension_level":0}