{"gold_per_floor":[11,11,11,35,48,48,87,87,155,196,196,196],"floor_reached":12,"playtime":285,"items_purged":[],"score":151,"play_id":"43345fe1-3f78-4ca9-940f-1fa81f4bc4a5","local_time":"20190714180009","is_ascension_mode":true,"campfire_choices":[{"data":"Feed","floor":6,"key":"SMITH"},{"data":"Hemokinesis","floor":8,"key":"SMITH"},{"floor":11,"key":"REST"}],"neow_cost":"NO_GOLD","seed_source_timestamp":345722043374847,"circlet_count":0,"master_deck":["AscendersBane","Strike_R","Strike_R","Strike_R","Strike_R","Strike_R","Defend_R","Defend_R","Defend_R","Defend_R","Bash","Feed+1","Armaments","Anger","True Grit","Hemokinesis+1"],"relics":["Burning Blood","Golden Idol","Smiling Mask","Pantograph","Matryoshka"],"potions_floor_usage":[7],"damage_taken":[{"damage":7,"enemies":"2 Louse","floor":1,"turns":3},{"damage":7,"enemies":"Small Slimes","floor":4,"turns":4},{"damage":1,"enemies":"Cultist","floor":5,"turns":4},{"damage":41,"enemies":"Gremlin Nob","floor":7,"turns":5},{"damage":41,"enemies":"Lagavulin","floor":10,"turns":7},{"damage":32,"enemies":"3 Sentries","floor":12,"turns":6}],"seed_played":"-8934288146451371586","potions_obtained":[{"floor":5,"key":"Swift Potion"}],"is_trial":false,"path_per_floor":["M","?","$","M","M","R","E","R","T","E","R","E"],"character_chosen":"IRONCLAD","items_purchased":[],"campfire_rested":1,"item_purchase_floors":[],"current_hp_per_floor":[70,70,70,72,77,77,42,42,42,7,30,0],"gold":196,"neow_bonus":"THREE_RARE_CARDS","is_prod":false,"is_daily":false,"chose_seed":false,"campfire_upgraded":2,"win_rate":0,"timestamp":1563141609,"path_taken":["M","?","$","M","M","R","E","R","T","E","R","E"],"build_version":"2019-07-05","purchased_purges":0,"victory":false,"max_hp_per_floor":[78,71,71,74,77,77,77,77,77,77,77,77],"card_choices":[{"not_picked":["Barricade","Bludgeon"],"picked":"Feed","floor":0},{"not_picked":["hubris:ReadiedAction","Body Slam"],"picked":"Armaments","floor":1},{"not_picked":["Havoc","Feel No Pain"],"picked":"Anger","floor":4},{"not_picked":["Clothesline","Anger"],"picked":"True Grit","floor":5},{"not_picked":["Rage","Twin Strike"],"picked":"Hemokinesis","floor":7},{"not_picked":["Fire Breathing","Clash","Rupture"],"picked":"SKIP","floor":10}],"player_experience":2572340,"relics_obtained":[{"floor":7,"key":"Smiling Mask"},{"floor":9,"key":"Pantograph"},{"floor":10,"key":"Matryoshka"}],"event_choices":[{"damage_healed":0,"gold_gain":0,"player_choice":"Lose Max HP","damage_taken":0,"relics_obtained":["Golden Idol"],"max_hp_gain":0,"max_hp_loss":7,"event_name":"Golden Idol","floor":2,"gold_loss":0}],"is_beta":false,"boss_relics":[],"items_purged_floors":[],"is_endless":false,"potions_floor_spawned":[5],"killed_by":"3 Sentries","ascension_level":15}