{"gold_per_floor":[116,126,55,67,67,67,97,97,123,135,210,210,210,237,237,335,335,348,42,42,53,66,99,118,18,18,18,32,32,32,62,62,161,161,174,174,219,219,15,40,56,75,125,125,158,171,171,191,191,191],"floor_reached":50,"playtime":2808,"items_purged":["Strike_R","Strike_R","Defend_R"],"score":598,"play_id":"7430a2f8-478a-42da-a8ed-2df40bd489e7","local_time":"20190317210914","is_ascension_mode":false,"campfire_choices":[{"data":"Feed","floor":6,"key":"SMITH"},{"data":"Flame Barrier","floor":8,"key":"SMITH"},{"data":"Metallicize","floor":12,"key":"SMITH"},{"data":"Body Slam","floor":15,"key":"SMITH"},{"data":"Defend_R","floor":27,"key":"PURGE"},{"data":"Immolate","floor":30,"key":"SMITH"},{"data":"Shrug It Off","floor":32,"key":"SMITH"},{"floor":44,"key":"RECALL"},{"data":"Defend_R","floor":49,"key":"PURGE"}],"neow_cost":"NONE","seed_source_timestamp":343145552128700,"circlet_count":0,"master_deck":["Strike_R","Strike_R","Bash","Feed+1","Armaments","Shrug It Off+1","Flame Barrier+1","Cleave","Pommel Strike","Metallicize+1","Body Slam+1","Immolate+1","Thunderclap+1","Jack Of All Trades+1","True Grit+1","Disarm+1","Flame Barrier+1","True Grit+1","Cleave+1","Bludgeon","Metallicize","Shockwave+1","Body Slam","Flex+1","Entrench+1","Metallicize","Writhe","Dropkick","Shrug It Off+1","Good Instincts+1","Metallicize"],"relics":["Burning Blood","Happy Flower","Orichalcum","Toxic Egg 2","Coffee Dripper","Blood Vial","Peace Pipe","Ornamental Fan","Red Skull","Cursed Key","Incense Burner","Juzu Bracelet","Mercury Hourglass"],"potions_floor_usage":[7,14,33,33,37,37,37,50],"damage_taken":[{"damage":6,"enemies":"Cultist","floor":1,"turns":3},{"damage":5,"enemies":"Jaw Worm","floor":2,"turns":4},{"damage":2,"enemies":"Small Slimes","floor":4,"turns":5},{"damage":37,"enemies":"Lagavulin","floor":7,"turns":8},{"damage":2,"enemies":"Exordium Thugs","floor":10,"turns":4},{"damage":8,"enemies":"Gremlin Nob","floor":14,"turns":4},{"damage":19,"enemies":"Hexaghost","floor":16,"turns":13},{"damage":6,"enemies":"2 Thieves","floor":18,"turns":4},{"damage":0,"enemies":"Spheric Guardian","floor":21,"turns":4},{"damage":0,"enemies":"Chosen and Byrds","floor":22,"turns":4},{"damage":8,"enemies":"Book of Stabbing","floor":23,"turns":6},{"damage":9,"enemies":"Shelled Parasite and Fungi","floor":24,"turns":5},{"damage":2,"enemies":"Centurion and Healer","floor":28,"turns":7},{"damage":10,"enemies":"Gremlin Leader","floor":31,"turns":5},{"damage":18,"enemies":"Collector","floor":33,"turns":15},{"damage":0,"enemies":"Orb Walker","floor":35,"turns":2},{"damage":15,"enemies":"2 Orb Walkers","floor":37,"turns":6},{"damage":64,"enemies":"Nemesis","floor":40,"turns":11},{"damage":5,"enemies":"3 Shapes","floor":41,"turns":4},{"damage":6,"enemies":"Sphere and 2 Shapes","floor":42,"turns":3},{"damage":11,"enemies":"Reptomancer","floor":45,"turns":6},{"damage":14,"enemies":"Spire Growth","floor":46,"turns":4},{"damage":0,"enemies":"Writhing Mass","floor":48,"turns":5},{"damage":63,"enemies":"Donu and Deca","floor":50,"turns":8}],"seed_played":"8519029423603201087","potions_obtained":[{"floor":4,"key":"Block Potion"},{"floor":7,"key":"PowerPotion"},{"floor":10,"key":"PowerPotion"},{"floor":13,"key":"EntropicBrew"},{"floor":21,"key":"PowerPotion"},{"floor":37,"key":"SteroidPotion"},{"floor":40,"key":"SpeedPotion"}],"is_trial":false,"path_per_floor":["M","M","$","M","$","R","E","R","T","M","?","R","?","E","R","B",null,"M","$","?","M","M","E","M","$","T","R","M","?","R","E","R","B",null,"M","?","?","?","$","E","M","M","T","R","E","M","?","M","R","B"],"character_chosen":"IRONCLAD","items_purchased":["Flame Barrier","Blood Vial","Jack Of All Trades+1","Body Slam","Flex+1"],"campfire_rested":0,"item_purchase_floors":[3,19,19,39,39],"current_hp_per_floor":[83,86,86,89,89,89,58,58,58,62,51,51,51,53,53,40,93,93,93,93,93,97,95,98,98,98,98,101,101,101,97,97,87,101,101,101,92,101,101,47,50,56,56,56,53,47,47,55,55,0],"gold":191,"neow_bonus":"ONE_RANDOM_RARE_CARD","is_prod":false,"is_daily":false,"chose_seed":false,"campfire_upgraded":6,"win_rate":0,"timestamp":1552853354,"path_taken":["M","M","$","M","?","R","E","R","T","M","?","R","?","E","R","BOSS","M","$","?","?","M","E","M","$","T","R","M","?","R","E","R","BOSS","M","?","?","?","$","E","M","M","T","R","E","M","?","M","R","BOSS"],"build_version":"2019-01-23","purchased_purges":3,"victory":false,"max_hp_per_floor":[83,86,86,89,89,89,89,89,89,89,89,89,89,93,93,93,93,93,93,93,93,97,97,101,101,101,101,101,101,101,101,101,101,101,101,101,101,101,101,105,105,109,109,109,109,109,109,109,109,109],"card_choices":[{"not_picked":["Twin Strike","Battle Trance"],"picked":"Armaments","floor":1},{"not_picked":["Body Slam","Burning Pact"],"picked":"Shrug It Off","floor":2},{"not_picked":["Thunderclap","Combust"],"picked":"Cleave","floor":4},{"not_picked":["Evolve","Wild Strike"],"picked":"Pommel Strike","floor":7},{"not_picked":["Bloodletting","Body Slam"],"picked":"Metallicize","floor":10},{"not_picked":["Warcry","Reckless Charge"],"picked":"Body Slam","floor":14},{"not_picked":["Exhume+1","Feed"],"picked":"Immolate","floor":16},{"not_picked":["Cleave+1","Power Through+1"],"picked":"Thunderclap+1","floor":18},{"not_picked":["Sword Boomerang","Rampage"],"picked":"True Grit+1","floor":21},{"not_picked":["Perfected Strike+1","Wild Strike"],"picked":"Disarm+1","floor":22},{"not_picked":["Pommel Strike+1","Thunderclap"],"picked":"Flame Barrier+1","floor":23},{"not_picked":["Pommel Strike","Whirlwind"],"picked":"True Grit+1","floor":24},{"not_picked":["Wild Strike","Perfected Strike"],"picked":"Cleave+1","floor":28},{"not_picked":["Pommel Strike","Clash"],"picked":"Power Through+1","floor":31},{"not_picked":["Reaper","Juggernaut"],"picked":"Bludgeon","floor":33},{"not_picked":["Intimidate+1","Shrug It Off+1"],"picked":"Metallicize","floor":35},{"not_picked":["Uppercut","Sword Boomerang"],"picked":"Shockwave+1","floor":37},{"not_picked":["Headbutt","Perfected Strike+1"],"picked":"Entrench+1","floor":40},{"not_picked":["Reckless Charge","Corruption","Clash"],"picked":"SKIP","floor":41},{"not_picked":["Anger+1","Iron Wave+1"],"picked":"Metallicize","floor":42},{"not_picked":["Clothesline+1","Burning Pact+1"],"picked":"Dropkick","floor":45},{"not_picked":["Headbutt+1","Entrench+1"],"picked":"Shrug It Off+1","floor":46},{"not_picked":["Blind+1","Metamorphosis+1"],"picked":"Good Instincts+1","floor":47},{"not_picked":["Havoc+1","Clash"],"picked":"Metallicize","floor":48}],"player_experience":255943,"relics_obtained":[{"floor":7,"key":"Happy Flower"},{"floor":9,"key":"Orichalcum"},{"floor":14,"key":"Toxic Egg 2"},{"floor":23,"key":"Peace Pipe"},{"floor":26,"key":"Ornamental Fan"},{"floor":31,"key":"Red Skull"},{"floor":37,"key":"Incense Burner"},{"floor":40,"key":"Juzu Bracelet"},{"floor":45,"key":"Mercury Hourglass"}],"event_choices":[{"damage_healed":0,"gold_gain":75,"player_choice":"Gather Gold","damage_taken":11,"max_hp_gain":0,"max_hp_loss":0,"event_name":"World of Goop","floor":11,"gold_loss":0},{"damage_healed":0,"gold_gain":0,"player_choice":"Got Potions","damage_taken":0,"max_hp_gain":0,"max_hp_loss":0,"event_name":"Lab","floor":13,"gold_loss":0},{"cards_removed":["Strike_R"],"damage_healed":0,"gold_gain":0,"player_choice":"Purged","damage_taken":0,"max_hp_gain":0,"max_hp_loss":0,"event_name":"Purifier","floor":20,"gold_loss":0},{"cards_removed":["Defend_R"],"damage_healed":0,"gold_gain":0,"player_choice":"Removed Skill","damage_taken":0,"max_hp_gain":0,"max_hp_loss":0,"event_name":"Falling","floor":36,"gold_loss":0},{"damage_healed":0,"gold_gain":0,"player_choice":"Fight","damage_taken":0,"max_hp_gain":0,"max_hp_loss":0,"event_name":"Mysterious Sphere","floor":37,"gold_loss":0},{"cards_removed":["Power Through"],"damage_healed":9,"gold_gain":0,"player_choice":"Offered Uncommon","damage_taken":0,"max_hp_gain":0,"max_hp_loss":0,"event_name":"Bonfire Elementals","floor":38,"gold_loss":0},{"damage_healed":0,"gold_gain":0,"player_choice":"Memory 1","damage_taken":0,"max_hp_gain":0,"max_hp_loss":0,"event_name":"SensoryStone","floor":47,"gold_loss":0}],"is_beta":false,"boss_relics":[{"not_picked":["Eternal Feather","Black Blood"],"picked":"Coffee Dripper"},{"not_picked":["Lizard Tail","Pandora\u0027s Box"],"picked":"Cursed Key"}],"items_purged_floors":[19,25,39],"is_endless":false,"potions_floor_spawned":[4,7,10,21,23,28,31,37,40,42,46,48],"killed_by":"Donu and Deca","ascension_level":0}