{"gold_per_floor":[110,124,124,144,158,158,185,185,185,185,110,120,153,170,170,247,247,264,282,282,182,397,430,430,455,455,468,468,481,481,501,501,578,578,593,606,410,465,465,445,470,483,483,510,529,529,563,578,578,578,578,578,127,156,156],"floor_reached":56,"playtime":2607,"items_purged":["Pain","Strike_R","Bash"],"score":2009,"play_id":"dc3f5338-daca-4975-8324-ebfb4f937c0a","local_time":"20190802193939","is_ascension_mode":true,"campfire_choices":[{"data":"Flame Barrier","floor":6.0,"key":"SMITH"},{"data":"Inflame","floor":8.0,"key":"SMITH"},{"data":"Sword Boomerang","floor":10.0,"key":"SMITH"},{"data":"Whirlwind","floor":15.0,"key":"SMITH"},{"floor":24.0,"key":"REST"},{"data":"Fiend Fire","floor":28,"key":"SMITH"},{"floor":32,"key":"REST"},{"floor":46,"key":"RECALL"},{"data":"Shockwave","floor":49,"key":"SMITH"},{"data":"Defend_R","floor":52,"key":"SMITH"}],"neow_cost":"NONE","seed_source_timestamp":1990999485968834,"circlet_count":0,"master_deck":["AscendersBane","Strike_R","Strike_R","Strike_R","Defend_R","Defend_R+1","Defend_R","Defend_R","Sword Boomerang+1","Flame Barrier+1","Shockwave+1","Pommel Strike","Inflame+1","Dual Wield","Whirlwind+1","Headbutt","Fiend Fire+1","Spot Weakness+1","True Grit+1","Writhe","Reaper","Limit Break+1","Shrug It Off+1","Reaper","Flame Barrier+1","Flame Barrier+1","Seeing Red+1","Seeing Red+1","Exhume+1","Disarm+1"],"special_seed":0,"relics":["Burning Blood","WarpedTongs","Gremlin Horn","Ornamental Fan","Blue Candle","Philosopher\u0027s Stone","Old Coin","Toxic Egg 2","Charon\u0027s Ashes","Self Forming Clay","Gambling Chip","Runic Pyramid","DollysMirror","Incense Burner","Smiling Mask","Omamori","Boot","Pantograph","Kunai"],"potions_floor_usage":[29,38,50,55],"damage_taken":[{"damage":4.0,"enemies":"2 Louse","floor":1.0,"turns":4.0},{"damage":1.0,"enemies":"Cultist","floor":2.0,"turns":4.0},{"damage":1.0,"enemies":"Small Slimes","floor":4.0,"turns":4.0},{"damage":10.0,"enemies":"Looter","floor":5.0,"turns":4.0},{"damage":34.0,"enemies":"3 Sentries","floor":7.0,"turns":10.0},{"damage":0.0,"enemies":"3 Louse","floor":12.0,"turns":3.0},{"damage":17.0,"enemies":"Gremlin Nob","floor":13.0,"turns":4.0},{"damage":0.0,"enemies":"Lots of Slimes","floor":14.0,"turns":1.0},{"damage":20.0,"enemies":"Hexaghost","floor":16.0,"turns":6.0},{"damage":17.0,"enemies":"Shell Parasite","floor":18.0,"turns":3.0},{"damage":0.0,"enemies":"Chosen","floor":19.0,"turns":3.0},{"damage":20.0,"enemies":"Book of Stabbing","floor":23.0,"turns":4.0},{"damage":34,"enemies":"Gremlin Leader","floor":25,"turns":4},{"damage":0,"enemies":"Snecko","floor":27,"turns":3},{"damage":0,"enemies":"Centurion and Healer","floor":29,"turns":4},{"damage":5,"enemies":"3 Cultists","floor":31,"turns":3},{"damage":57,"enemies":"Collector","floor":33,"turns":8},{"damage":2,"enemies":"Orb Walker","floor":35,"turns":3},{"damage":13,"enemies":"3 Darklings","floor":36,"turns":3},{"damage":11,"enemies":"2 Orb Walkers","floor":38,"turns":3},{"damage":23,"enemies":"Nemesis","floor":41,"turns":7},{"damage":42,"enemies":"Writhing Mass","floor":42,"turns":6},{"damage":11,"enemies":"Giant Head","floor":44,"turns":6},{"damage":22,"enemies":"Spire Growth","floor":45,"turns":6},{"damage":9,"enemies":"Reptomancer","floor":47,"turns":5},{"damage":8,"enemies":"Jaw Worm Horde","floor":48,"turns":4},{"damage":30,"enemies":"Time Eater","floor":50,"turns":11},{"damage":74,"enemies":"Shield and Spear","floor":54,"turns":7},{"damage":99,"enemies":"The Heart","floor":55,"turns":11}],"seed_played":"-5980414421992493236","potions_obtained":[{"floor":1.0,"key":"Regen Potion"},{"floor":12.0,"key":"FearPotion"},{"floor":14.0,"key":"PowerPotion"},{"floor":27,"key":"SpeedPotion"},{"floor":29,"key":"Weak Potion"},{"floor":35,"key":"Block Potion"},{"floor":40,"key":"Energy Potion"}],"is_trial":false,"path_per_floor":["M","M","?","M","M","R","E","R","T","R","$","M","E","M","R","B",null,"M","M","?","$","?","E","R","E","T","M","R","M","?","M","R","B",null,"M","M","$","?","?","?","E","M","T","E","M","R","E","M","R","B",null,"R","$","E","B",null],"character_chosen":"IRONCLAD","items_purchased":["DollysMirror","Exhume+1","Disarm+1","Pantograph"],"campfire_rested":2,"item_purchase_floors":[37,53,53,53],"current_hp_per_floor":[70,75,75,75,71,71,58,58,58,58,58,64,53,59,59,45,68,57,63,42,42,42,28,52,24,24,30,30,36,36,37,61,76,79,80,73,73,68,68,68,73,48,48,64,80,80,80,80,80,80,80,80,80,80,70],"gold":156,"neow_bonus":"REMOVE_CARD","is_prod":false,"is_daily":false,"chose_seed":false,"campfire_upgraded":7,"win_rate":0,"timestamp":1564789179,"path_taken":["M","M","?","M","M","R","E","R","T","R","$","?","E","M","R","BOSS","M","M","?","$","?","E","R","E","T","M","R","M","?","M","R","BOSS","M","M","$","?","?","?","E","?","T","E","M","R","E","M","R","BOSS","R","$","E","BOSS"],"build_version":"2019-07-17","purchased_purges":3,"victory":true,"max_hp_per_floor":[75,75,75,75,75,75,75,75,75,75,75,75,75,75,75,75,75,75,75,80,80,80,80,80,80,80,80,80,80,80,80,80,80,80,80,80,80,80,80,80,80,80,80,80,80,80,80,80,80,80,80,80,80,80,80],"card_choices":[{"not_picked":["Second Wind","Seeing Red"],"picked":"Sword Boomerang","floor":1.0},{"not_picked":["Armaments","Reckless Charge"],"picked":"Flame Barrier","floor":2.0},{"not_picked":["Clothesline","Iron Wave"],"picked":"Shockwave","floor":4.0},{"not_picked":["Armaments","Pummel"],"picked":"Pommel Strike","floor":5.0},{"not_picked":["Iron Wave","Seeing Red"],"picked":"Inflame","floor":7.0},{"not_picked":["Blood for Blood","Havoc"],"picked":"Dual Wield","floor":12.0},{"not_picked":["Blood for Blood","Battle Trance"],"picked":"Whirlwind","floor":13.0},{"not_picked":["Dual Wield","Fire Breathing"],"picked":"Headbutt","floor":14.0},{"not_picked":["Exhume","Dark Embrace"],"picked":"Fiend Fire","floor":16.0},{"not_picked":["Anger","Wild Strike+1"],"picked":"Spot Weakness+1","floor":18.0},{"not_picked":["Warcry","Pommel Strike","Perfected Strike"],"picked":"SKIP","floor":19.0},{"not_picked":["Anger","Clothesline","Rupture+1"],"picked":"SKIP","floor":23.0},{"not_picked":["Anger","Clash","Perfected Strike"],"picked":"SKIP","floor":25},{"not_picked":["Anger","Twin Strike","Blood for Blood"],"picked":"SKIP","floor":27},{"not_picked":["Combust","Reckless Charge"],"picked":"True Grit+1","floor":29},{"not_picked":["Entrench+1","Ghostly Armor+1"],"picked":"Reaper","floor":31},{"not_picked":["Immolate","Exhume+1"],"picked":"Limit Break+1","floor":33},{"not_picked":["Thunderclap","Warcry+1"],"picked":"Shrug It Off+1","floor":35},{"not_picked":["Hemokinesis","Perfected Strike","Wild Strike"],"picked":"SKIP","floor":36},{"not_picked":["Dual Wield+1","Clothesline"],"picked":"Flame Barrier+1","floor":38},{"not_picked":["Uppercut","Combust"],"picked":"Flame Barrier+1","floor":41},{"not_picked":["Shrug It Off+1","Body Slam"],"picked":"Seeing Red+1","floor":42},{"not_picked":["Wild Strike","Fire Breathing"],"picked":"Seeing Red+1","floor":44},{"not_picked":["Cleave","Armaments+1","Wild Strike"],"picked":"SKIP","floor":45},{"not_picked":["Reckless Charge+1","Pommel Strike+1","Perfected Strike"],"picked":"SKIP","floor":47},{"not_picked":["Pommel Strike+1","Body Slam+1","Dropkick+1"],"picked":"SKIP","floor":48},{"not_picked":["Reckless Charge","Iron Wave","Havoc+1"],"picked":"SKIP","floor":54}],"player_experience":2634134,"relics_obtained":[{"floor":7.0,"key":"Gremlin Horn"},{"floor":9.0,"key":"Ornamental Fan"},{"floor":13.0,"key":"Blue Candle"},{"floor":23.0,"key":"Toxic Egg 2"},{"floor":25,"key":"Charon\u0027s Ashes"},{"floor":26,"key":"Self Forming Clay"},{"floor":38,"key":"Incense Burner"},{"floor":41,"key":"Smiling Mask"},{"floor":44,"key":"Omamori"},{"floor":47,"key":"Boot"},{"floor":54,"key":"Kunai"}],"event_choices":[{"damage_healed":0.0,"max_hp_gain":0.0,"max_hp_loss":0.0,"gold_gain":0.0,"event_name":"Accursed Blacksmith","player_choice":"Rummage","floor":3.0,"gold_loss":0.0,"damage_taken":0.0,"relics_obtained":["WarpedTongs"],"cards_obtained":["Pain"]},{"damage_healed":0.0,"max_hp_gain":5.0,"max_hp_loss":0.0,"gold_gain":0.0,"event_name":"Forgotten Altar","player_choice":"Shed Blood","floor":20.0,"gold_loss":0.0,"damage_taken":26.0},{"damage_healed":0.0,"max_hp_gain":0.0,"max_hp_loss":0.0,"gold_gain":0.0,"event_name":"Addict","player_choice":"Obtained Relic","floor":22.0,"gold_loss":85.0,"damage_taken":0.0,"relics_obtained":["Old Coin"]},{"damage_healed":0,"gold_gain":0,"player_choice":"Opened","damage_taken":0,"relics_obtained":["Gambling Chip"],"max_hp_gain":0,"max_hp_loss":0,"event_name":"The Mausoleum","floor":30,"gold_loss":0,"cards_obtained":["Writhe"]},{"damage_healed":0,"gold_gain":0,"player_choice":"Fight","damage_taken":0,"max_hp_gain":0,"max_hp_loss":0,"event_name":"Mysterious Sphere","floor":38,"gold_loss":0},{"damage_healed":0,"gold_gain":0,"player_choice":"Ignored","damage_taken":0,"max_hp_gain":0,"max_hp_loss":0,"event_name":"Tomb of Lord Red Mask","floor":39,"gold_loss":0},{"damage_healed":0,"gold_gain":0,"player_choice":"Bought 1 Potion","damage_taken":0,"max_hp_gain":0,"max_hp_loss":0,"event_name":"The Woman in Blue","floor":40,"gold_loss":0}],"is_beta":false,"boss_relics":[{"not_picked":["Pandora\u0027s Box","Busted Crown"],"picked":"Philosopher\u0027s Stone"},{"not_picked":["Sozu","Astrolabe"],"picked":"Runic Pyramid"}],"items_purged_floors":[11,21,53],"is_endless":false,"potions_floor_spawned":[1,12,14,19,27,29,33,35,41,44,45,48],"ascension_level":15}