{"gold_per_floor":[119,132,144,5,23,53,53,28,28,28,28,28,28,46,46,148,148,163,163,44,61,74,74,108,120,120,120,151,161,161,173,173,270,270,287,303,303],"floor_reached":37,"playtime":3243,"items_purged":[],"score":411,"play_id":"9c7f7bab-8a86-49d1-84ca-93631c855b15","local_time":"20190819004419","is_ascension_mode":false,"campfire_choices":[{"data":"Perfected Strike","floor":7,"key":"SMITH"},{"data":"Seeing Red","floor":11,"key":"SMITH"},{"data":"Iron Wave","floor":13,"key":"SMITH"},{"data":"Iron Wave","floor":15,"key":"SMITH"},{"data":"Searing Blow","floor":23,"key":"SMITH"},{"floor":32,"key":"REST"}],"neow_cost":"NONE","seed_source_timestamp":72980330864200,"circlet_count":0,"master_deck":["Strike_R","Strike_R","Strike_R","Strike_R","Strike_R","Defend_R","Defend_R","Defend_R","Defend_R","Bash","Shrug It Off","Iron Wave+1","Seeing Red+1","Headbutt","Perfected Strike+1","Dropkick","Shrug It Off","Iron Wave+1","Searing Blow+1","Reaper","Body Slam","Bandage Up","Flex","Whirlwind+1","Feel No Pain","Double Tap","Second Wind+1","Heavy Blade","Entrench+1","Pain","Flex","Reaper","Twin Strike+1","Shrug It Off+1"],"relics":["Black Blood","Boot","Mercury Hourglass","Matryoshka","Philosopher\u0027s Stone","Shuriken","Ornamental Fan","Centennial Puzzle","Gambling Chip","WarpedTongs"],"potions_floor_usage":[24,24,28,28,37],"damage_taken":[{"damage":9,"enemies":"Jaw Worm","floor":1,"turns":6},{"damage":2,"enemies":"Cultist","floor":2,"turns":4},{"damage":2,"enemies":"Small Slimes","floor":3,"turns":5},{"damage":0,"enemies":"3 Louse","floor":5,"turns":3},{"damage":10,"enemies":"Gremlin Nob","floor":6,"turns":4},{"damage":0,"enemies":"Looter","floor":14,"turns":2},{"damage":39,"enemies":"Slime Boss","floor":16,"turns":9},{"damage":14,"enemies":"Spheric Guardian","floor":18,"turns":4},{"damage":12,"enemies":"Shell Parasite","floor":21,"turns":4},{"damage":11,"enemies":"Centurion and Healer","floor":22,"turns":5},{"damage":49,"enemies":"Book of Stabbing","floor":24,"turns":6},{"damage":0,"enemies":"Cultist and Chosen","floor":25,"turns":3},{"damage":35,"enemies":"Gremlin Leader","floor":28,"turns":4},{"damage":1,"enemies":"3 Cultists","floor":29,"turns":3},{"damage":25,"enemies":"Shelled Parasite and Fungi","floor":31,"turns":5},{"damage":56,"enemies":"Collector","floor":33,"turns":8},{"damage":29,"enemies":"3 Darklings","floor":35,"turns":3},{"damage":0,"enemies":"Orb Walker","floor":36,"turns":3},{"damage":105,"enemies":"Maw","floor":37,"turns":7}],"seed_played":"-8071914299570424834","potions_obtained":[{"floor":2,"key":"SteroidPotion"},{"floor":16,"key":"Block Potion"},{"floor":21,"key":"SkillPotion"},{"floor":25,"key":"AttackPotion"},{"floor":29,"key":"Explosive Potion"}],"is_trial":false,"path_per_floor":["M","M","M","$","M","E","R","$","T","?","R","$","R","M","R","B",null,"M","?","$","M","M","R","E","M","T","?","E","M","?","M","R","B",null,"M","M","M"],"character_chosen":"IRONCLAD","items_purchased":["Seeing Red","Headbutt","Perfected Strike","Clash","Bandage Up","Flex"],"campfire_rested":1,"item_purchase_floors":[4,4,4,8,20,20],"current_hp_per_floor":[77,80,80,80,80,76,76,76,76,76,76,76,76,80,80,47,80,72,72,72,71,75,75,42,58,58,58,42,51,51,41,65,19,80,74,80,0],"gold":303,"neow_bonus":"RANDOM_COMMON_RELIC","is_prod":false,"is_daily":false,"chose_seed":false,"campfire_upgraded":5,"win_rate":0.0,"timestamp":1566171859,"path_taken":["M","M","M","$","M","E","R","$","T","?","R","?","R","M","R","BOSS","M","?","$","M","?","R","E","M","T","?","E","M","?","M","R","BOSS","M","?","M"],"build_version":"2019-07-17","purchased_purges":0,"victory":false,"max_hp_per_floor":[80,80,80,80,80,80,80,80,80,80,80,80,80,80,80,80,80,80,80,80,80,80,80,80,80,80,80,80,80,80,80,80,80,80,80,80,80],"card_choices":[{"not_picked":["Headbutt","Fire Breathing"],"picked":"Shrug It Off","floor":1},{"not_picked":["Warcry","Twin Strike"],"picked":"Iron Wave","floor":2},{"not_picked":["Warcry","Burning Pact","Combust"],"picked":"SKIP","floor":3},{"not_picked":["Thunderclap","Pommel Strike"],"picked":"Dropkick","floor":5},{"not_picked":["Battle Trance","Twin Strike"],"picked":"Shrug It Off","floor":6},{"not_picked":["Flex","Inflame"],"picked":"Searing Blow","floor":14},{"not_picked":["Barricade","Demon Form"],"picked":"Reaper","floor":16},{"not_picked":["Fire Breathing","Sword Boomerang"],"picked":"Body Slam","floor":18},{"not_picked":["Disarm","Bloodletting+1"],"picked":"Whirlwind+1","floor":21},{"not_picked":["True Grit+1","Uppercut"],"picked":"Feel No Pain","floor":22},{"not_picked":["Warcry","Perfected Strike"],"picked":"Double Tap","floor":24},{"not_picked":["Hemokinesis+1","Headbutt"],"picked":"Second Wind+1","floor":25},{"not_picked":["Cleave","Juggernaut"],"picked":"Heavy Blade","floor":28},{"not_picked":["Feel No Pain","Headbutt+1"],"picked":"Entrench+1","floor":29},{"not_picked":["Body Slam+1","Heavy Blade"],"picked":"Flex","floor":31},{"not_picked":["Dark Embrace","Juggernaut"],"picked":"Reaper","floor":33},{"not_picked":["Sword Boomerang","Corruption"],"picked":"Twin Strike+1","floor":35},{"not_picked":["Warcry","Anger"],"picked":"Shrug It Off+1","floor":36}],"player_experience":12293,"relics_obtained":[{"floor":6,"key":"Mercury Hourglass"},{"floor":9,"key":"Matryoshka"},{"floor":24,"key":"Shuriken"},{"floor":26,"key":"Ornamental Fan"},{"floor":26,"key":"Centennial Puzzle"},{"floor":28,"key":"Gambling Chip"}],"event_choices":[{"cards_removed":["Clash"],"damage_healed":0,"gold_gain":0,"player_choice":"Took Card","damage_taken":0,"max_hp_gain":0,"max_hp_loss":0,"event_name":"NoteForYourself","floor":10,"gold_loss":0,"cards_obtained":["Iron Wave"]},{"damage_healed":0,"gold_gain":0,"player_choice":"Bought 0 Potions","damage_taken":0,"max_hp_gain":0,"max_hp_loss":0,"event_name":"The Woman in Blue","floor":19,"gold_loss":0},{"damage_healed":0,"gold_gain":0,"player_choice":"Ignored","damage_taken":0,"max_hp_gain":0,"max_hp_loss":0,"event_name":"Vampires","floor":27,"gold_loss":0},{"damage_healed":0,"gold_gain":0,"player_choice":"Rummage","damage_taken":0,"relics_obtained":["WarpedTongs"],"max_hp_gain":0,"max_hp_loss":0,"event_name":"Accursed Blacksmith","floor":30,"gold_loss":0,"cards_obtained":["Pain"]}],"is_beta":false,"boss_relics":[{"not_picked":["Coffee Dripper","Ectoplasm"],"picked":"Philosopher\u0027s Stone"},{"not_picked":["Cursed Key","Lizard Tail"],"picked":"Black Blood"}],"items_purged_floors":[],"is_endless":false,"potions_floor_spawned":[2,16,21,25,29],"killed_by":"Maw","ascension_level":0}