{"gold_per_floor":[110,129,129,148,28,60,79,79,127,127,127,41,66,86,86,185,235,254,124,137,148,73,73],"floor_reached":23,"playtime":3382,"items_purged":[],"score":226,"play_id":"9bf0a6b1-723e-4d9c-98dd-876d10bdbd47","local_time":"20190824120506","is_ascension_mode":false,"campfire_choices":[{"floor":11,"key":"REST"},{"floor":15,"key":"REST"}],"neow_cost":"NONE","seed_source_timestamp":45189473471200,"circlet_count":0,"master_deck":["Strike_G","Strike_G","Strike_G","Strike_G+1","Defend_G","Defend_G","Defend_G","Defend_G","Defend_G","Survivor","Neutralize","Backstab","Prepared","Skewer","Iron Wave","Predator","Underhanded Strike","Tactician","Dash","Well Laid Plans","Noxious Fumes","Prepared","Backflip","Burst","Prepared","Backflip","Underhanded Strike","Escape Plan","Footwork","Flying Knee","Prepared","Underhanded Strike"],"relics":["Ring of the Snake","Potion Belt","Gremlin Horn","Vajra","Dodecahedron","Tiny House"],"potions_floor_usage":[20,20,21,23],"damage_taken":[{"damage":1,"enemies":"Jaw Worm","floor":1,"turns":5},{"damage":0,"enemies":"Cultist","floor":2,"turns":4},{"damage":0,"enemies":"2 Louse","floor":4,"turns":2},{"damage":36,"enemies":"3 Sentries","floor":6,"turns":9},{"damage":4,"enemies":"Blue Slaver","floor":7,"turns":4},{"damage":1,"enemies":"Gremlin Nob","floor":13,"turns":3},{"damage":0,"enemies":"Exordium Thugs","floor":14,"turns":4},{"damage":8,"enemies":"Slime Boss","floor":16,"turns":8},{"damage":0,"enemies":"Spheric Guardian","floor":18,"turns":3},{"damage":0,"enemies":"Shell Parasite","floor":20,"turns":3},{"damage":37,"enemies":"Snake Plant","floor":21,"turns":6},{"damage":51,"enemies":"Gremlin Leader","floor":23,"turns":5}],"seed_played":"-5821926987069730529","potions_obtained":[{"floor":1,"key":"FearPotion"},{"floor":6,"key":"Regen Potion"},{"floor":13,"key":"FearPotion"},{"floor":16,"key":"SkillPotion"},{"floor":17,"key":"AttackPotion"},{"floor":21,"key":"GamblersBrew"}],"is_trial":false,"path_per_floor":["M","M","?","M","$","E","M","T","T","?","R","$","E","M","R","B",null,"M","$","M","M","$","E"],"character_chosen":"THE_SILENT","items_purchased":["Underhanded Strike","Tactician","Noxious Fumes","Prepared","Underhanded Strike","Escape Plan","Prepared","Underhanded Strike"],"campfire_rested":2,"item_purchase_floors":[5,5,12,12,19,19,22,22],"current_hp_per_floor":[69,69,69,69,69,33,29,29,29,29,50,50,49,49,70,62,75,75,75,75,47,47,0],"gold":73,"neow_bonus":"THREE_CARDS","is_prod":false,"is_daily":false,"chose_seed":false,"campfire_upgraded":0,"win_rate":0.0,"timestamp":1566662706,"path_taken":["M","M","?","M","?","E","M","?","T","?","R","$","E","?","R","BOSS","M","$","M","M","$","E"],"build_version":"2019-07-17","purchased_purges":0,"victory":false,"max_hp_per_floor":[70,70,70,70,70,70,70,70,70,70,70,70,70,70,70,70,75,75,75,75,75,75,75],"card_choices":[{"not_picked":["Quick Slash","Well Laid Plans"],"picked":"Backstab","floor":0},{"not_picked":["Heel Hook","PiercingWail"],"picked":"Prepared","floor":1},{"not_picked":["Prepared","Sucker Punch"],"picked":"Skewer","floor":2},{"not_picked":["Cloak And Dagger","Heel Hook"],"picked":"Predator","floor":4},{"not_picked":["Crippling Poison","Sucker Punch"],"picked":"Dash","floor":6},{"not_picked":["Caltrops","Dagger Spray"],"picked":"Well Laid Plans","floor":7},{"not_picked":["Eviscerate","Skewer"],"picked":"Backflip","floor":13},{"not_picked":["Terror","Caltrops","Blade Dance"],"picked":"SKIP","floor":14},{"not_picked":["Unload","Night Terror"],"picked":"Burst","floor":16},{"not_picked":["Deflect","Outmaneuver"],"picked":"Prepared","floor":17},{"not_picked":["Escape Plan","Slice+1"],"picked":"Backflip","floor":18},{"not_picked":["Calculated Gamble+1","Heel Hook+1"],"picked":"Footwork","floor":20},{"not_picked":["PiercingWail","Quick Slash"],"picked":"Flying Knee","floor":21}],"player_experience":39982,"relics_obtained":[{"floor":6,"key":"Potion Belt"},{"floor":8,"key":"Gremlin Horn"},{"floor":9,"key":"Vajra"},{"floor":13,"key":"Dodecahedron"}],"event_choices":[{"cards_removed":["Strike_G"],"damage_healed":0,"gold_gain":0,"player_choice":"Took Card","damage_taken":0,"max_hp_gain":0,"max_hp_loss":0,"event_name":"NoteForYourself","floor":3,"gold_loss":0,"cards_obtained":["Iron Wave"]},{"damage_healed":0,"gold_gain":0,"player_choice":"Ignored","damage_taken":0,"max_hp_gain":0,"max_hp_loss":0,"event_name":"Liars Game","floor":10,"gold_loss":0}],"is_beta":false,"boss_relics":[{"not_picked":["Empty Cage","Velvet Choker"],"picked":"Tiny House"}],"items_purged_floors":[],"is_endless":false,"potions_floor_spawned":[1,6,13,16,21],"killed_by":"Gremlin Leader","ascension_level":0}