{"gold_per_floor":[118,129,139,139,100,100,130,130,130,164,176,95,95,95,95,200,200,214,313,326,343,354,354,373,373,373,373,403,419,44,55,55,157,157,177,197,548,548,548],"floor_reached":39,"playtime":4010,"items_purged":["Strike_R"],"score":413,"play_id":"f3fc8a14-903f-43a1-9cd2-3c513b647919","local_time":"20190825024133","is_ascension_mode":false,"campfire_choices":[{"data":"True Grit","floor":6,"key":"SMITH"},{"data":"Bash","floor":8,"key":"SMITH"},{"data":"Whirlwind","floor":13,"key":"SMITH"},{"data":"Iron Wave","floor":15,"key":"SMITH"},{"data":"Demon Form","floor":23,"key":"SMITH"},{"data":"Twin Strike","floor":25,"key":"SMITH"},{"floor":32,"key":"REST"}],"neow_cost":"NONE","seed_source_timestamp":0,"circlet_count":0,"master_deck":["Strike_R+1","Defend_R+1","Defend_R","Defend_R","Bash+1","Iron Wave+1","True Grit+1","Dropkick","Shrug It Off+1","Twin Strike+1","Whirlwind+1","Demon Form+1","True Grit+1","Reaper","Double Tap+1","Warcry+1","Parasite"],"special_seed":0,"relics":["Burning Blood","Darkstone Periapt","Toxic Egg 2","Matryoshka","Busted Crown","Dodecahedron","Bottled Lightning","FaceOfCleric","Ancient Tea Set","Empty Cage","Old Coin"],"potions_floor_usage":[16,24,33,33,33,37,38],"damage_taken":[{"damage":0.0,"enemies":"2 Louse","floor":1.0,"turns":3.0},{"damage":0.0,"enemies":"Cultist","floor":2.0,"turns":3.0},{"damage":0.0,"enemies":"Small Slimes","floor":3.0,"turns":3.0},{"damage":31,"enemies":"3 Sentries","floor":7,"turns":13},{"damage":1,"enemies":"Gremlin Nob","floor":10,"turns":4},{"damage":0,"enemies":"2 Fungi Beasts","floor":11,"turns":4},{"damage":54,"enemies":"Hexaghost","floor":16,"turns":12},{"damage":12,"enemies":"Spheric Guardian","floor":18,"turns":5},{"damage":0,"enemies":"Chosen","floor":20,"turns":3},{"damage":7,"enemies":"Centurion and Healer","floor":21,"turns":6},{"damage":9,"enemies":"Snecko","floor":22,"turns":6},{"damage":30,"enemies":"Shelled Parasite and Fungi","floor":24,"turns":4},{"damage":26,"enemies":"Book of Stabbing","floor":28,"turns":6},{"damage":14,"enemies":"Sentry and Sphere","floor":29,"turns":5},{"damage":0,"enemies":"Centurion and Healer","floor":31,"turns":5},{"damage":73,"enemies":"Collector","floor":33,"turns":8},{"damage":20,"enemies":"3 Darklings","floor":35,"turns":4},{"damage":22,"enemies":"3 Shapes","floor":36,"turns":4},{"damage":51,"enemies":"2 Orb Walkers","floor":37,"turns":5},{"damage":43,"enemies":"Writhing Mass","floor":38,"turns":8},{"damage":21,"enemies":"Transient","floor":39,"turns":4}],"seed_played":"1994433929875852905","potions_obtained":[{"floor":2.0,"key":"Regen Potion"},{"floor":16,"key":"SteroidPotion"},{"floor":18,"key":"SteroidPotion"},{"floor":22,"key":"Energy Potion"},{"floor":29,"key":"FearPotion"},{"floor":33,"key":"SmokeBomb"},{"floor":36,"key":"BloodPotion"},{"floor":37,"key":"LiquidBronze"}],"is_trial":false,"path_per_floor":["M","M","M","?","$","R","E","R","T","E","M","$","R","?","R","B",null,"M","?","M","M","M","R","M","R","T","?","E","M","$","M","R","B",null,"M","M","?","M","M"],"character_chosen":"IRONCLAD","items_purchased":["Dropkick","Whirlwind","Reaper","Double Tap+1"],"campfire_rested":1,"item_purchase_floors":[5,12,30,30],"current_hp_per_floor":[80,80,80,80,80,80,55,55,55,60,66,66,66,50,50,17,80,74,74,80,79,76,76,52,52,52,52,33,26,26,41,65,11,84,71,68,42,18,0],"gold":548,"neow_bonus":"REMOVE_CARD","is_prod":false,"is_daily":false,"chose_seed":false,"campfire_upgraded":6,"win_rate":0.0,"timestamp":1566715293,"path_taken":["M","M","M","?","$","R","E","R","T","E","M","?","R","?","R","BOSS","M","?","M","M","M","R","M","R","T","?","E","?","?","M","R","BOSS","M","M","?","M","M"],"build_version":"2019-07-17","purchased_purges":1,"victory":false,"max_hp_per_floor":[80,80,80,80,80,80,80,80,80,80,80,80,80,80,80,80,80,80,80,80,80,80,80,80,80,80,80,81,82,82,83,83,84,84,85,86,87,94,94],"card_choices":[{"not_picked":["Clash","Warcry"],"picked":"Iron Wave","floor":1.0},{"not_picked":["Sword Boomerang","Anger","Clothesline"],"picked":"SKIP","floor":2.0},{"not_picked":["Clash","Sword Boomerang"],"picked":"True Grit","floor":3.0},{"not_picked":["Pummel","Iron Wave","Armaments"],"picked":"SKIP","floor":7},{"not_picked":["Berserk","Dark Embrace"],"picked":"Shrug It Off+1","floor":10},{"not_picked":["Sword Boomerang","Reckless Charge"],"picked":"Twin Strike","floor":11},{"not_picked":["Barricade","Limit Break+1"],"picked":"Demon Form","floor":16},{"not_picked":["Warcry+1"],"picked":"SKIP","floor":18},{"not_picked":[],"picked":"True Grit+1","floor":20},{"not_picked":["Twin Strike"],"picked":"SKIP","floor":21},{"not_picked":["Burning Pact+1"],"picked":"SKIP","floor":22},{"not_picked":["Rampage"],"picked":"SKIP","floor":24},{"not_picked":["Rampage"],"picked":"SKIP","floor":24},{"not_picked":["Inflame"],"picked":"SKIP","floor":28},{"not_picked":["Fire Breathing"],"picked":"SKIP","floor":29},{"not_picked":["Perfected Strike"],"picked":"SKIP","floor":31},{"not_picked":["Armaments+1"],"picked":"SKIP","floor":35},{"not_picked":[],"picked":"Warcry+1","floor":36}],"player_experience":58652,"relics_obtained":[{"floor":7,"key":"Darkstone Periapt"},{"floor":9,"key":"Toxic Egg 2"},{"floor":10,"key":"Matryoshka"},{"floor":26,"key":"Dodecahedron"},{"floor":26,"key":"Bottled Lightning"},{"floor":28,"key":"Ancient Tea Set"},{"floor":37,"key":"Old Coin"}],"event_choices":[{"cards_removed":["Strike_R"],"damage_healed":0.0,"max_hp_gain":0.0,"max_hp_loss":0.0,"gold_gain":0.0,"event_name":"Bonfire Elementals","player_choice":"Offered Basic","floor":4.0,"gold_loss":0.0,"damage_taken":0.0},{"damage_healed":0,"gold_gain":0,"player_choice":"Entered Light","damage_taken":16,"max_hp_gain":0,"max_hp_loss":0,"event_name":"Shining Light","floor":14,"gold_loss":0,"cards_upgraded":["Strike_R","Defend_R"]},{"damage_healed":0,"gold_gain":99,"player_choice":"Stole From Cult","damage_taken":0,"max_hp_gain":0,"max_hp_loss":0,"event_name":"Nest","floor":19,"gold_loss":0},{"damage_healed":0,"gold_gain":0,"player_choice":"Trade","damage_taken":0,"relics_obtained":["FaceOfCleric"],"max_hp_gain":0,"max_hp_loss":0,"event_name":"FaceTrader","floor":27,"gold_loss":0},{"damage_healed":0,"gold_gain":0,"player_choice":"Fight","damage_taken":0,"max_hp_gain":0,"max_hp_loss":0,"event_name":"Mysterious Sphere","floor":37,"gold_loss":0}],"is_beta":false,"boss_relics":[{"not_picked":["Tiny House","White Beast Statue"],"picked":"Busted Crown"},{"not_picked":["Snecko Eye","Black Blood"],"picked":"Empty Cage"}],"items_purged_floors":[30],"is_endless":false,"potions_floor_spawned":[2,16,18,22,29,31,33,36,37],"killed_by":"Transient","ascension_level":0}