{"gold_per_floor":[143,169,169,169,223,223,223,277,277,308,308,110,135,152,152,226,226,243,72,72,83,96,96,96,124,177,208,245,271,283,328,340,428,440,463,475,506,537,549,588,822,834,895,907,406,331,331,344,344,344,344,344,111,145,145],"floor_reached":56,"playtime":2787,"items_purged":["Strike_B","Strike_B","Defend_B"],"score":2230,"play_id":"c548f290-49df-4e26-a573-a5758ad0a633","local_time":"20190628223146","is_ascension_mode":true,"campfire_choices":[{"data":"Zap","floor":6,"key":"SMITH"},{"data":"Ball Lightning","floor":11,"key":"SMITH"},{"data":"Defragment","floor":15,"key":"SMITH"},{"floor":23,"key":"REST"},{"floor":32,"key":"REST"},{"floor":42,"key":"RECALL"},{"data":"Creative AI","floor":44,"key":"SMITH"},{"data":"Static Discharge","floor":49,"key":"SMITH"},{"data":"Heatsinks","floor":52,"key":"SMITH"}],"neow_cost":"NONE","seed_source_timestamp":1303206804217148,"circlet_count":0,"master_deck":["AscendersBane","Defend_B","Zap+1","Dualcast","Ball Lightning+1","Hologram+1","Defragment+1","Conserve Battery+1","Fission+1","Coolheaded+1","Electrodynamics","Hologram+1","White Noise+1","Static Discharge+1","Compile Driver+1","Defragment+1","Coolheaded+1","Self Repair","Tempest+1","Creative AI+1","Heatsinks+1","Chaos+1","Glacier+1","Rainbow+1","BootSequence+1","Multi-Cast+1","Seek+1","Coolheaded+1"],"relics":["Cracked Core","Tiny Chest","Juzu Bracelet","DataDisk","Orichalcum","Toxic Egg 2","Bag of Preparation","Matryoshka","Black Star","Molten Egg 2","Ancient Tea Set","Mummified Hand","Omamori","MawBank","Shuriken","Red Mask","Vajra","Ice Cream","Busted Crown","Blood Vial","Lantern","Pear","Happy Flower","FaceOfCleric","Strawberry","Bottled Lightning"],"potions_floor_usage":[10,25,25,31,55,55],"damage_taken":[{"damage":0,"enemies":"Cultist","floor":1,"turns":3},{"damage":12,"enemies":"3 Sentries","floor":10,"turns":5},{"damage":14,"enemies":"Gremlin Nob","floor":13,"turns":4},{"damage":0,"enemies":"Small Slimes","floor":14,"turns":2},{"damage":0,"enemies":"Slime Boss","floor":16,"turns":3},{"damage":4,"enemies":"2 Thieves","floor":18,"turns":3},{"damage":0,"enemies":"Chosen","floor":21,"turns":3},{"damage":0,"enemies":"Centurion and Healer","floor":22,"turns":3},{"damage":25,"enemies":"Slavers","floor":25,"turns":4},{"damage":0,"enemies":"Gremlin Leader","floor":27,"turns":4},{"damage":0,"enemies":"Masked Bandits","floor":28,"turns":2},{"damage":0,"enemies":"3 Cultists","floor":29,"turns":3},{"damage":31,"enemies":"Book of Stabbing","floor":31,"turns":4},{"damage":0,"enemies":"Champ","floor":33,"turns":15},{"damage":0,"enemies":"3 Shapes","floor":35,"turns":3},{"damage":1,"enemies":"3 Darklings","floor":37,"turns":3},{"damage":0,"enemies":"Writhing Mass","floor":38,"turns":3},{"damage":2,"enemies":"Reptomancer","floor":40,"turns":4},{"damage":0,"enemies":"Transient","floor":48,"turns":5},{"damage":14,"enemies":"Awakened One","floor":50,"turns":16},{"damage":19,"enemies":"Shield and Spear","floor":54,"turns":3},{"damage":75,"enemies":"The Heart","floor":55,"turns":9}],"seed_played":"7474418102064727111","potions_obtained":[{"floor":1,"key":"Fire Potion"},{"floor":10,"key":"SteroidPotion"},{"floor":14,"key":"Energy Potion"},{"floor":21,"key":"EssenceOfSteel"},{"floor":29,"key":"LiquidBronze"},{"floor":33,"key":"FearPotion"},{"floor":38,"key":"AttackPotion"},{"floor":40,"key":"Swift Potion"},{"floor":48,"key":"Ancient Potion"}],"is_trial":false,"path_per_floor":["M","T","?","?","T","R","?","T","T","E","R","$","E","M","R","B",null,"M","$","?","M","M","R","?","E","T","E","?","M","$","E","R","B",null,"M","?","M","M","?","E","?","R","T","R","$","?","?","M","R","B",null,"R","$","E","B",null],"character_chosen":"DEFECT","items_purchased":["Defragment","Conserve Battery+1","White Noise+1","Glacier+1","Rainbow+1","Happy Flower","Seek+1","GamblersBrew"],"campfire_rested":2,"item_purchase_floors":[12,12,19,45,45,45,53,53],"current_hp_per_floor":[64,64,64,69,69,69,69,69,69,57,57,57,43,43,43,43,68,64,64,42,42,42,66,66,41,41,41,48,55,55,31,55,62,76,81,81,81,81,81,81,81,81,91,91,91,91,91,92,92,86,91,91,91,89,24],"gold":145,"neow_bonus":"RANDOM_COMMON_RELIC","is_prod":false,"is_daily":false,"chose_seed":false,"campfire_upgraded":6,"win_rate":0,"timestamp":1561775506,"path_taken":["M","?","?","?","?","R","?","?","T","E","R","$","E","M","R","BOSS","M","$","?","M","M","R","?","E","T","E","?","M","$","E","R","BOSS","M","?","M","M","?","E","?","R","T","R","$","?","?","M","R","BOSS","R","$","E","BOSS"],"build_version":"2019-06-28","purchased_purges":3,"victory":true,"max_hp_per_floor":[71,71,71,76,76,76,76,76,76,76,76,76,76,76,76,76,76,76,76,81,81,81,81,81,81,81,81,81,81,81,81,81,81,81,81,81,81,81,81,81,81,81,91,91,91,91,91,92,92,93,93,93,93,101,102],"card_choices":[{"not_picked":["Loop","Hologram"],"picked":"Ball Lightning","floor":1},{"not_picked":["Leap+1","Go for the Eyes"],"picked":"Hologram+1","floor":10},{"not_picked":["Conserve Battery+1","Ball Lightning"],"picked":"Fission+1","floor":13},{"not_picked":["Turbo+1","Compile Driver"],"picked":"Coolheaded+1","floor":14},{"not_picked":["Seek+1","Biased Cognition"],"picked":"Electrodynamics","floor":16},{"not_picked":["Double Energy+1","Compile Driver"],"picked":"Hologram+1","floor":18},{"not_picked":["Consume+1","Hello World"],"picked":"Static Discharge","floor":21},{"not_picked":["Aggregate+1","Turbo+1"],"picked":"Compile Driver+1","floor":22},{"not_picked":["Fusion+1","Chill+1"],"picked":"Coolheaded+1","floor":25},{"not_picked":["Fusion+1","Doom and Gloom+1"],"picked":"Self Repair","floor":27},{"not_picked":["Sunder+1","Sweeping Beam+1","Cold Snap+1"],"picked":"SKIP","floor":29},{"not_picked":["Fusion+1","Rip and Tear+1"],"picked":"Tempest+1","floor":31},{"not_picked":["Electrodynamics","Meteor Strike+1"],"picked":"Creative AI","floor":33},{"not_picked":[],"picked":"Heatsinks","floor":35},{"not_picked":["Leap+1"],"picked":"SKIP","floor":37},{"not_picked":[],"picked":"Chaos+1","floor":38},{"not_picked":["Steam+1"],"picked":"SKIP","floor":40},{"not_picked":["Compile Driver+1"],"picked":"SKIP","floor":48},{"not_picked":[],"picked":"Coolheaded+1","floor":54}],"player_experience":2574303,"relics_obtained":[{"floor":2,"key":"Juzu Bracelet"},{"floor":5,"key":"DataDisk"},{"floor":8,"key":"Orichalcum"},{"floor":9,"key":"Toxic Egg 2"},{"floor":10,"key":"Bag of Preparation"},{"floor":13,"key":"Matryoshka"},{"floor":25,"key":"Molten Egg 2"},{"floor":25,"key":"Ancient Tea Set"},{"floor":26,"key":"Mummified Hand"},{"floor":26,"key":"Omamori"},{"floor":27,"key":"MawBank"},{"floor":27,"key":"Shuriken"},{"floor":28,"key":"Red Mask"},{"floor":31,"key":"Vajra"},{"floor":31,"key":"Ice Cream"},{"floor":40,"key":"Blood Vial"},{"floor":40,"key":"Lantern"},{"floor":43,"key":"Pear"},{"floor":54,"key":"Strawberry"},{"floor":54,"key":"Bottled Lightning"}],"event_choices":[{"damage_healed":0,"gold_gain":0,"player_choice":"Leave","damage_taken":0,"max_hp_gain":0,"max_hp_loss":0,"event_name":"The Cleric","floor":3,"gold_loss":0},{"damage_healed":0,"gold_gain":0,"player_choice":"Donut","damage_taken":0,"max_hp_gain":5,"max_hp_loss":0,"event_name":"Big Fish","floor":4,"gold_loss":0},{"cards_removed":["Strike_B"],"damage_healed":0,"gold_gain":0,"player_choice":"Forget","damage_taken":0,"max_hp_gain":0,"max_hp_loss":0,"event_name":"Living Wall","floor":7,"gold_loss":0},{"damage_healed":0,"gold_gain":0,"player_choice":"Shed Blood","damage_taken":27,"max_hp_gain":5,"max_hp_loss":0,"event_name":"Forgotten Altar","floor":20,"gold_loss":0},{"damage_healed":0,"gold_gain":0,"player_choice":"Copied","damage_taken":0,"max_hp_gain":0,"max_hp_loss":0,"event_name":"Duplicator","floor":24,"gold_loss":0,"cards_obtained":["Defragment"]},{"damage_healed":0,"gold_gain":0,"player_choice":"Fought Bandits","damage_taken":0,"max_hp_gain":0,"max_hp_loss":0,"event_name":"Masked Bandits","floor":28,"gold_loss":0},{"cards_removed":["Strike_B"],"damage_healed":0,"gold_gain":0,"player_choice":"Removed Attack","damage_taken":0,"max_hp_gain":0,"max_hp_loss":0,"event_name":"Falling","floor":36,"gold_loss":0},{"damage_healed":0,"gold_gain":0,"player_choice":"Ignored","damage_taken":0,"max_hp_gain":0,"max_hp_loss":0,"event_name":"SecretPortal","floor":39,"gold_loss":0},{"damage_healed":0,"gold_gain":222,"player_choice":"Wore Mask","damage_taken":0,"max_hp_gain":0,"max_hp_loss":0,"event_name":"Tomb of Lord Red Mask","floor":41,"gold_loss":0},{"damage_healed":0,"gold_gain":0,"cards_transformed":["Defend_B","Defend_B"],"player_choice":"Transformed Cards","damage_taken":0,"max_hp_gain":0,"max_hp_loss":0,"event_name":"Designer","floor":46,"gold_loss":75,"cards_obtained":["BootSequence","Multi-Cast"]},{"damage_healed":0,"gold_gain":0,"player_choice":"Trade","damage_taken":0,"relics_obtained":["FaceOfCleric"],"max_hp_gain":0,"max_hp_loss":0,"event_name":"FaceTrader","floor":47,"gold_loss":0}],"is_beta":true,"boss_relics":[{"not_picked":["Ectoplasm","Lizard Tail"],"picked":"Black Star"},{"not_picked":["Calling Bell","Astrolabe"],"picked":"Busted Crown"}],"items_purged_floors":[12,19,45],"is_endless":false,"potions_floor_spawned":[1,10,14,16,21,29,33,38,40,48,54],"ascension_level":15}