{"gold_per_floor":[111,129,148,165,181,181,196,43,68,87,87,104,28,42,42,140,140,150,170,181,191,211,211,211],"floor_reached":24,"playtime":1707,"items_purged":["Strike_G"],"score":198,"play_id":"24bf6df0-e44d-4e84-b4af-8a58fd7dbb1c","local_time":"20181226212532","is_ascension_mode":false,"campfire_choices":[{"data":"Neutralize","floor":6,"key":"SMITH"},{"floor":15,"key":"REST"},{"floor":23,"key":"REST"}],"neow_cost":"NONE","seed_source_timestamp":30675392165500,"circlet_count":0,"master_deck":["Defend_G","Defend_G","Defend_G","Defend_G","Defend_G","Strike_G","Strike_G","Strike_G","Strike_G","Survivor","Neutralize+1","Madness+1","Heel Hook","Infinite Blades","Well Laid Plans","Backstab","Corpse Explosion","Distraction","Distraction","Sucker Punch","Sucker Punch","Choke","Bullet Time","Escape Plan+1","Dagger Throw","Leg Sweep","Sucker Punch","Deflect+1"],"relics":["Ring of the Snake","Oddly Smooth Stone","Smiling Mask","WristBlade"],"potions_floor_usage":[20,20,20,20],"damage_taken":[{"damage":1,"enemies":"Cultist","floor":1,"turns":5},{"damage":0,"enemies":"Jaw Worm","floor":2,"turns":4},{"damage":0,"enemies":"Small Slimes","floor":3,"turns":3},{"damage":2,"enemies":"Looter","floor":4,"turns":4},{"damage":9,"enemies":"Large Slime","floor":5,"turns":6},{"damage":0,"enemies":"Exordium Wildlife","floor":7,"turns":4},{"damage":0,"enemies":"Blue Slaver","floor":10,"turns":3},{"damage":1,"enemies":"Red Slaver","floor":12,"turns":4},{"damage":13,"enemies":"Exordium Thugs","floor":14,"turns":3},{"damage":36,"enemies":"The Guardian","floor":16,"turns":9},{"damage":1,"enemies":"Shell Parasite","floor":18,"turns":3},{"damage":17,"enemies":"2 Thieves","floor":19,"turns":3},{"damage":13,"enemies":"Centurion and Healer","floor":20,"turns":5},{"damage":19,"enemies":"Snecko","floor":21,"turns":5},{"damage":11,"enemies":"Chosen and Byrds","floor":22,"turns":8},{"damage":31,"enemies":"Cultist and Chosen","floor":24,"turns":5}],"seed_played":"275428403238082248","potions_obtained":[{"floor":1,"key":"AttackPotion"},{"floor":5,"key":"Weak Potion"},{"floor":7,"key":"Dexterity Potion"},{"floor":10,"key":"EssenceOfSteel"},{"floor":19,"key":"Poison Potion"},{"floor":20,"key":"Fruit Juice"}],"is_trial":false,"path_per_floor":["M","M","M","M","M","R","M","$","T","M","?","M","$","M","R","B",null,"M","M","M","M","M","R","M"],"character_chosen":"THE_SILENT","items_purchased":["Oddly Smooth Stone","Sucker Punch"],"campfire_rested":2,"item_purchase_floors":[8,13],"current_hp_per_floor":[69,69,69,67,58,58,58,58,58,58,58,57,57,44,65,29,70,69,52,44,25,14,36,5],"gold":211,"neow_bonus":"RANDOM_COLORLESS","is_prod":false,"is_daily":false,"chose_seed":false,"campfire_upgraded":1,"win_rate":0.0,"timestamp":1545855932,"path_taken":["M","M","M","?","M","R","M","$","T","M","?","M","$","M","R","BOSS","M","M","M","M","M","R","M"],"build_version":"2018-12-20","purchased_purges":1,"victory":false,"max_hp_per_floor":[70,70,70,70,70,70,70,70,70,70,70,70,70,70,70,70,70,70,70,75,75,75,75,75],"card_choices":[{"not_picked":["Catalyst","Deflect"],"picked":"Heel Hook","floor":1},{"not_picked":["Underhanded Strike","Dagger Throw"],"picked":"Infinite Blades","floor":2},{"not_picked":["Catalyst","Outmaneuver"],"picked":"Well Laid Plans","floor":3},{"not_picked":["Deflect","Outmaneuver"],"picked":"Backstab","floor":4},{"not_picked":["Dodge and Roll","Dagger Throw"],"picked":"Corpse Explosion","floor":5},{"not_picked":["Backflip","Sucker Punch"],"picked":"Distraction","floor":7},{"not_picked":["Dagger Throw","Flechettes"],"picked":"Distraction","floor":10},{"not_picked":["Acrobatics","Underhanded Strike"],"picked":"Sucker Punch","floor":12},{"not_picked":["Eviscerate","Underhanded Strike"],"picked":"Choke","floor":14},{"not_picked":["Die Die Die","Phantasmal Killer"],"picked":"Bullet Time","floor":16},{"not_picked":["Outmaneuver","Caltrops+1"],"picked":"Escape Plan+1","floor":18},{"not_picked":["Dodge and Roll","Backflip"],"picked":"Dagger Throw","floor":19},{"not_picked":["Dodge and Roll+1","Acrobatics"],"picked":"Leg Sweep","floor":20},{"not_picked":["Wraith Form v2","Prepared"],"picked":"Sucker Punch","floor":21},{"not_picked":["Underhanded Strike","Caltrops+1"],"picked":"Deflect+1","floor":22}],"player_experience":46314,"relics_obtained":[{"floor":9,"key":"Smiling Mask"}],"event_choices":[{"damage_healed":0,"gold_gain":0,"player_choice":"Grow","damage_taken":0,"max_hp_gain":0,"max_hp_loss":0,"event_name":"Living Wall","floor":11,"gold_loss":0,"cards_upgraded":["Madness"]}],"is_beta":false,"boss_relics":[{"not_picked":["Ring of the Serpent","White Beast Statue"],"picked":"WristBlade"}],"items_purged_floors":[13],"is_endless":false,"potions_floor_spawned":[1,5,7,10,12,16,19,20],"killed_by":"Cultist and Chosen","ascension_level":0}