{"gold_per_floor":[112,127,77,77,96,96,91,109,133,43,43,66,106,126,126,254,254,247,267,37,60,85,85,85],"floor_reached":24,"playtime":1417,"items_purged":[],"score":202,"play_id":"fb590aeb-5f1d-4609-8955-79a5c159b436","local_time":"20190703203157","is_ascension_mode":false,"campfire_choices":[{"data":"Dualcast","floor":6,"key":"SMITH"},{"floor":11,"key":"REST"},{"floor":15,"key":"REST"},{"floor":23,"key":"REST"}],"neow_cost":"TEN_PERCENT_HP_LOSS","seed_source_timestamp":1043833921190400,"circlet_count":0,"master_deck":["Strike_B","Strike_B","Defend_B","Defend_B","Defend_B","Defend_B","Zap","Dualcast+1","Skim","Coolheaded","Recycle","Redo","Gash","Ball Lightning","Conserve Battery","Melter","Lockon","Buffer","Defragment","Auto Shields+1","Genetic Algorithm","Redo","Cold Snap"],"relics":["Cracked Core","Golden Idol","Lantern","Bag of Marbles","Centennial Puzzle","Cursed Key","Blood Vial"],"potions_floor_usage":[13,13,16],"damage_taken":[{"damage":3,"enemies":"Jaw Worm","floor":1,"turns":4},{"damage":0,"enemies":"2 Louse","floor":2,"turns":3},{"damage":2,"enemies":"Small Slimes","floor":5,"turns":4},{"damage":13,"enemies":"Exordium Thugs","floor":7,"turns":4},{"damage":10,"enemies":"3 Louse","floor":8,"turns":4},{"damage":3,"enemies":"Looter","floor":12,"turns":3},{"damage":15,"enemies":"Gremlin Nob","floor":13,"turns":4},{"damage":2,"enemies":"Gremlin Gang","floor":14,"turns":3},{"damage":21,"enemies":"The Guardian","floor":16,"turns":11},{"damage":10,"enemies":"2 Thieves","floor":18,"turns":4},{"damage":0,"enemies":"Spheric Guardian","floor":19,"turns":1},{"damage":28,"enemies":"Snake Plant","floor":21,"turns":4},{"damage":13,"enemies":"Centurion and Healer","floor":22,"turns":7},{"damage":48,"enemies":"Gremlin Leader","floor":24,"turns":7}],"seed_played":"5792489412712600145","potions_obtained":[{"floor":2,"key":"Swift Potion"},{"floor":5,"key":"FearPotion"},{"floor":12,"key":"PowerPotion"},{"floor":13,"key":"Ancient Potion"},{"floor":19,"key":"SneckoOil"}],"is_trial":false,"path_per_floor":["M","M","?","?","M","R","M","M","T","?","R","M","E","M","R","B",null,"M","M","$","M","M","R","E"],"character_chosen":"DEFECT","items_purchased":["Blood Vial","Genetic Algorithm"],"campfire_rested":3,"item_purchase_floors":[20,20],"current_hp_per_floor":[65,65,65,48,46,46,33,23,23,23,43,40,25,23,43,22,68,58,58,58,32,21,41,0],"gold":85,"neow_bonus":"TRANSFORM_TWO_CARDS","is_prod":false,"is_daily":false,"chose_seed":false,"campfire_upgraded":1,"win_rate":0,"timestamp":1562178717,"path_taken":["M","M","?","?","M","R","M","M","T","?","R","M","E","M","R","BOSS","M","?","$","M","M","R","E"],"build_version":"2019-07-01","purchased_purges":0,"victory":false,"max_hp_per_floor":[68,68,68,68,68,68,68,68,68,68,68,68,68,68,68,68,68,68,68,68,68,68,68,68],"card_choices":[{"not_picked":["Glacier","Tempest"],"picked":"Coolheaded","floor":1},{"not_picked":["Gash","Turbo"],"picked":"Recycle","floor":2},{"not_picked":["Conserve Battery","Fusion"],"picked":"Redo","floor":5},{"not_picked":["Heatsinks","Turbo"],"picked":"Gash","floor":7},{"not_picked":["Steam","Double Energy"],"picked":"Ball Lightning","floor":8},{"not_picked":["Rebound","Auto Shields"],"picked":"Conserve Battery","floor":12},{"not_picked":["Force Field","Scrape"],"picked":"Melter","floor":13},{"not_picked":["Compile Driver","Go for the Eyes"],"picked":"Lockon","floor":14},{"not_picked":["All For One","Meteor Strike"],"picked":"Buffer","floor":16},{"not_picked":["Cold Snap+1","Sweeping Beam"],"picked":"Defragment","floor":18},{"not_picked":["Redo","Beam Cell+1"],"picked":"Auto Shields+1","floor":19},{"not_picked":["Streamline+1","Gash"],"picked":"Redo","floor":21},{"not_picked":["Sweeping Beam","Rebound"],"picked":"Cold Snap","floor":22}],"player_experience":299794,"relics_obtained":[{"floor":9,"key":"Lantern"},{"floor":13,"key":"Centennial Puzzle"}],"event_choices":[{"cards_removed":["Force Field"],"damage_healed":0,"gold_gain":0,"player_choice":"Card Removal","damage_taken":0,"max_hp_gain":0,"max_hp_loss":0,"event_name":"The Cleric","floor":3,"gold_loss":50},{"damage_healed":0,"gold_gain":0,"player_choice":"Take Damage","damage_taken":17,"relics_obtained":["Golden Idol"],"max_hp_gain":0,"max_hp_loss":0,"event_name":"Golden Idol","floor":4,"gold_loss":0},{"damage_healed":0,"gold_gain":0,"player_choice":"Paid Gold","damage_taken":0,"relics_obtained":["Bag of Marbles"],"max_hp_gain":0,"max_hp_loss":0,"event_name":"WeMeetAgain","floor":10,"gold_loss":90}],"is_beta":false,"boss_relics":[{"not_picked":["Tiny House","Fusion Hammer"],"picked":"Cursed Key"}],"items_purged_floors":[],"is_endless":false,"potions_floor_spawned":[2,5,12,13,19],"killed_by":"Gremlin Leader","ascension_level":0}