{"gold_per_floor":[109,119,119,136,13,13,40,40,112,12,27,27,45,45,45,45],"floor_reached":16,"playtime":1290,"items_purged":["Strike_R","Strike_R"],"score":105,"play_id":"909633b6-1cd6-48d8-b16a-a450f2863756","local_time":"20190825114627","is_ascension_mode":true,"campfire_choices":[{"data":"Shrug It Off","floor":6.0,"key":"SMITH"},{"data":"Shrug It Off","floor":8.0,"key":"SMITH"},{"data":"Iron Wave","floor":12,"key":"SMITH"},{"data":"Pommel Strike","floor":15,"key":"SMITH"}],"neow_cost":"NONE","seed_source_timestamp":132486833956299,"circlet_count":0,"master_deck":["Strike_R","Strike_R","Strike_R","Defend_R","Defend_R","Defend_R","Defend_R","Bash+1","Iron Wave+1","Shrug It Off+1","Shrug It Off+1","Ghostly Armor","Pommel Strike+1"],"special_seed":0,"relics":["Burning Blood","PreservedInsect","Kunai","Anchor"],"potions_floor_usage":[11,16,16,16],"damage_taken":[{"damage":0.0,"enemies":"Small Slimes","floor":1.0,"turns":3.0},{"damage":10.0,"enemies":"Cultist","floor":2.0,"turns":5.0},{"damage":2.0,"enemies":"Jaw Worm","floor":4.0,"turns":6.0},{"damage":40.0,"enemies":"Lagavulin","floor":7.0,"turns":12.0},{"damage":10,"enemies":"Gremlin Gang","floor":11,"turns":8},{"damage":1,"enemies":"Blue Slaver","floor":13,"turns":5},{"damage":64,"enemies":"Slime Boss","floor":16,"turns":11}],"seed_played":"8079876290253470972","potions_obtained":[{"floor":0.0,"key":"FearPotion"},{"floor":0.0,"key":"EntropicBrew"},{"floor":0.0,"key":"Regen Potion"},{"floor":13,"key":"FearPotion"}],"is_trial":false,"path_per_floor":["M","M","?","M","$","R","E","R","T","$","M","R","M","T","R","B"],"character_chosen":"IRONCLAD","items_purchased":["Shrug It Off"],"campfire_rested":0,"item_purchase_floors":[5],"current_hp_per_floor":[80,76,76,80,80,80,58,58,58,58,54,54,59,59,59,0],"gold":45,"neow_bonus":"THREE_SMALL_POTIONS","is_prod":false,"is_daily":false,"chose_seed":false,"campfire_upgraded":4,"win_rate":0,"timestamp":1566747987,"path_taken":["M","M","?","?","$","R","E","R","T","?","M","R","M","?","R","BOSS"],"build_version":"2019-07-17","purchased_purges":2,"victory":false,"max_hp_per_floor":[80,80,80,80,80,80,80,80,80,80,80,80,80,80,80,80],"card_choices":[{"not_picked":["Power Through","Flame Barrier","Dropkick"],"picked":"SKIP","floor":1.0},{"not_picked":["Hemokinesis","Carnage"],"picked":"Iron Wave","floor":2.0},{"not_picked":["Clothesline","Combust"],"picked":"Shrug It Off","floor":4.0},{"not_picked":["Perfected Strike","Thunderclap"],"picked":"Ghostly Armor","floor":7.0},{"not_picked":["Hemokinesis","Feel No Pain","Thunderclap"],"picked":"SKIP","floor":11},{"not_picked":["Anger","Armaments"],"picked":"Pommel Strike","floor":13}],"player_experience":67667,"relics_obtained":[{"floor":7.0,"key":"PreservedInsect"},{"floor":9.0,"key":"Kunai"},{"floor":14,"key":"Anchor"}],"event_choices":[{"damage_healed":0.0,"max_hp_gain":0.0,"max_hp_loss":0.0,"gold_gain":0.0,"event_name":"Accursed Blacksmith","player_choice":"Forge","floor":3.0,"gold_loss":0.0,"damage_taken":0.0,"cards_upgraded":["Bash"]}],"is_beta":false,"boss_relics":[],"items_purged_floors":[5,10],"is_endless":false,"potions_floor_spawned":[4,7,13],"killed_by":"Slime Boss","ascension_level":1}