{"gold_per_floor":[115,125,135,135,19,19,19,19,19,94,94,106,135,148,148,243,243,257,274,3,3],"floor_reached":21,"playtime":1008,"items_purged":[],"score":171,"play_id":"b2390026-381c-4246-9203-acf14d4150a5","local_time":"20190330194741","is_ascension_mode":false,"campfire_choices":[{"data":"Hello World","floor":6,"key":"SMITH"},{"floor":11,"key":"REST"},{"data":"Genetic Algorithm","floor":15,"key":"SMITH"}],"neow_cost":"NONE","seed_source_timestamp":29477247377600,"circlet_count":0,"master_deck":["Strike_B","Strike_B","Strike_B","Strike_B","Defend_B","Defend_B","Defend_B","Defend_B","Zap","Dualcast","Seek","Cold Snap","Hologram","Conserve Battery","Hello World+1","Consume","Fusion","Self Repair","Leap","Genetic Algorithm+1","Rainbow","Storm","Turbo","Defragment","Conserve Battery"],"relics":["Cracked Core","Bird Faced Urn","Odd Mushroom","Velvet Choker","Lantern"],"potions_floor_usage":[13,16],"damage_taken":[{"damage":0,"enemies":"Small Slimes","floor":1,"turns":3},{"damage":0,"enemies":"Cultist","floor":2,"turns":3},{"damage":0,"enemies":"2 Louse","floor":3,"turns":2},{"damage":7,"enemies":"2 Fungi Beasts","floor":8,"turns":4},{"damage":7,"enemies":"Blue Slaver","floor":12,"turns":4},{"damage":15,"enemies":"The Mushroom Lair","floor":13,"turns":5},{"damage":5,"enemies":"Looter","floor":14,"turns":4},{"damage":53,"enemies":"The Guardian","floor":16,"turns":12},{"damage":25,"enemies":"Chosen","floor":18,"turns":7},{"damage":51,"enemies":"3 Byrds","floor":19,"turns":7},{"damage":25,"enemies":"Colosseum Slavers","floor":21,"turns":1}],"seed_played":"-313494376866577563","potions_obtained":[{"floor":12,"key":"AttackPotion"},{"floor":13,"key":"Strength Potion"},{"floor":14,"key":"Regen Potion"},{"floor":19,"key":"Swift Potion"}],"is_trial":false,"path_per_floor":["M","M","M","?","$","R","?","M","T","?","R","M","?","M","R","B",null,"M","M","$","?"],"character_chosen":"DEFECT","items_purchased":["Hello World","Consume","Lantern","Defragment","Conserve Battery"],"campfire_rested":1,"item_purchase_floors":[5,5,20,20,20],"current_hp_per_floor":[75,75,75,42,42,42,42,37,37,26,48,43,39,45,45,18,75,50,12,12,0],"gold":3,"neow_bonus":"ONE_RANDOM_RARE_CARD","is_prod":false,"is_daily":false,"chose_seed":false,"campfire_upgraded":2,"win_rate":0,"timestamp":1553971661,"path_taken":["M","M","M","?","$","R","?","?","T","?","R","M","?","M","R","BOSS","M","M","$","?"],"build_version":"2019-01-23","purchased_purges":0,"victory":false,"max_hp_per_floor":[75,75,75,75,75,75,75,75,75,75,75,75,75,75,75,75,75,75,75,75,75],"card_choices":[{"not_picked":["Streamline","Reinforced Body"],"picked":"Cold Snap","floor":1},{"not_picked":["Beam Cell","Gash"],"picked":"Hologram","floor":2},{"not_picked":["Compile Driver","Heatsinks"],"picked":"Conserve Battery","floor":3},{"not_picked":["Ball Lightning","Coolheaded"],"picked":"Fusion","floor":8},{"not_picked":["Rip and Tear","Fission"],"picked":"Self Repair","floor":12},{"not_picked":["Go for the Eyes","Sweeping Beam"],"picked":"Leap","floor":13},{"not_picked":["Recycle","Cold Snap"],"picked":"Genetic Algorithm","floor":14},{"not_picked":["Biased Cognition","Reboot"],"picked":"Rainbow","floor":16},{"not_picked":["Hologram+1","Fusion"],"picked":"Storm","floor":18},{"not_picked":["Recycle","Sweeping Beam"],"picked":"Turbo","floor":19}],"player_experience":273072,"relics_obtained":[{"floor":13,"key":"Odd Mushroom"}],"event_choices":[{"damage_healed":0,"gold_gain":0,"player_choice":"Success","damage_taken":33,"relics_obtained":["Bird Faced Urn"],"max_hp_gain":0,"max_hp_loss":0,"event_name":"Scrap Ooze","floor":4,"gold_loss":0},{"damage_healed":0,"gold_gain":0,"player_choice":"Ignored","damage_taken":0,"max_hp_gain":0,"max_hp_loss":0,"event_name":"NoteForYourself","floor":7,"gold_loss":0},{"damage_healed":0,"gold_gain":75,"player_choice":"Gather Gold","damage_taken":11,"max_hp_gain":0,"max_hp_loss":0,"event_name":"World of Goop","floor":10,"gold_loss":0},{"damage_healed":0,"gold_gain":0,"player_choice":"Fought Mushrooms","damage_taken":0,"max_hp_gain":0,"max_hp_loss":0,"event_name":"Mushrooms","floor":13,"gold_loss":0},{"damage_healed":0,"gold_gain":0,"player_choice":"Fight","damage_taken":0,"max_hp_gain":0,"max_hp_loss":0,"event_name":"Colosseum","floor":21,"gold_loss":0}],"is_beta":false,"boss_relics":[{"not_picked":["Eternal Feather","Snecko Eye"],"picked":"Velvet Choker"}],"items_purged_floors":[],"is_endless":false,"potions_floor_spawned":[12,13,14,19],"killed_by":"Colosseum Slavers","ascension_level":0}