{"gold_per_floor":[112,112,112,123,137,137,165,165,165,176,209,209,243,255,255,327,327,345,214,233,251,251,251,277,193,193,204,204,239,46,60,60,138,138,152,152,169,179,198,230,243,243,292,303,303,303,330,349,349,349,349,349,10,39,39],"floor_reached":56,"playtime":3117,"items_purged":["Strike_R","Strike_R","Strike_R","Strike_R+1"],"score":2065,"play_id":"fdde5650-edaa-4455-8f8d-a0ab5ee75248","local_time":"20190716000338","is_ascension_mode":true,"campfire_choices":[{"data":"Hemokinesis","floor":6,"key":"SMITH"},{"data":"Fiend Fire","floor":12,"key":"SMITH"},{"data":"Spot Weakness","floor":15,"key":"SMITH"},{"data":"Inflame","floor":23,"key":"SMITH"},{"data":"Feed","floor":28,"key":"SMITH"},{"data":"Limit Break","floor":32,"key":"SMITH"},{"floor":46,"key":"RECALL"},{"data":"Feel No Pain","floor":49,"key":"SMITH"},{"data":"Uppercut","floor":52,"key":"SMITH"}],"neow_cost":"NONE","seed_source_timestamp":451092341327118,"circlet_count":0,"master_deck":["AscendersBane","Defend_R+1","Defend_R","Defend_R","Defend_R","Bash+1","Headbutt","Hemokinesis+1","Disarm+1","Feed+1","Spot Weakness+1","Fiend Fire+1","Noxious Fumes","Blur","Immolate","Inflame+1","Immolate","Burning Pact","Battle Trance","PiercingWail","Uppercut+1","Feel No Pain+1","Warcry+1","Limit Break+1","Shrug It Off","Offering","hubris:TrickCloak","Warcry+1","PiercingWail","Spot Weakness+1","Feel No Pain+1","Reaper","Shockwave+1"],"relics":["Burning Blood","Whetstone","hubris:IronBody","hubris:DisguiseKit","hubris:TenFootPole","Smiling Mask","hubris:GrandSneckoEye","War Paint","Darkstone Periapt","Letter Opener","Runic Pyramid","Kunai","Juzu Bracelet","Question Card","hubris:Spice"],"potions_floor_usage":[24,29,29,37,55,55,55,55],"damage_taken":[{"damage":5,"enemies":"Cultist","floor":1,"turns":4},{"damage":1,"enemies":"Small Slimes","floor":4,"turns":4},{"damage":10,"enemies":"Jaw Worm","floor":5,"turns":3},{"damage":18,"enemies":"Gremlin Nob","floor":7,"turns":3},{"damage":11,"enemies":"Exordium Thugs","floor":10,"turns":5},{"damage":27,"enemies":"3 Sentries","floor":11,"turns":7},{"damage":16,"enemies":"Gremlin Nob","floor":13,"turns":4},{"damage":2,"enemies":"Exordium Wildlife","floor":14,"turns":3},{"damage":16,"enemies":"Hexaghost","floor":16,"turns":10},{"damage":12,"enemies":"2 Thieves","floor":18,"turns":2},{"damage":6,"enemies":"Chosen","floor":20,"turns":3},{"damage":18,"enemies":"Snake Plant","floor":21,"turns":3},{"damage":5,"enemies":"Gremlin Leader","floor":24,"turns":5},{"damage":41,"enemies":"Shelled Parasite and Fungi","floor":27,"turns":6},{"damage":38,"enemies":"Book of Stabbing","floor":29,"turns":6},{"damage":0,"enemies":"Centurion and Healer","floor":31,"turns":8},{"damage":33,"enemies":"Collector","floor":33,"turns":7},{"damage":8,"enemies":"Orb Walker","floor":35,"turns":4},{"damage":33,"enemies":"3 Darklings","floor":37,"turns":4},{"damage":3,"enemies":"4 Shapes","floor":38,"turns":3},{"damage":6,"enemies":"Jaw Worm Horde","floor":39,"turns":2},{"damage":8,"enemies":"Giant Head","floor":40,"turns":8},{"damage":6,"enemies":"Writhing Mass","floor":41,"turns":5},{"damage":0,"enemies":"Spire Growth","floor":44,"turns":4},{"damage":5,"enemies":"Nemesis","floor":47,"turns":7},{"damage":32,"enemies":"Transient","floor":48,"turns":5},{"damage":33,"enemies":"Awakened One","floor":50,"turns":9},{"damage":76,"enemies":"Shield and Spear","floor":54,"turns":5},{"damage":60,"enemies":"The Heart","floor":55,"turns":10}],"seed_played":"-4957678728185687526","potions_obtained":[{"floor":4,"key":"SneckoOil"},{"floor":5,"key":"SpeedPotion"},{"floor":18,"key":"Regen Potion"},{"floor":24,"key":"LiquidBronze"},{"floor":29,"key":"FearPotion"},{"floor":31,"key":"Energy Potion"},{"floor":39,"key":"Ancient Potion"},{"floor":54,"key":"EntropicBrew"}],"is_trial":false,"path_per_floor":["M","T","?","M","M","R","E","?","T","M","E","R","E","M","R","B",null,"M","$","M","M","?","R","E","$","T","M","R","E","$","M","R","B",null,"M","?","M","M","M","E","M","?","T","M","?","R","E","M","R","B",null,"R","$","E","B",null],"character_chosen":"IRONCLAD","items_purchased":["Immolate","Uppercut","Limit Break","hubris:Spice"],"campfire_rested":0,"item_purchase_floors":[19,25,30,53],"current_hp_per_floor":[69,69,62,67,63,63,51,51,51,49,31,31,24,31,31,24,74,68,68,71,59,59,59,72,72,72,52,52,23,23,99,99,76,102,104,104,81,84,88,90,94,94,94,104,104,104,138,138,138,142,142,142,150,154,138],"gold":39,"neow_bonus":"RANDOM_COMMON_RELIC","is_prod":false,"is_daily":false,"chose_seed":false,"campfire_upgraded":8,"win_rate":0,"timestamp":1563249818,"path_taken":["M","?","?","M","M","R","E","?","T","M","E","R","E","M","R","BOSS","M","$","M","M","?","R","E","?","T","M","R","E","?","?","R","BOSS","M","?","M","?","M","E","M","?","T","M","?","R","E","M","R","BOSS","R","$","E","BOSS"],"build_version":"2019-07-05","purchased_purges":4,"victory":true,"max_hp_per_floor":[75,75,75,75,75,75,75,75,75,78,81,81,84,87,87,90,90,90,90,93,93,93,93,96,96,96,99,99,102,102,106,106,110,110,114,114,118,118,122,126,130,130,130,134,134,134,138,138,138,142,142,142,150,154,154],"card_choices":[{"not_picked":["Clash","Power Through"],"picked":"Headbutt","floor":1},{"not_picked":["Cleave","Infernal Blade"],"picked":"Hemokinesis","floor":4},{"not_picked":["Wild Strike","Perfected Strike"],"picked":"Disarm","floor":5},{"not_picked":["Pommel Strike","Shrug It Off"],"picked":"Feed","floor":7},{"not_picked":["Headbutt","Wild Strike","Cloak And Dagger"],"picked":"Spot Weakness","floor":10},{"not_picked":["True Grit","Battle Trance","Escape Plan"],"picked":"Fiend Fire","floor":11},{"not_picked":["Headbutt","Disarm","Heavy Blade"],"picked":"Noxious Fumes","floor":13},{"not_picked":["Wild Strike","Perfected Strike","Warcry"],"picked":"Blur","floor":14},{"not_picked":["Feed","hubris:StunningStrike","Glass Knife"],"picked":"Immolate","floor":16},{"not_picked":["Iron Wave","Heavy Blade","Flying Knee"],"picked":"Inflame","floor":18},{"not_picked":["Warcry","Twin Strike","Outmaneuver"],"picked":"Burning Pact","floor":20},{"not_picked":["Wild Strike+1","Carnage","hubris:CleavingFinish","Deflect"],"picked":"SKIP","floor":21},{"not_picked":["Iron Wave","Armaments","Cleave+1"],"picked":"PiercingWail","floor":24},{"not_picked":["Armaments","Cleave","Underhanded Strike"],"picked":"Feel No Pain","floor":27},{"not_picked":["Havoc","Wild Strike","Expertise"],"picked":"Warcry+1","floor":29},{"not_picked":["Infernal Blade+1","Flex","Tactician"],"picked":"Shrug It Off","floor":31},{"not_picked":["hubris:StunningStrike","Bludgeon","Glass Knife"],"picked":"Offering","floor":33},{"not_picked":["Body Slam","Evolve","Blood for Blood+1"],"picked":"hubris:TrickCloak","floor":35},{"not_picked":["Headbutt","Pummel","Endless Agony"],"picked":"Warcry+1","floor":37},{"not_picked":["Ghostly Armor","Twin Strike","Wild Strike+1","Slice"],"picked":"SKIP","floor":38},{"not_picked":["Inflame","Barricade","Clash"],"picked":"PiercingWail","floor":39},{"not_picked":["Sentinel","Rampage+1","Body Slam+1","Caltrops"],"picked":"SKIP","floor":40},{"not_picked":["Anger","Sword Boomerang+1","Distraction"],"picked":"Spot Weakness+1","floor":41},{"not_picked":["Entrench","Headbutt","hubris:TrickCloak"],"picked":"Feel No Pain+1","floor":44},{"not_picked":["Rupture","Wild Strike","Night Terror"],"picked":"Shockwave+1","floor":47},{"not_picked":["Pummel","Hemokinesis","Body Slam+1","Sever Soul","Choke"],"picked":"SKIP","floor":48},{"not_picked":["Anger","Rage","Carnage+1","Flex","hubris:Counter"],"picked":"SKIP","floor":54}],"player_experience":2584708,"relics_obtained":[{"floor":2,"key":"hubris:IronBody"},{"floor":7,"key":"hubris:DisguiseKit"},{"floor":11,"key":"hubris:TenFootPole"},{"floor":13,"key":"Smiling Mask"},{"floor":24,"key":"War Paint"},{"floor":26,"key":"Darkstone Periapt"},{"floor":29,"key":"Letter Opener"},{"floor":40,"key":"Kunai"},{"floor":43,"key":"Juzu Bracelet"},{"floor":47,"key":"Question Card"}],"event_choices":[{"cards_removed":["Strike_R"],"damage_healed":0,"gold_gain":0,"player_choice":"Card Removal","damage_taken":7,"max_hp_gain":0,"max_hp_loss":0,"event_name":"Golden Wing","floor":3,"gold_loss":0},{"damage_healed":0,"gold_gain":0,"player_choice":"Ignored","damage_taken":0,"max_hp_gain":0,"max_hp_loss":0,"event_name":"Liars Game","floor":8,"gold_loss":0},{"damage_healed":0,"gold_gain":0,"player_choice":"Read","damage_taken":0,"max_hp_gain":0,"max_hp_loss":0,"event_name":"The Library","floor":22,"gold_loss":0,"cards_obtained":["Battle Trance"]},{"damage_healed":0,"gold_gain":0,"player_choice":"Ignored","damage_taken":0,"max_hp_gain":0,"max_hp_loss":0,"event_name":"SecretPortal","floor":36,"gold_loss":0},{"damage_healed":0,"gold_gain":0,"player_choice":"Ignored","damage_taken":0,"max_hp_gain":0,"max_hp_loss":0,"event_name":"Tomb of Lord Red Mask","floor":42,"gold_loss":0},{"damage_healed":0,"gold_gain":0,"player_choice":"1 cards matched","damage_taken":0,"max_hp_gain":0,"max_hp_loss":0,"event_name":"Match and Keep!","floor":45,"gold_loss":0,"cards_obtained":["Reaper"]}],"is_beta":false,"boss_relics":[{"not_picked":["hubris:Backtick","Lizard Tail"],"picked":"hubris:GrandSneckoEye"},{"not_picked":["Black Star","Black Blood"],"picked":"Runic Pyramid"}],"items_purged_floors":[19,25,30,53],"is_endless":false,"potions_floor_spawned":[4,5,10,11,18,24,29,31,33,35,39,40,41,54],"ascension_level":15}