{"gold_per_floor":[20,20,20,39,62,96,96,127,127,127,145,186,94,94,94,183,183,202,91,138,138,138,177,177,221,221,221,235,360,360,403,403,499,499,517,442,442,463,463,507,530,569,569,569,607,653,697,1030,1030,1030,1030,1030,135,161,161],"floor_reached":56,"playtime":2811,"items_purged":["Strike_R","Strike_R"],"score":2758,"play_id":"340d97b9-345b-4a44-8124-249e295730b3","local_time":"20190627211730","is_ascension_mode":true,"campfire_choices":[{"data":"Fiend Fire","floor":7.0,"key":"SMITH"},{"data":"Armaments","floor":15,"key":"SMITH"},{"floor":24,"key":"REST"},{"floor":27,"key":"REST"},{"floor":30,"key":"RECALL"},{"floor":32,"key":"REST"},{"floor":44,"key":"REST"},{"floor":49,"key":"REST"},{"floor":52,"key":"REST"}],"neow_cost":"NO_GOLD","seed_source_timestamp":1212163473952909,"circlet_count":0,"master_deck":["AscendersBane","Defend_R","Defend_R","Defend_R","Defend_R","Bash","Fiend Fire+1","Flame Barrier","Armaments+1","Carnage","Limit Break","Anger","Shrug It Off","Headbutt","Uppercut","Feed","True Grit+1","Spot Weakness+1","Battle Trance","Reaper","Corruption","Juggernaut","Sentinel+1","Barricade","Shockwave","Anger","Dropkick","Feel No Pain","Sentinel","Shrug It Off+1","Body Slam","Feel No Pain","True Grit+1","Warcry+1","Chrysalis+1","Limit Break+1"],"special_seed":0,"relics":["Burning Blood","The Courier","Calipers","Unceasing Top","Potion Belt","Juzu Bracelet","Fusion Hammer","Bronze Scales","Dead Branch","Sundial","Prayer Wheel","Matryoshka","Vajra","Snecko Eye","Mercury Hourglass","Pocketwatch","Question Card","Gremlin Horn","Toxic Egg 2","Self Forming Clay","PreservedInsect","Anchor","Centennial Puzzle","Lee\u0027s Waffle","Bag of Marbles","Bottled Tornado","Boot"],"potions_floor_usage":[12,23,25,29,55,55,55],"damage_taken":[{"damage":2.0,"enemies":"Small Slimes","floor":1.0,"turns":3.0},{"damage":0.0,"enemies":"2 Louse","floor":4.0,"turns":3.0},{"damage":1.0,"enemies":"Cultist","floor":5.0,"turns":3.0},{"damage":16.0,"enemies":"Gremlin Nob","floor":6.0,"turns":3.0},{"damage":20.0,"enemies":"Lagavulin","floor":8.0,"turns":7.0},{"damage":14.0,"enemies":"3 Louse","floor":11.0,"turns":4.0},{"damage":6,"enemies":"Gremlin Nob","floor":12,"turns":3},{"damage":12,"enemies":"The Guardian","floor":16,"turns":12},{"damage":12,"enemies":"3 Byrds","floor":18,"turns":6},{"damage":41,"enemies":"Slavers","floor":23,"turns":6},{"damage":22,"enemies":"Book of Stabbing","floor":25,"turns":4},{"damage":7,"enemies":"Chosen","floor":28,"turns":4},{"damage":10,"enemies":"Colosseum Slavers","floor":29,"turns":4},{"damage":11,"enemies":"Colosseum Nobs","floor":29,"turns":3},{"damage":40,"enemies":"Slavers","floor":31,"turns":4},{"damage":3,"enemies":"Collector","floor":33,"turns":5},{"damage":0,"enemies":"Orb Walker","floor":35,"turns":3},{"damage":0,"enemies":"3 Shapes","floor":38,"turns":3},{"damage":9,"enemies":"Nemesis","floor":40,"turns":3},{"damage":3,"enemies":"3 Darklings","floor":41,"turns":4},{"damage":6,"enemies":"Reptomancer","floor":42,"turns":6},{"damage":0,"enemies":"Giant Head","floor":45,"turns":4},{"damage":3,"enemies":"Nemesis","floor":47,"turns":5},{"damage":0,"enemies":"Time Eater","floor":50,"turns":9},{"damage":0,"enemies":"Shield and Spear","floor":54,"turns":2},{"damage":6,"enemies":"The Heart","floor":55,"turns":4}],"seed_played":"6960499622664199174","potions_obtained":[{"floor":1.0,"key":"EntropicBrew"},{"floor":4.0,"key":"AttackPotion"},{"floor":8.0,"key":"SkillPotion"},{"floor":12,"key":"FearPotion"},{"floor":16,"key":"Ancient Potion"},{"floor":23,"key":"Strength Potion"},{"floor":33,"key":"Weak Potion"},{"floor":41,"key":"Explosive Potion"},{"floor":42,"key":"Strength Potion"},{"floor":45,"key":"GamblersBrew"}],"is_trial":false,"path_per_floor":["M","?","?","M","M","E","R","E","T","?","M","E","$","?","R","B",null,"M","$","T","?","?","E","R","E","T","R","M","?","R","E","R","B",null,"M","?","?","M","?","E","M","E","T","R","E","T","E","?","R","B",null,"R","$","E","B",null],"character_chosen":"IRONCLAD","items_purchased":["Uppercut","Spot Weakness","Battle Trance","Centennial Puzzle","Lee\u0027s Waffle","Bag of Marbles","Bottled Tornado","Warcry+1","Chrysalis+1","Block Potion"],"campfire_rested":6,"item_purchase_floors":[13,19,19,53,53,53,53,53,53,53],"current_hp_per_floor":[72,68,68,68,68,58,58,44,44,37,29,29,29,29,29,23,57,55,55,55,55,55,23,45,29,29,51,55,65,65,58,81,85,85,89,89,89,89,89,86,89,93,93,93,96,96,99,99,99,103,103,103,110,113,113],"gold":161,"neow_bonus":"THREE_RARE_CARDS","is_prod":false,"is_daily":false,"chose_seed":false,"campfire_upgraded":2,"win_rate":0,"timestamp":1561684650,"path_taken":["M","?","?","M","M","E","R","E","T","?","M","E","$","?","R","BOSS","M","$","?","?","?","E","R","E","T","R","M","?","R","E","R","BOSS","M","?","?","M","?","E","M","E","T","R","E","?","E","?","R","BOSS","R","$","E","BOSS"],"build_version":"2019-06-24","purchased_purges":2,"victory":true,"max_hp_per_floor":[75,68,68,68,68,68,68,68,68,68,68,68,68,68,68,68,68,72,72,72,72,72,75,75,75,75,75,75,78,78,81,81,85,85,89,89,89,89,89,89,89,93,93,93,96,96,99,99,99,103,103,103,110,113,113],"card_choices":[{"not_picked":["Offering","Limit Break"],"picked":"Fiend Fire","floor":0.0},{"not_picked":["Blood for Blood","Thunderclap"],"picked":"Flame Barrier","floor":1.0},{"not_picked":["Metallicize","Cleave"],"picked":"Armaments","floor":4.0},{"not_picked":["Pommel Strike","Headbutt"],"picked":"Carnage","floor":5.0},{"not_picked":["Warcry","Rampage"],"picked":"Limit Break","floor":6.0},{"not_picked":["Cleave","Clash"],"picked":"Anger","floor":8.0},{"not_picked":["Perfected Strike","Body Slam"],"picked":"Shrug It Off","floor":11.0},{"not_picked":["Searing Blow","Blood for Blood"],"picked":"Headbutt","floor":12},{"not_picked":["Double Tap","Demon Form"],"picked":"Feed","floor":16},{"not_picked":["Shrug It Off","Armaments"],"picked":"True Grit+1","floor":18},{"not_picked":["Searing Blow","Thunderclap+1"],"picked":"Reaper","floor":23},{"not_picked":["Pommel Strike+1","Infernal Blade+1"],"picked":"Corruption","floor":25},{"not_picked":["Flex","Evolve"],"picked":"Juggernaut","floor":28},{"not_picked":["Warcry","Entrench"],"picked":"Sentinel+1","floor":29},{"not_picked":["Heavy Blade","Sword Boomerang","Intimidate"],"picked":"SKIP","floor":31},{"not_picked":["Impervious","Fiend Fire"],"picked":"Barricade","floor":33},{"not_picked":["Sever Soul+1","Pommel Strike"],"picked":"Shockwave","floor":35},{"not_picked":["Headbutt","Spot Weakness"],"picked":"Sentinel","floor":35},{"not_picked":["Iron Wave","Corruption"],"picked":"Feel No Pain","floor":38},{"not_picked":["Heavy Blade","Combust","Blood for Blood"],"picked":"SKIP","floor":38},{"not_picked":["Seeing Red+1","Heavy Blade"],"picked":"Sentinel","floor":40},{"not_picked":["Inflame+1","Clothesline"],"picked":"Shrug It Off+1","floor":41},{"not_picked":["True Grit","Ghostly Armor"],"picked":"Body Slam","floor":41},{"not_picked":["Pommel Strike","Exhume"],"picked":"Feel No Pain","floor":42},{"not_picked":["Carnage","Reckless Charge","Ghostly Armor+1","Fire Breathing"],"picked":"SKIP","floor":45},{"not_picked":["Demon Form","Bloodletting+1","Dual Wield+1"],"picked":"True Grit+1","floor":47},{"not_picked":["Twin Strike","Heavy Blade","Shockwave+1"],"picked":"Limit Break+1","floor":54}],"player_experience":2569504,"relics_obtained":[{"floor":6.0,"key":"The Courier"},{"floor":8.0,"key":"Calipers"},{"floor":9.0,"key":"Unceasing Top"},{"floor":12,"key":"Potion Belt"},{"floor":14,"key":"Juzu Bracelet"},{"floor":20,"key":"Bronze Scales"},{"floor":23,"key":"Dead Branch"},{"floor":25,"key":"Sundial"},{"floor":29,"key":"Prayer Wheel"},{"floor":29,"key":"Matryoshka"},{"floor":31,"key":"Vajra"},{"floor":40,"key":"Mercury Hourglass"},{"floor":42,"key":"Pocketwatch"},{"floor":43,"key":"Question Card"},{"floor":43,"key":"Gremlin Horn"},{"floor":45,"key":"Toxic Egg 2"},{"floor":46,"key":"Self Forming Clay"},{"floor":46,"key":"PreservedInsect"},{"floor":47,"key":"Anchor"},{"floor":54,"key":"Boot"}],"event_choices":[{"damage_healed":0.0,"max_hp_gain":0.0,"max_hp_loss":7.0,"gold_gain":0.0,"event_name":"Golden Idol","player_choice":"Lose Max HP","floor":2.0,"gold_loss":0.0,"damage_taken":0.0,"relics_obtained":["Golden Idol"]},{"damage_healed":0.0,"max_hp_gain":0.0,"max_hp_loss":0.0,"gold_gain":0.0,"event_name":"Liars Game","player_choice":"Ignored","floor":3.0,"gold_loss":0.0,"damage_taken":0.0},{"cards_removed":["Strike_R"],"damage_healed":0.0,"max_hp_gain":0.0,"max_hp_loss":0.0,"gold_gain":0.0,"event_name":"Golden Wing","player_choice":"Card Removal","floor":10.0,"gold_loss":0.0,"damage_taken":7.0},{"damage_healed":0,"gold_gain":0,"player_choice":"Relic","damage_taken":0,"max_hp_gain":0,"max_hp_loss":0,"event_name":"Wheel of Change","floor":14,"gold_loss":0},{"damage_healed":0,"gold_gain":0,"player_choice":"Ignored","damage_taken":0,"max_hp_gain":0,"max_hp_loss":0,"event_name":"The Mausoleum","floor":21,"gold_loss":0},{"damage_healed":0,"gold_gain":0,"player_choice":"Upgraded","damage_taken":0,"max_hp_gain":0,"max_hp_loss":0,"event_name":"Upgrade Shrine","floor":22,"gold_loss":0,"cards_upgraded":["Spot Weakness"]},{"damage_healed":0,"gold_gain":0,"player_choice":"Fight","damage_taken":0,"max_hp_gain":0,"max_hp_loss":0,"event_name":"Colosseum","floor":29,"gold_loss":0},{"damage_healed":0,"gold_gain":0,"player_choice":"Fought Nobs","damage_taken":0,"max_hp_gain":0,"max_hp_loss":0,"event_name":"Colosseum","floor":29,"gold_loss":0},{"damage_healed":0,"gold_gain":0,"cards_transformed":["Strike_R","Strike_R"],"player_choice":"Transformed Cards","damage_taken":0,"max_hp_gain":0,"max_hp_loss":0,"event_name":"Designer","floor":36,"gold_loss":75,"cards_obtained":["Anger","Dropkick"]},{"damage_healed":0,"gold_gain":0,"player_choice":"Ignored","damage_taken":0,"max_hp_gain":0,"max_hp_loss":0,"event_name":"Tomb of Lord Red Mask","floor":37,"gold_loss":0},{"cards_removed":["Sentinel"],"damage_healed":0,"gold_gain":0,"player_choice":"Removed Skill","damage_taken":0,"max_hp_gain":0,"max_hp_loss":0,"event_name":"Falling","floor":39,"gold_loss":0},{"damage_healed":0,"gold_gain":333,"player_choice":"Gave Idol","damage_taken":0,"max_hp_gain":0,"max_hp_loss":0,"event_name":"The Moai Head","floor":48,"relics_lost":["Golden Idol"],"gold_loss":0}],"is_beta":true,"boss_relics":[{"not_picked":["Astrolabe","Tiny House"],"picked":"Fusion Hammer"},{"not_picked":["Sozu","Black Blood"],"picked":"Snecko Eye"}],"items_purged_floors":[13,53],"is_endless":false,"potions_floor_spawned":[1,4,8,12,16,23,29,33,41,42,45],"ascension_level":15}