{"gold_per_floor":[117,130,130,130,142,142,175,175,175,187,187,205,220,246,246,323,323,335,354,372,389,39,64,64,95,118,153,153,153,153,153,153,153],"floor_reached":33,"playtime":1289,"items_purged":["Strike_R"],"score":595,"play_id":"dd9b90ca-86dc-4ebb-8c60-507320d93673","local_time":"20190615231837","is_ascension_mode":true,"campfire_choices":[{"data":"Bash","floor":6,"key":"SMITH"},{"data":"Disarm","floor":8,"key":"SMITH"},{"data":"Defend_R","floor":15,"key":"SMITH"},{"data":"Spot Weakness","floor":24,"key":"SMITH"},{"data":"Flame Barrier","floor":29,"key":"SMITH"},{"data":"Inflame","floor":32,"key":"SMITH"}],"neow_cost":"NONE","seed_source_timestamp":184256085015411,"circlet_count":0,"master_deck":["AscendersBane","Strike_R","Strike_R","Strike_R+1","Strike_R","Defend_R+1","Defend_R+1","Defend_R","Defend_R+1","Bash+1","Disarm+1","Headbutt+1","Anger","Reaper+1","Whirlwind+1","Immolate+1","Iron Wave+1","Shrug It Off","Burning Pact","Clothesline+1","Spot Weakness+1","Shrug It Off","Exhume","Flame Barrier+1","Writhe","Inflame+1"],"relics":["Burning Blood","NeowsBlessing","Blue Candle","Du-Vu Doll","Molten Egg 2","Potion Belt","Sozu","Oddly Smooth Stone","Ancient Tea Set","Blood Vial","War Paint","Mummified Hand","Letter Opener"],"potions_floor_usage":[7,12,14],"damage_taken":[{"damage":0,"enemies":"Cultist","floor":1,"turns":1},{"damage":1,"enemies":"Small Slimes","floor":2,"turns":2},{"damage":0,"enemies":"2 Louse","floor":5,"turns":1},{"damage":31,"enemies":"Lagavulin","floor":7,"turns":6},{"damage":11,"enemies":"Gremlin Gang","floor":10,"turns":4},{"damage":9,"enemies":"Red Slaver","floor":12,"turns":2},{"damage":0,"enemies":"Large Slime","floor":13,"turns":5},{"damage":30,"enemies":"Gremlin Nob","floor":14,"turns":4},{"damage":21,"enemies":"The Guardian","floor":16,"turns":12},{"damage":0,"enemies":"Chosen","floor":18,"turns":3},{"damage":21,"enemies":"2 Thieves","floor":19,"turns":4},{"damage":10,"enemies":"Cultist and Chosen","floor":20,"turns":4},{"damage":8,"enemies":"Snake Plant","floor":21,"turns":4},{"damage":0,"enemies":"Gremlin Leader","floor":23,"turns":3},{"damage":7,"enemies":"Slavers","floor":25,"turns":2},{"damage":42,"enemies":"Book of Stabbing","floor":27,"turns":4},{"damage":78,"enemies":"Collector","floor":33,"turns":8}],"seed_played":"1243106550158440140","potions_obtained":[{"floor":1,"key":"Regen Potion"},{"floor":2,"key":"Poison Potion"},{"floor":10,"key":"Poison Potion"},{"floor":11,"key":"BloodPotion"}],"is_trial":false,"path_per_floor":["M","M","?","?","M","R","E","R","T","M","?","M","M","E","R","B",null,"M","M","M","M","$","E","R","E","T","E","?","R","?","$","R","B"],"character_chosen":"IRONCLAD","items_purchased":["Spot Weakness","Shrug It Off","Oddly Smooth Stone"],"campfire_rested":0,"item_purchase_floors":[22,22,22],"current_hp_per_floor":[74,75,52,52,58,58,48,48,48,43,43,58,68,47,47,38,66,75,66,71,73,73,75,75,74,74,53,53,53,53,53,53,0],"gold":153,"neow_bonus":"THREE_ENEMY_KILL","is_prod":false,"is_daily":false,"chose_seed":false,"campfire_upgraded":6,"win_rate":0,"timestamp":1560655117,"path_taken":["M","M","?","?","?","R","E","R","T","M","?","M","M","E","R","BOSS","M","M","?","?","?","E","R","E","T","E","?","R","?","$","R","BOSS"],"build_version":"2019-06-13","purchased_purges":1,"victory":false,"max_hp_per_floor":[75,75,75,75,75,75,75,75,75,75,75,75,75,75,75,75,75,75,75,75,75,75,75,75,75,75,75,75,75,75,75,75,75],"card_choices":[{"not_picked":["Pummel","Pommel Strike"],"picked":"Disarm","floor":1},{"not_picked":["Pommel Strike","Clash"],"picked":"Headbutt","floor":2},{"not_picked":["Dropkick","Body Slam"],"picked":"Anger","floor":5},{"not_picked":["Clash","Iron Wave","Armaments"],"picked":"SKIP","floor":7},{"not_picked":["Thunderclap+1","Anger+1","Burning Pact"],"picked":"SKIP","floor":10},{"not_picked":["Body Slam+1","Headbutt+1"],"picked":"Reaper+1","floor":12},{"not_picked":["Entrench","Wild Strike+1","Warcry"],"picked":"SKIP","floor":13},{"not_picked":["Armaments","Carnage+1"],"picked":"Whirlwind+1","floor":14},{"not_picked":["Brutality","Bludgeon+1"],"picked":"Immolate+1","floor":16},{"not_picked":["Bloodletting","Heavy Blade+1"],"picked":"Iron Wave+1","floor":18},{"not_picked":["Whirlwind+1","Dropkick+1"],"picked":"Shrug It Off","floor":19},{"not_picked":["Disarm","Perfected Strike+1"],"picked":"Burning Pact","floor":20},{"not_picked":["Wild Strike+1","Whirlwind+1"],"picked":"Clothesline+1","floor":21},{"not_picked":["Blood for Blood+1","Spot Weakness","Iron Wave+1"],"picked":"SKIP","floor":23},{"not_picked":["Dropkick+1","Juggernaut"],"picked":"Exhume","floor":25},{"not_picked":["Pommel Strike+1","Cleave+1"],"picked":"Flame Barrier","floor":27}],"player_experience":2547653,"relics_obtained":[{"floor":7,"key":"Du-Vu Doll"},{"floor":9,"key":"Molten Egg 2"},{"floor":14,"key":"Potion Belt"},{"floor":23,"key":"Ancient Tea Set"},{"floor":25,"key":"Blood Vial"},{"floor":26,"key":"War Paint"},{"floor":27,"key":"Mummified Hand"}],"event_choices":[{"damage_healed":0,"gold_gain":0,"player_choice":"Entered Light","damage_taken":23,"max_hp_gain":0,"max_hp_loss":0,"event_name":"Shining Light","floor":3,"gold_loss":0,"cards_upgraded":["Strike_R","Headbutt"]},{"damage_healed":0,"gold_gain":0,"player_choice":"Gave Potion","damage_taken":0,"relics_obtained":["Blue Candle"],"max_hp_gain":0,"max_hp_loss":0,"event_name":"WeMeetAgain","floor":4,"gold_loss":0},{"damage_healed":0,"gold_gain":0,"player_choice":"Got Potions","damage_taken":0,"max_hp_gain":0,"max_hp_loss":0,"event_name":"Lab","floor":11,"gold_loss":0},{"damage_healed":0,"gold_gain":0,"player_choice":"Opened","damage_taken":0,"relics_obtained":["Letter Opener"],"max_hp_gain":0,"max_hp_loss":0,"event_name":"The Mausoleum","floor":28,"gold_loss":0,"cards_obtained":["Writhe"]},{"damage_healed":0,"gold_gain":0,"player_choice":"Read","damage_taken":0,"max_hp_gain":0,"max_hp_loss":0,"event_name":"The Library","floor":30,"gold_loss":0,"cards_obtained":["Inflame"]}],"is_beta":true,"boss_relics":[{"not_picked":["Black Blood","Runic Dome"],"picked":"Sozu"}],"items_purged_floors":[22],"is_endless":false,"potions_floor_spawned":[1,2,10,19,25,27],"killed_by":"Collector","ascension_level":15}