{"gold_per_floor":[111,122,136,0,10,44,44,60,140,140,66,82,117,131,131,202,202,222,240,240,23,41,41,69,81,81,131,164,179,208,220,220,296,296,315,335,335,352,352,377,377,409,436,465,485,585,585,595,595,595,595,595,100,133,133],"floor_reached":56,"playtime":2172,"items_purged":["Strike_R+1","Parasite"],"score":2269,"play_id":"c032d6fe-1b41-4cde-9ee3-85b77610c921","local_time":"20190723221016","is_ascension_mode":true,"campfire_choices":[{"data":"Bash","floor":7,"key":"SMITH"},{"data":"Inflame","floor":15,"key":"SMITH"},{"floor":23,"key":"RECALL"},{"data":"1","floor":32,"key":"LIFT"},{"data":"2","floor":49,"key":"LIFT"},{"data":"3","floor":52,"key":"LIFT"}],"neow_cost":"NONE","seed_source_timestamp":1136478042669044,"circlet_count":0,"master_deck":["AscendersBane","Strike_R+1","Defend_R+1","Defend_R+1","Defend_R+1","Defend_R+1","Disarm","Metallicize","Impervious+1","Anger","Inflame+1","Thunderclap","Shockwave+1","Immolate","Armaments+1","Reaper","Shrug It Off","Corruption","Inflame+1","Disarm","True Grit+1","Barricade","Immolate+1","Rage+1","Iron Wave+1","Sword Boomerang+1","Second Wind+1","Juggernaut","Shrug It Off+1","Exhume"],"relics":["Burning Blood","Bag of Marbles","Mummified Hand","Dead Branch","Fusion Hammer","Smiling Mask","Girya","Potion Belt","Mango","Astrolabe","Regal Pillow","Centennial Puzzle","Bronze Scales","War Paint","Champion Belt","Bottled Tornado","Anchor","Pear"],"potions_floor_usage":[16,55,55,55,55],"damage_taken":[{"damage":11,"enemies":"Cultist","floor":1,"turns":4},{"damage":4,"enemies":"2 Louse","floor":2,"turns":3},{"damage":0,"enemies":"Small Slimes","floor":3,"turns":3},{"damage":11,"enemies":"Exordium Thugs","floor":5,"turns":7},{"damage":21,"enemies":"Gremlin Nob","floor":6,"turns":4},{"damage":12,"enemies":"Exordium Wildlife","floor":8,"turns":5},{"damage":3,"enemies":"3 Louse","floor":12,"turns":2},{"damage":13,"enemies":"Lagavulin","floor":13,"turns":6},{"damage":9,"enemies":"Looter","floor":14,"turns":3},{"damage":17,"enemies":"Slime Boss","floor":16,"turns":7},{"damage":7,"enemies":"2 Thieves","floor":18,"turns":4},{"damage":5,"enemies":"Shell Parasite","floor":19,"turns":4},{"damage":6,"enemies":"3 Cultists","floor":22,"turns":4},{"damage":8,"enemies":"Gremlin Leader","floor":24,"turns":6},{"damage":0,"enemies":"Snake Plant","floor":25,"turns":3},{"damage":10,"enemies":"Slavers","floor":28,"turns":4},{"damage":20,"enemies":"Centurion and Healer","floor":29,"turns":5},{"damage":3,"enemies":"Book of Stabbing","floor":30,"turns":3},{"damage":22,"enemies":"Snecko","floor":31,"turns":5},{"damage":60,"enemies":"Automaton","floor":33,"turns":9},{"damage":0,"enemies":"3 Darklings","floor":35,"turns":3},{"damage":0,"enemies":"3 Shapes","floor":36,"turns":2},{"damage":8,"enemies":"Jaw Worm Horde","floor":38,"turns":3},{"damage":21,"enemies":"Nemesis","floor":40,"turns":5},{"damage":0,"enemies":"Giant Head","floor":42,"turns":6},{"damage":3,"enemies":"Nemesis","floor":44,"turns":5},{"damage":42,"enemies":"Transient","floor":45,"turns":5},{"damage":0,"enemies":"Mind Bloom Boss Battle","floor":46,"turns":4},{"damage":5,"enemies":"Writhing Mass","floor":48,"turns":5},{"damage":1,"enemies":"Donu and Deca","floor":50,"turns":6},{"damage":1,"enemies":"Shield and Spear","floor":54,"turns":2},{"damage":46,"enemies":"The Heart","floor":55,"turns":5}],"seed_played":"-3737106510223432209","potions_obtained":[{"floor":3,"key":"Dexterity Potion"},{"floor":5,"key":"Poison Potion"},{"floor":16,"key":"Dexterity Potion"},{"floor":18,"key":"Weak Potion"},{"floor":29,"key":"Strength Potion"},{"floor":31,"key":"Strength Potion"},{"floor":45,"key":"Ancient Potion"}],"is_trial":false,"path_per_floor":["M","M","M","$","M","E","R","M","T","?","$","M","E","M","R","B",null,"M","M","?","$","M","R","E","M","T","?","E","M","E","M","R","B",null,"M","M","?","M","?","E","?","E","T","E","M","?","?","M","R","B",null,"R","$","E","B",null],"character_chosen":"IRONCLAD","items_purchased":["Impervious","Hemokinesis","Inflame","Reaper","Bottled Tornado","Anchor","PowerPotion"],"campfire_rested":0,"item_purchase_floors":[4,4,11,21,53,53,53],"current_hp_per_floor":[63,65,71,71,66,51,51,45,45,45,45,48,41,38,38,27,63,62,63,63,63,73,73,71,75,75,75,75,75,89,73,73,46,78,84,89,89,87,85,70,70,76,76,79,52,85,85,85,85,85,85,85,82,92,52],"gold":133,"neow_bonus":"RANDOM_COMMON_RELIC","is_prod":false,"is_daily":false,"chose_seed":false,"campfire_upgraded":2,"win_rate":0,"timestamp":1563934216,"path_taken":["M","M","?","$","M","E","R","M","T","?","?","M","E","?","R","BOSS","M","M","?","$","M","R","E","M","T","?","E","?","E","M","R","BOSS","M","M","?","M","?","E","?","E","T","E","M","?","?","?","R","BOSS","R","$","E","BOSS"],"build_version":"2019-07-17","purchased_purges":2,"victory":true,"max_hp_per_floor":[75,75,75,75,75,75,75,75,75,75,75,75,75,75,75,75,75,75,75,75,75,75,75,75,75,75,75,75,75,89,89,89,89,89,89,89,89,89,85,85,85,85,85,85,85,85,85,85,85,85,85,85,82,92,92],"card_choices":[{"not_picked":["Wild Strike","Burning Pact"],"picked":"Disarm","floor":1},{"not_picked":["Sword Boomerang","Clash"],"picked":"Metallicize","floor":2},{"not_picked":["Flex","Dual Wield"],"picked":"Pommel Strike","floor":3},{"not_picked":["Hemokinesis","Heavy Blade","Body Slam"],"picked":"SKIP","floor":5},{"not_picked":["Sever Soul","Pummel","Dual Wield"],"picked":"SKIP","floor":6},{"not_picked":["Warcry","Twin Strike"],"picked":"Anger","floor":8},{"not_picked":["Warcry","Sword Boomerang"],"picked":"Thunderclap","floor":12},{"not_picked":["Twin Strike","Reckless Charge","Thunderclap"],"picked":"SKIP","floor":13},{"not_picked":["Anger","Clash"],"picked":"Shockwave","floor":14},{"not_picked":["Double Tap","Impervious"],"picked":"Immolate","floor":16},{"not_picked":["Rampage","Thunderclap","Shockwave"],"picked":"SKIP","floor":18},{"not_picked":["Ghostly Armor+1","Body Slam"],"picked":"Armaments+1","floor":19},{"not_picked":["Rupture","Anger"],"picked":"Shrug It Off","floor":22},{"not_picked":["Shockwave","Seeing Red"],"picked":"Corruption","floor":24},{"not_picked":["Clash","Blood for Blood","True Grit"],"picked":"SKIP","floor":25},{"not_picked":["Havoc","Perfected Strike","Iron Wave"],"picked":"SKIP","floor":28},{"not_picked":["Armaments","Sentinel"],"picked":"Inflame+1","floor":29},{"not_picked":["Wild Strike","Body Slam"],"picked":"Disarm","floor":30},{"not_picked":["Searing Blow","Body Slam+1"],"picked":"True Grit+1","floor":31},{"not_picked":["Berserk","Reaper"],"picked":"Barricade","floor":33},{"not_picked":["Pommel Strike","Clothesline","Heavy Blade"],"picked":"SKIP","floor":35},{"not_picked":["Metallicize+1","Cleave"],"picked":"Sword Boomerang+1","floor":36},{"not_picked":["Wild Strike+1","Body Slam"],"picked":"Second Wind+1","floor":38},{"not_picked":["Thunderclap","Hemokinesis+1","Evolve"],"picked":"SKIP","floor":40},{"not_picked":["Thunderclap","Shrug It Off","Hemokinesis"],"picked":"SKIP","floor":42},{"not_picked":["Immolate","Fiend Fire"],"picked":"Juggernaut","floor":44},{"not_picked":["Clothesline","Sword Boomerang+1","Infernal Blade"],"picked":"SKIP","floor":45},{"not_picked":["Sword Boomerang","Rampage+1"],"picked":"Shrug It Off+1","floor":46},{"not_picked":["Pummel","Uppercut+1","Flex"],"picked":"SKIP","floor":48},{"not_picked":["Warcry","Havoc+1"],"picked":"Exhume","floor":54}],"player_experience":2616253,"relics_obtained":[{"floor":6,"key":"Mummified Hand"},{"floor":13,"key":"Dead Branch"},{"floor":24,"key":"Smiling Mask"},{"floor":26,"key":"Girya"},{"floor":28,"key":"Potion Belt"},{"floor":30,"key":"Mango"},{"floor":40,"key":"Regal Pillow"},{"floor":42,"key":"Centennial Puzzle"},{"floor":43,"key":"Bronze Scales"},{"floor":44,"key":"War Paint"},{"floor":46,"key":"Champion Belt"},{"floor":54,"key":"Pear"}],"event_choices":[{"cards_removed":["Strike_R"],"damage_healed":0,"gold_gain":0,"player_choice":"Offered Basic","damage_taken":0,"max_hp_gain":0,"max_hp_loss":0,"event_name":"Bonfire Elementals","floor":10,"gold_loss":0},{"damage_healed":0,"gold_gain":0,"player_choice":"Simplicity","damage_taken":0,"max_hp_gain":0,"max_hp_loss":0,"event_name":"Back to Basics","floor":20,"gold_loss":0,"cards_upgraded":["Strike_R","Strike_R","Strike_R","Strike_R","Defend_R","Defend_R","Defend_R","Defend_R"]},{"damage_healed":0,"gold_gain":50,"player_choice":"Stole From Cult","damage_taken":0,"max_hp_gain":0,"max_hp_loss":0,"event_name":"Nest","floor":27,"gold_loss":0},{"cards_removed":["Pommel Strike"],"damage_healed":0,"gold_gain":0,"player_choice":"Removed Attack","damage_taken":0,"max_hp_gain":0,"max_hp_loss":0,"event_name":"Falling","floor":37,"gold_loss":0},{"damage_healed":0,"gold_gain":0,"player_choice":"Max HP","damage_taken":0,"max_hp_gain":0,"max_hp_loss":4,"event_name":"Winding Halls","floor":39,"gold_loss":0},{"damage_healed":0,"gold_gain":0,"player_choice":"Ignored","damage_taken":0,"max_hp_gain":0,"max_hp_loss":0,"event_name":"Tomb of Lord Red Mask","floor":41,"gold_loss":0},{"damage_healed":0,"gold_gain":0,"player_choice":"Fight","damage_taken":0,"max_hp_gain":0,"max_hp_loss":0,"event_name":"MindBloom","floor":46,"gold_loss":0},{"cards_removed":["Bash"],"damage_healed":0,"gold_gain":0,"player_choice":"Card Removal","damage_taken":0,"max_hp_gain":0,"max_hp_loss":0,"event_name":"Wheel of Change","floor":47,"gold_loss":0}],"is_beta":false,"boss_relics":[{"not_picked":["Philosopher\u0027s Stone","Ectoplasm"],"picked":"Fusion Hammer"},{"not_picked":["Coffee Dripper","Eternal Feather"],"picked":"Astrolabe"}],"items_purged_floors":[21,53],"is_endless":false,"potions_floor_spawned":[3,5,8,12,16,18,25,29,31,42,45,48],"ascension_level":15}