{"gold_per_floor":[109,109,109,120,120,295,295,311,311,336,336,379,379,402,402,523,523,536,451,469,469,487,487,507,507,580,580,597,613,613,538,538,638,688,704,113,128,28,48,48,75,0,0,50,77,111,111,125,125,125],"floor_reached":50,"playtime":3133,"items_purged":["Strike_R+1","Strike_R+1"],"score":685,"play_id":"b8dc206b-6609-46b4-a277-bca456c1f89c","local_time":"20190823001234","is_ascension_mode":true,"campfire_choices":[{"data":"Body Slam","floor":7,"key":"SMITH"},{"data":"Armaments","floor":13,"key":"SMITH"},{"floor":15,"key":"REST"},{"data":"Heavy Blade","floor":23,"key":"SMITH"},{"data":"Heavy Blade","floor":25,"key":"SMITH"},{"data":"Pommel Strike","floor":30,"key":"SMITH"},{"floor":32,"key":"REST"},{"data":"Transmutation","floor":40,"key":"SMITH"},{"data":"Heavy Blade","floor":47,"key":"SMITH"},{"data":"Bludgeon","floor":49,"key":"SMITH"}],"neow_cost":"NONE","seed_source_timestamp":644441263783000,"circlet_count":0,"master_deck":["Strike_R+1","Strike_R+1","Strike_R+1","Defend_R+1","Defend_R+1","Defend_R+1","Defend_R+1","Bash+1","Pommel Strike+1","Body Slam+1","Rage","Battle Trance","Offering+1","Armaments+1","Sword Boomerang","Barricade+1","Inflame","Dark Embrace","Heavy Blade+1","Heavy Blade+1","Corruption+1","Bludgeon+1","Inflame+1","Transmutation+1","Shockwave+1","Clothesline","Shockwave+1","Heavy Blade+1","Heavy Blade+1"],"relics":["Burning Blood","Red Skull","Bloody Idol","Mummified Hand","Pen Nib","Snecko Eye","Darkstone Periapt","Frozen Egg 2","Tiny House","Anchor","Brimstone","Singing Bowl","Red Mask","Blue Candle","Thread and Needle","Vajra","Art of War"],"potions_floor_usage":[12,16,29,33,41,50,50],"damage_taken":[{"damage":13,"enemies":"2 Louse","floor":1,"turns":3},{"damage":10,"enemies":"Small Slimes","floor":4,"turns":3},{"damage":11,"enemies":"Jaw Worm","floor":8,"turns":4},{"damage":5,"enemies":"Looter","floor":10,"turns":2},{"damage":6,"enemies":"Gremlin Nob","floor":12,"turns":1},{"damage":13,"enemies":"Large Slime","floor":14,"turns":5},{"damage":31,"enemies":"The Guardian","floor":16,"turns":7},{"damage":27,"enemies":"3 Byrds","floor":18,"turns":8},{"damage":21,"enemies":"Chosen","floor":20,"turns":7},{"damage":10,"enemies":"Snake Plant","floor":22,"turns":3},{"damage":16,"enemies":"3 Cultists","floor":24,"turns":4},{"damage":16,"enemies":"Chosen and Byrds","floor":28,"turns":4},{"damage":6,"enemies":"Snake Plant","floor":29,"turns":1},{"damage":52,"enemies":"Champ","floor":33,"turns":5},{"damage":57,"enemies":"3 Darklings","floor":35,"turns":6},{"damage":0,"enemies":"Orb Walker","floor":37,"turns":2},{"damage":6,"enemies":"Maw","floor":39,"turns":3},{"damage":13,"enemies":"Nemesis","floor":41,"turns":5},{"damage":12,"enemies":"2 Orb Walkers","floor":44,"turns":3},{"damage":6,"enemies":"Giant Head","floor":46,"turns":6},{"damage":23,"enemies":"Transient","floor":48,"turns":5},{"damage":52,"enemies":"Awakened One","floor":50,"turns":3}],"seed_played":"-1130463473743844557","potions_obtained":[{"floor":4,"key":"AttackPotion"},{"floor":10,"key":"FearPotion"},{"floor":14,"key":"FearPotion"},{"floor":18,"key":"Fire Potion"},{"floor":22,"key":"SteroidPotion"},{"floor":24,"key":"Poison Potion"},{"floor":29,"key":"EssenceOfSteel"},{"floor":33,"key":"FearPotion"},{"floor":34,"key":"LiquidBronze"},{"floor":39,"key":"Block Potion"},{"floor":41,"key":"Dexterity Potion"}],"is_trial":false,"path_per_floor":["M","?","?","M","?","?","R","M","T","M","?","E","R","M","R","B",null,"M","?","M","?","M","R","M","R","T","?","M","M","R","?","R","B",null,"M","$","M","$","M","R","E","?","T","?","T","E","R","M","R","B"],"character_chosen":"IRONCLAD","items_purchased":["Anchor","Brimstone","Transmutation"],"campfire_rested":2,"item_purchase_floors":[36,36,36],"current_hp_per_floor":[73,73,66,62,42,42,42,37,37,38,22,22,22,15,39,14,80,59,59,44,44,40,40,30,30,30,30,25,30,30,30,54,13,85,39,39,50,50,55,55,53,53,53,52,57,62,62,52,52,0],"gold":125,"neow_bonus":"THREE_CARDS","is_prod":false,"is_daily":false,"chose_seed":false,"campfire_upgraded":8,"win_rate":0,"timestamp":1566511954,"path_taken":["M","?","?","M","?","?","R","M","T","M","?","E","R","M","R","BOSS","M","?","M","?","M","R","M","R","T","?","M","M","R","?","R","BOSS","M","$","M","$","M","R","E","?","T","?","?","E","R","M","R","BOSS"],"build_version":"2019-07-17","purchased_purges":2,"victory":false,"max_hp_per_floor":[80,80,80,80,80,80,80,80,80,80,80,80,80,80,80,80,80,80,80,80,80,80,80,80,80,80,80,80,80,80,80,80,80,85,85,85,85,85,85,85,85,85,85,85,85,85,85,87,87,87],"card_choices":[{"not_picked":["Perfected Strike","Clash"],"picked":"Pommel Strike","floor":0},{"not_picked":["Pommel Strike","Clash"],"picked":"Body Slam","floor":1},{"not_picked":["Pommel Strike","Ghostly Armor"],"picked":"Rage","floor":4},{"not_picked":["Blood for Blood","Anger"],"picked":"Battle Trance","floor":8},{"not_picked":["Rupture","Clothesline"],"picked":"Offering","floor":10},{"not_picked":["Second Wind","Headbutt"],"picked":"Armaments","floor":12},{"not_picked":["Wild Strike","Shrug It Off"],"picked":"Sword Boomerang","floor":14},{"not_picked":["Feed","Double Tap"],"picked":"Barricade","floor":16},{"not_picked":["Havoc","Twin Strike"],"picked":"Inflame","floor":18},{"not_picked":["Iron Wave","True Grit+1"],"picked":"Dark Embrace","floor":20},{"not_picked":["Thunderclap","Wild Strike"],"picked":"Heavy Blade","floor":22},{"not_picked":["Body Slam+1","Shrug It Off+1"],"picked":"Heavy Blade","floor":24},{"not_picked":["Havoc","Battle Trance","Pommel Strike"],"picked":"SKIP","floor":28},{"not_picked":["Disarm+1","Thunderclap"],"picked":"Corruption+1","floor":29},{"not_picked":["Berserk+1","Barricade+1"],"picked":"Bludgeon","floor":33},{"not_picked":["Thunderclap","Clash"],"picked":"Inflame+1","floor":34},{"not_picked":["Anger+1","True Grit+1","Intimidate+1"],"picked":"SKIP","floor":35},{"not_picked":["Sword Boomerang+1","Rampage"],"picked":"Shockwave+1","floor":37},{"not_picked":["Disarm+1","Sword Boomerang"],"picked":"Clothesline","floor":39},{"not_picked":["Perfected Strike","Headbutt+1"],"picked":"Shockwave+1","floor":41},{"not_picked":["Metallicize+1","Blood for Blood+1"],"picked":"Heavy Blade","floor":44},{"not_picked":["Pummel","Havoc+1"],"picked":"Heavy Blade+1","floor":46},{"not_picked":["Clothesline+1","Flex+1","Seeing Red"],"picked":"Singing Bowl","floor":48}],"player_experience":144698,"relics_obtained":[{"floor":9,"key":"Mummified Hand"},{"floor":12,"key":"Pen Nib"},{"floor":26,"key":"Frozen Egg 2"},{"floor":41,"key":"Singing Bowl"},{"floor":43,"key":"Blue Candle"},{"floor":44,"key":"Thread and Needle"},{"floor":45,"key":"Vajra"},{"floor":46,"key":"Art of War"}],"event_choices":[{"damage_healed":0,"gold_gain":0,"player_choice":"Box","damage_taken":0,"relics_obtained":["Red Skull"],"max_hp_gain":0,"max_hp_loss":0,"event_name":"Big Fish","floor":2,"gold_loss":0,"cards_obtained":["Regret"]},{"cards_removed":["Regret"],"damage_healed":0,"gold_gain":0,"player_choice":"Card Removal","damage_taken":7,"max_hp_gain":0,"max_hp_loss":0,"event_name":"Golden Wing","floor":3,"gold_loss":0},{"damage_healed":0,"gold_gain":0,"player_choice":"Take Damage","damage_taken":20,"relics_obtained":["Golden Idol"],"max_hp_gain":0,"max_hp_loss":0,"event_name":"Golden Idol","floor":5,"gold_loss":0},{"damage_healed":0,"gold_gain":175,"player_choice":"AGREE","damage_taken":0,"max_hp_gain":0,"max_hp_loss":0,"event_name":"Liars Game","floor":6,"gold_loss":0,"cards_obtained":["Doubt"]},{"damage_healed":0,"gold_gain":0,"player_choice":"Entered Light","damage_taken":16,"max_hp_gain":0,"max_hp_loss":0,"event_name":"Shining Light","floor":11,"gold_loss":0,"cards_upgraded":["Offering","Bash"]},{"damage_healed":0,"gold_gain":0,"player_choice":"Obtained Relic","damage_taken":0,"relics_obtained":["Darkstone Periapt"],"max_hp_gain":0,"max_hp_loss":0,"event_name":"Addict","floor":19,"gold_loss":85},{"damage_healed":0,"gold_gain":0,"player_choice":"Simplicity","damage_taken":0,"max_hp_gain":0,"max_hp_loss":0,"event_name":"Back to Basics","floor":21,"gold_loss":0,"cards_upgraded":["Strike_R","Strike_R","Strike_R","Strike_R","Strike_R","Defend_R","Defend_R","Defend_R","Defend_R"]},{"damage_healed":0,"gold_gain":0,"player_choice":"Gave Idol","damage_taken":0,"relics_obtained":["Bloody Idol"],"max_hp_gain":0,"max_hp_loss":0,"event_name":"Forgotten Altar","floor":27,"relics_lost":["Golden Idol"],"gold_loss":0},{"cards_removed":["Doubt"],"damage_healed":0,"gold_gain":0,"player_choice":"Gave Gold","damage_taken":0,"max_hp_gain":0,"max_hp_loss":0,"event_name":"Beggar","floor":31,"gold_loss":75},{"damage_healed":0,"gold_gain":0,"player_choice":"Paid","damage_taken":0,"relics_obtained":["Red Mask"],"max_hp_gain":0,"max_hp_loss":0,"event_name":"Tomb of Lord Red Mask","floor":42,"gold_loss":75},{"damage_healed":0,"gold_gain":0,"player_choice":"Fight","damage_taken":0,"max_hp_gain":0,"max_hp_loss":0,"event_name":"Mysterious Sphere","floor":44,"gold_loss":0}],"is_beta":false,"boss_relics":[{"not_picked":["Philosopher\u0027s Stone","Calling Bell"],"picked":"Snecko Eye"},{"not_picked":["Sozu","Cursed Key"],"picked":"Tiny House"}],"items_purged_floors":[36,38],"is_endless":false,"potions_floor_spawned":[4,10,14,18,22,24,29,33,39,41,44,46],"killed_by":"Awakened One","ascension_level":2}