{"gold_per_floor":[109,109,39,49,66,66,92,109,109,109,141,141,141,141,141,219,219,234,234,234,2,20,20,35,35],"floor_reached":25,"playtime":654,"items_purged":[],"score":366,"play_id":"37c52115-4258-44c2-9e27-b3c454e75ff5","local_time":"20190822193523","is_ascension_mode":true,"campfire_choices":[{"data":"Fission","floor":6,"key":"SMITH"},{"floor":15,"key":"REST"},{"floor":23,"key":"REST"}],"neow_cost":"CURSE","seed_source_timestamp":690422074078258,"circlet_count":0,"master_deck":["AscendersBane","Strike_B","Strike_B","Strike_B+1","Defend_B+1","Defend_B","Defend_B","Defend_B","Zap","Dualcast","Clumsy","Electrodynamics","Gash","Fission+1","Undo","Glacier","Echo Form","Steam Power","Static Discharge","Biased Cognition","Cold Snap","Doom and Gloom"],"relics":["Cracked Core","Vajra","Juzu Bracelet","Dodecahedron","Ancient Tea Set","Empty Cage","Runic Capacitor"],"potions_floor_usage":[4,8,24,25],"damage_taken":[{"damage":7,"enemies":"Jaw Worm","floor":1,"turns":3},{"damage":0,"enemies":"Small Slimes","floor":4,"turns":2},{"damage":0,"enemies":"Cultist","floor":5,"turns":3},{"damage":3,"enemies":"Lagavulin","floor":7,"turns":9},{"damage":5,"enemies":"Blue Slaver","floor":8,"turns":3},{"damage":20,"enemies":"Gremlin Nob","floor":11,"turns":4},{"damage":19,"enemies":"Hexaghost","floor":16,"turns":11},{"damage":13,"enemies":"2 Thieves","floor":18,"turns":4},{"damage":7,"enemies":"Shell Parasite","floor":22,"turns":6},{"damage":11,"enemies":"Snake Plant","floor":24,"turns":3},{"damage":34,"enemies":"Gremlin Leader","floor":25,"turns":5}],"seed_played":"3455336258799248795","potions_obtained":[{"floor":1,"key":"Fire Potion"},{"floor":4,"key":"Swift Potion"},{"floor":22,"key":"Swift Potion"},{"floor":24,"key":"FocusPotion"}],"is_trial":false,"path_per_floor":["M","?","$","M","M","R","E","M","T","?","E","?","?","?","R","B",null,"M","?","?","$","M","R","M","E"],"character_chosen":"DEFECT","items_purchased":["Fission","Runic Capacitor","Cold Snap"],"campfire_rested":2,"item_purchase_floors":[3,21,21],"current_hp_per_floor":[57,36,36,36,36,36,33,28,28,28,8,8,8,8,29,10,56,43,43,23,23,16,38,27,0],"gold":35,"neow_bonus":"THREE_RARE_CARDS","is_prod":false,"is_daily":false,"chose_seed":false,"campfire_upgraded":1,"win_rate":0,"timestamp":1566516923,"path_taken":["M","?","$","M","M","R","E","M","T","?","E","?","?","?","R","BOSS","M","?","?","$","M","R","M","E"],"build_version":"2019-07-17","purchased_purges":0,"victory":false,"max_hp_per_floor":[71,71,71,71,71,71,71,71,71,71,71,71,71,71,71,71,71,71,71,76,76,76,76,76,76],"card_choices":[{"not_picked":["Hyperbeam","Reboot"],"picked":"Electrodynamics","floor":0},{"not_picked":["Stack","Recycle"],"picked":"Gash","floor":1},{"not_picked":["Leap","Hologram"],"picked":"Undo","floor":4},{"not_picked":["Capacitor","Tempest"],"picked":"Glacier","floor":5},{"not_picked":["Sweeping Beam","Darkness"],"picked":"Echo Form","floor":7},{"not_picked":["Beam Cell","Stack"],"picked":"Steam Power","floor":8},{"not_picked":["Cold Snap","Scrape"],"picked":"Static Discharge","floor":11},{"not_picked":["Meteor Strike","Rainbow"],"picked":"Biased Cognition","floor":16},{"not_picked":["Go for the Eyes","Heatsinks+1","Auto Shields"],"picked":"SKIP","floor":18},{"not_picked":["Rebound","Blizzard","Skim"],"picked":"SKIP","floor":22},{"not_picked":["Hello World","Recycle"],"picked":"Doom and Gloom","floor":24}],"player_experience":2729619,"relics_obtained":[{"floor":7,"key":"Vajra"},{"floor":9,"key":"Juzu Bracelet"},{"floor":11,"key":"Dodecahedron"}],"event_choices":[{"damage_healed":0,"gold_gain":0,"player_choice":"Entered Light","damage_taken":21,"max_hp_gain":0,"max_hp_loss":0,"event_name":"Shining Light","floor":2,"gold_loss":0,"cards_upgraded":["Defend_B","Strike_B"]},{"damage_healed":0,"gold_gain":0,"player_choice":"Fled","damage_taken":0,"max_hp_gain":0,"max_hp_loss":0,"event_name":"Scrap Ooze","floor":10,"gold_loss":0},{"damage_healed":0,"gold_gain":0,"player_choice":"Cursed","damage_taken":0,"max_hp_gain":0,"max_hp_loss":0,"event_name":"Wheel of Change","floor":12,"gold_loss":0,"cards_obtained":["Decay"]},{"damage_healed":0,"gold_gain":0,"player_choice":"Ignored","damage_taken":0,"max_hp_gain":0,"max_hp_loss":0,"event_name":"Liars Game","floor":13,"gold_loss":0},{"damage_healed":0,"gold_gain":0,"player_choice":"Searched \u00271\u0027 times","damage_taken":0,"relics_obtained":["Ancient Tea Set"],"max_hp_gain":0,"max_hp_loss":0,"event_name":"Dead Adventurer","floor":14,"gold_loss":0},{"damage_healed":0,"gold_gain":0,"player_choice":"Ignored","damage_taken":0,"max_hp_gain":0,"max_hp_loss":0,"event_name":"The Mausoleum","floor":19,"gold_loss":0},{"damage_healed":0,"gold_gain":0,"player_choice":"Shed Blood","damage_taken":25,"max_hp_gain":5,"max_hp_loss":0,"event_name":"Forgotten Altar","floor":20,"gold_loss":0}],"is_beta":false,"boss_relics":[{"not_picked":["Tiny House","Orrery"],"picked":"Empty Cage"}],"items_purged_floors":[],"is_endless":false,"potions_floor_spawned":[1,4,22,24],"killed_by":"Gremlin Leader","ascension_level":15}