{"gold_per_floor":[113,113,126,76,91,91,127,127,127,160,184,33,33,308,308,429,429,447,467,76,89,104,104,168,68,91,91],"floor_reached":27,"playtime":1259,"items_purged":["Regret","Strike_B"],"score":253,"play_id":"b14fc3c3-12e4-4a23-a6e6-d53f238e2131","local_time":"20190815231447","is_ascension_mode":true,"campfire_choices":[{"data":"Zap","floor":6,"key":"SMITH"},{"floor":8,"key":"REST"},{"floor":15,"key":"REST"},{"floor":23,"key":"REST"}],"neow_cost":"NONE","seed_source_timestamp":38045602041600,"circlet_count":0,"master_deck":["Strike_B","Strike_B+1","Defend_B","Defend_B","Defend_B","Defend_B","Zap+1","Dualcast+1","Seek","Ball Lightning","Loop","Coolheaded","Darkness","Barrage","Rainbow","Redo","Reboot","Leap+1","Fusion","Loop+1","Turbo+1","Steam","Creative AI+1","Rebound+1","Pain"],"relics":["Cracked Core","Golden Idol","Bottled Tornado","Bottled Lightning","Torii","Dream Catcher","Cursed Key","Frozen Egg 2","Tiny Chest"],"potions_floor_usage":[7,24],"damage_taken":[{"damage":0,"enemies":"Small Slimes","floor":1,"turns":3},{"damage":7,"enemies":"2 Louse","floor":3,"turns":2},{"damage":11,"enemies":"Jaw Worm","floor":5,"turns":2},{"damage":10,"enemies":"Lagavulin","floor":7,"turns":6},{"damage":18,"enemies":"3 Sentries","floor":10,"turns":6},{"damage":11,"enemies":"Large Slime","floor":11,"turns":3},{"damage":11,"enemies":"Slime Boss","floor":16,"turns":8},{"damage":1,"enemies":"Chosen","floor":18,"turns":4},{"damage":23,"enemies":"2 Thieves","floor":19,"turns":4},{"damage":31,"enemies":"Centurion and Healer","floor":21,"turns":6},{"damage":11,"enemies":"Cultist and Chosen","floor":22,"turns":5},{"damage":22,"enemies":"Slavers","floor":24,"turns":4},{"damage":14,"enemies":"Sentry and Sphere","floor":27,"turns":3}],"seed_played":"-7646862820333022914","potions_obtained":[{"floor":1,"key":"PowerPotion"},{"floor":3,"key":"FearPotion"},{"floor":5,"key":"Strength Potion"},{"floor":11,"key":"PowerPotion"}],"is_trial":false,"path_per_floor":["M","?","M","?","M","R","E","R","T","E","M","$","?","?","R","B",null,"M","M","$","M","M","R","E","$","T","M"],"character_chosen":"DEFECT","items_purchased":["Dream Catcher","Frozen Egg 2","Loop+1"],"campfire_rested":3,"item_purchase_floors":[12,20,20],"current_hp_per_floor":[75,57,50,50,39,39,29,51,51,33,22,22,7,7,29,18,75,74,51,51,20,9,31,9,9,9,0],"gold":91,"neow_bonus":"ONE_RANDOM_RARE_CARD","is_prod":false,"is_daily":false,"chose_seed":false,"campfire_upgraded":1,"win_rate":0,"timestamp":1565903687,"path_taken":["M","?","M","?","M","R","E","R","T","E","M","$","?","?","R","BOSS","M","?","$","?","M","R","E","?","T","M"],"build_version":"2019-07-17","purchased_purges":2,"victory":false,"max_hp_per_floor":[75,75,75,75,75,75,75,75,75,75,75,75,75,75,75,75,75,75,75,75,75,75,75,75,75,75,75],"card_choices":[{"not_picked":["Auto Shields","Leap"],"picked":"Ball Lightning","floor":1},{"not_picked":["Compile Driver","Darkness"],"picked":"Loop","floor":3},{"not_picked":["Beam Cell","Recycle"],"picked":"Coolheaded","floor":5},{"not_picked":["Genetic Algorithm","Leap"],"picked":"Darkness","floor":7},{"not_picked":["Compile Driver","Streamline"],"picked":"Barrage","floor":10},{"not_picked":["Heatsinks","Cold Snap"],"picked":"Rainbow","floor":11},{"not_picked":["Steam","Auto Shields"],"picked":"Redo","floor":15},{"not_picked":["Fission","Multi-Cast"],"picked":"Reboot","floor":16},{"not_picked":["Barrage","Steam Power"],"picked":"Leap+1","floor":18},{"not_picked":["Redo","Streamline"],"picked":"Fusion","floor":19},{"not_picked":["Beam Cell","Fusion"],"picked":"Turbo+1","floor":21},{"not_picked":["Scrape+1","Streamline"],"picked":"Steam","floor":22},{"not_picked":["Gash","Coolheaded"],"picked":"Creative AI+1","floor":23},{"not_picked":["Consume","Recycle"],"picked":"Rebound+1","floor":24}],"player_experience":111133,"relics_obtained":[{"floor":7,"key":"Bottled Tornado"},{"floor":9,"key":"Bottled Lightning"},{"floor":10,"key":"Torii"},{"floor":24,"key":"Tiny Chest"}],"event_choices":[{"damage_healed":0,"gold_gain":0,"player_choice":"Take Damage","damage_taken":18,"relics_obtained":["Golden Idol"],"max_hp_gain":0,"max_hp_loss":0,"event_name":"Golden Idol","floor":2,"gold_loss":0},{"cards_removed":["Strike_B"],"damage_healed":0,"gold_gain":0,"player_choice":"Card Removal","damage_taken":0,"max_hp_gain":0,"max_hp_loss":0,"event_name":"The Cleric","floor":4,"gold_loss":50},{"damage_healed":0,"gold_gain":0,"player_choice":"Entered Light","damage_taken":15,"max_hp_gain":0,"max_hp_loss":0,"event_name":"Shining Light","floor":13,"gold_loss":0,"cards_upgraded":["Dualcast","Strike_B"]},{"damage_healed":0,"gold_gain":275,"player_choice":"Desecrate","damage_taken":0,"max_hp_gain":0,"max_hp_loss":0,"event_name":"Golden Shrine","floor":14,"gold_loss":0,"cards_obtained":["Regret"]}],"is_beta":false,"boss_relics":[{"not_picked":["Astrolabe","Velvet Choker"],"picked":"Cursed Key"}],"items_purged_floors":[20,25],"is_endless":false,"potions_floor_spawned":[1,3,5,11,21],"killed_by":"Sentry and Sphere","ascension_level":1}