{"gold_per_floor":[114,114,125,125,143,168,168,201,226,226,241,241,256,290,290,364,364,383,383,396,173,173,208,208,241,295,311,236,0,0],"floor_reached":30,"playtime":1391,"items_purged":["Strike_R"],"score":501,"play_id":"1e28a678-6ff2-4ae0-b660-8ed0d031ddd9","local_time":"20190721234909","is_ascension_mode":true,"campfire_choices":[{"data":"Infernal Blade","floor":7.0,"key":"SMITH"},{"floor":10.0,"key":"REST"},{"data":"Flame Barrier","floor":15.0,"key":"SMITH"},{"floor":24.0,"key":"REST"}],"neow_cost":"NONE","seed_source_timestamp":970270418233739,"circlet_count":0,"master_deck":["AscendersBane","Defend_R","Defend_R","Bash","Demon Form","Infernal Blade+1","Combust","Pommel Strike","Carnage","Flame Barrier+1","Impervious","conspire:Purge","Metallicize+1","conspire:ExplosiveBarrier","Body Slam","Demon Form","Havoc+1"],"special_seed":0,"relics":["Burning Blood","hubris:SphereOfDissonance","conspire:GlowingRock","hubris:SlimyHat","Strawberry","Philosopher\u0027s Stone","Bag of Preparation","Potion Belt","hubris:CrystalStatue","Pen Nib"],"potions_floor_usage":[],"damage_taken":[{"damage":9.0,"enemies":"conspire:RoseBush","floor":1.0,"turns":6.0},{"damage":1.0,"enemies":"Small Slimes","floor":3.0,"turns":5.0},{"damage":8.0,"enemies":"Jaw Worm","floor":5.0,"turns":4.0},{"damage":25.0,"enemies":"Gremlin Nob","floor":6.0,"turns":4.0},{"damage":26.0,"enemies":"3 Sentries","floor":8.0,"turns":7.0},{"damage":21.0,"enemies":"Exordium Thugs","floor":11.0,"turns":4.0},{"damage":0.0,"enemies":"2 Fungi Beasts","floor":13.0,"turns":2.0},{"damage":18.0,"enemies":"Lagavulin","floor":14.0,"turns":7.0},{"damage":45.0,"enemies":"The Guardian","floor":16.0,"turns":16.0},{"damage":5.0,"enemies":"Chosen","floor":18.0,"turns":4.0},{"damage":16.0,"enemies":"2 Thieves","floor":20.0,"turns":4.0},{"damage":31.0,"enemies":"conspire:SneckoGhost","floor":23.0,"turns":11.0},{"damage":17.0,"enemies":"Slavers","floor":25.0,"turns":5.0},{"damage":25.0,"enemies":"Sentry and Sphere","floor":27.0,"turns":6.0},{"damage":39,"enemies":"Gremlin Leader","floor":30,"turns":4}],"seed_played":"-2981509349276507552","potions_obtained":[{"floor":1.0,"key":"GamblersBrew"},{"floor":3.0,"key":"Strength Potion"},{"floor":13.0,"key":"FearPotion"},{"floor":16.0,"key":"SkillPotion"}],"is_trial":false,"path_per_floor":["M","?","M","$","M","E","R","E","T","R","M","?","M","E","R","B",null,"M","?","M","$","?","E","R","E","T","M","?","?","E"],"character_chosen":"IRONCLAD","items_purchased":["Bag of Preparation"],"campfire_rested":2,"item_purchase_floors":[21],"current_hp_per_floor":[65,65,70,70,68,49,49,29,29,51,36,61,67,62,62,23,67,68,68,58,58,58,33,57,46,46,27,27,27,0],"gold":0,"neow_bonus":"ONE_RANDOM_RARE_CARD","is_prod":false,"is_daily":false,"chose_seed":false,"campfire_upgraded":2,"win_rate":0,"timestamp":1563767349,"path_taken":["M","?","M","$","M","E","R","E","T","R","M","?","M","E","R","BOSS","M","?","M","$","?","E","R","E","T","?","?","?","E"],"build_version":"2019-07-17","purchased_purges":1,"victory":false,"max_hp_per_floor":[75,75,75,75,75,75,75,75,75,75,75,75,75,82,82,82,82,82,82,82,82,82,82,82,82,82,82,82,82,82],"card_choices":[{"not_picked":["Second Wind","Reckless Charge","hubris:ReadiedAction"],"picked":"SKIP","floor":1.0},{"not_picked":["Flex","Fire Breathing"],"picked":"Infernal Blade","floor":3.0},{"not_picked":["Entrench","Shrug It Off"],"picked":"Combust","floor":5.0},{"not_picked":["Ghostly Armor","Rampage"],"picked":"Pommel Strike","floor":6.0},{"not_picked":["Cleave","Combust"],"picked":"Carnage","floor":8.0},{"not_picked":["Dropkick","Heavy Blade","Sword Boomerang"],"picked":"SKIP","floor":11.0},{"not_picked":["Sword Boomerang","Cleave"],"picked":"Flame Barrier","floor":13.0},{"not_picked":["Anger","Evolve"],"picked":"Impervious","floor":14.0},{"not_picked":["Demon Form","Barricade"],"picked":"conspire:Purge","floor":16.0},{"not_picked":["Rampage","Wild Strike","Ghostly Armor"],"picked":"SKIP","floor":18.0},{"not_picked":["Bloodletting","Shockwave"],"picked":"Metallicize+1","floor":20.0},{"not_picked":["Shrug It Off","Seeing Red"],"picked":"Body Slam","floor":23.0},{"not_picked":["Fiend Fire","Entrench"],"picked":"Demon Form","floor":25.0},{"not_picked":["True Grit+1","Warcry"],"picked":"Havoc+1","floor":27.0}],"player_experience":2614862,"relics_obtained":[{"floor":6.0,"key":"hubris:SphereOfDissonance"},{"floor":8.0,"key":"conspire:GlowingRock"},{"floor":9.0,"key":"hubris:SlimyHat"},{"floor":14.0,"key":"Strawberry"},{"floor":23.0,"key":"Potion Belt"},{"floor":25.0,"key":"hubris:CrystalStatue"},{"floor":26.0,"key":"Pen Nib"}],"event_choices":[{"damage_healed":0.0,"max_hp_gain":0.0,"max_hp_loss":0.0,"gold_gain":0.0,"event_name":"The Cleric","player_choice":"Leave","floor":2.0,"gold_loss":0.0,"damage_taken":0.0},{"damage_healed":25.0,"max_hp_gain":0.0,"max_hp_loss":0.0,"gold_gain":0.0,"event_name":"Big Fish","player_choice":"Banana","floor":12.0,"gold_loss":0.0,"damage_taken":0.0},{"damage_healed":0.0,"max_hp_gain":0.0,"max_hp_loss":0.0,"gold_gain":0.0,"event_name":"Vampires","player_choice":"Ignored","floor":19.0,"gold_loss":0.0,"damage_taken":0.0},{"cards_removed":["Strike_R"],"damage_healed":0.0,"max_hp_gain":0.0,"max_hp_loss":0.0,"gold_gain":0.0,"event_name":"Beggar","player_choice":"Gave Gold","floor":28.0,"gold_loss":75.0,"damage_taken":0.0},{"damage_healed":0.0,"max_hp_gain":0.0,"max_hp_loss":0.0,"gold_gain":0.0,"event_name":"Masked Bandits","player_choice":"Paid Fearfully","floor":29.0,"gold_loss":236.0,"damage_taken":0.0}],"is_beta":false,"boss_relics":[{"not_picked":["Pandora\u0027s Box","conspire:RoyalGoblet"],"picked":"Philosopher\u0027s Stone"}],"items_purged_floors":[21],"is_endless":false,"potions_floor_spawned":[1,3,13,16,18],"killed_by":"Gremlin Leader","ascension_level":15}