{"gold_per_floor":[215,215,238,15,29,29,29,29,55,55,89,108,123,143,143,263,263,276,276,299,317,338,338,338,362,362,362],"floor_reached":27,"playtime":1608,"items_purged":["Strike_G"],"score":266,"play_id":"395a6073-6161-494c-a4b3-ac09f689434d","local_time":"20190824172024","is_ascension_mode":true,"campfire_choices":[{"data":"Neutralize","floor":6.0,"key":"SMITH"},{"data":"Heel Hook","floor":8.0,"key":"SMITH"},{"floor":15.0,"key":"REST"},{"floor":23.0,"key":"REST"}],"neow_cost":"NONE","seed_source_timestamp":793899864482600,"circlet_count":0,"master_deck":["Strike_G","Strike_G","Strike_G","Strike_G","Defend_G","Defend_G","Defend_G","Defend_G","Survivor","Neutralize+1","Heel Hook+1","Cloak And Dagger+1","Dagger Spray","Escape Plan","Dagger Throw","Backstab","Setup","Corpse Explosion","Infinite Blades+1","Expertise+1","Quick Slash+1","Outmaneuver+1","Riddle With Holes","Footwork"],"special_seed":0,"relics":["Ring of the Snake","Golden Idol","Anchor","Omamori","Boot","Eternal Feather","Shuriken"],"potions_floor_usage":[27],"damage_taken":[{"damage":9.0,"enemies":"Small Slimes","floor":1.0,"turns":4.0},{"damage":1.0,"enemies":"Cultist","floor":3.0,"turns":4.0},{"damage":0.0,"enemies":"2 Louse","floor":5.0,"turns":3.0},{"damage":40.0,"enemies":"3 Sentries","floor":11.0,"turns":9.0},{"damage":0.0,"enemies":"Red Slaver","floor":12.0,"turns":2.0},{"damage":0.0,"enemies":"Looter","floor":13.0,"turns":3.0},{"damage":0.0,"enemies":"Exordium Wildlife","floor":14.0,"turns":1.0},{"damage":23.0,"enemies":"Hexaghost","floor":16.0,"turns":15.0},{"damage":12.0,"enemies":"2 Thieves","floor":18.0,"turns":2.0},{"damage":0.0,"enemies":"Chosen","floor":20.0,"turns":4.0},{"damage":29.0,"enemies":"Snake Plant","floor":21.0,"turns":5.0},{"damage":22.0,"enemies":"Cultist and Chosen","floor":22.0,"turns":4.0},{"damage":25.0,"enemies":"Snecko","floor":25.0,"turns":5.0},{"damage":16,"enemies":"Book of Stabbing","floor":27,"turns":5}],"seed_played":"6144223098470684326","potions_obtained":[{"floor":12.0,"key":"GamblersBrew"},{"floor":14.0,"key":"Weak Potion"},{"floor":19.0,"key":"SneckoOil"},{"floor":19.0,"key":"SpeedPotion"},{"floor":21.0,"key":"SkillPotion"},{"floor":25.0,"key":"Ancient Potion"}],"is_trial":false,"path_per_floor":["M","?","M","$","M","R","?","R","T","?","E","M","M","M","R","B",null,"M","?","M","M","M","R","?","M","T","E"],"character_chosen":"THE_SILENT","items_purchased":["Anchor"],"campfire_rested":2,"item_purchase_floors":[4],"current_hp_per_floor":[61,44,43,43,43,43,43,43,43,43,3,3,3,3,24,1,70,58,58,58,29,7,40,40,15,15,0],"gold":362,"neow_bonus":"HUNDRED_GOLD","is_prod":false,"is_daily":false,"chose_seed":false,"campfire_upgraded":2,"win_rate":0,"timestamp":1566660024,"path_taken":["M","?","M","$","M","R","?","R","T","?","E","M","M","M","R","BOSS","M","?","M","?","M","R","?","M","T","E"],"build_version":"2019-07-17","purchased_purges":1,"victory":false,"max_hp_per_floor":[70,70,70,70,70,70,70,70,70,70,70,70,70,70,70,70,70,70,70,70,70,70,70,70,70,70,70],"card_choices":[{"not_picked":["Dagger Throw","Eviscerate"],"picked":"Heel Hook","floor":1.0},{"not_picked":["Slice","Blade Dance"],"picked":"Cloak And Dagger","floor":3.0},{"not_picked":["Deflect","Bane"],"picked":"Dagger Spray","floor":5.0},{"not_picked":["Masterful Stab","Tactician"],"picked":"Escape Plan","floor":11.0},{"not_picked":["Distraction","Slice"],"picked":"Dagger Throw","floor":12.0},{"not_picked":["Expertise","Quick Slash"],"picked":"Backstab","floor":13.0},{"not_picked":["Dagger Throw","Quick Slash"],"picked":"Setup","floor":14.0},{"not_picked":["Burst","Grand Finale"],"picked":"Corpse Explosion","floor":16.0},{"not_picked":["Deflect","Dagger Throw"],"picked":"Infinite Blades+1","floor":18.0},{"not_picked":["Flying Knee","Acrobatics"],"picked":"Expertise+1","floor":20.0},{"not_picked":["Cloak And Dagger","Acrobatics"],"picked":"Quick Slash+1","floor":21.0},{"not_picked":["Prepared","Bouncing Flask+1"],"picked":"Outmaneuver+1","floor":22.0},{"not_picked":["Dagger Throw","Well Laid Plans"],"picked":"Footwork","floor":25.0}],"player_experience":182038,"relics_obtained":[{"floor":9.0,"key":"Omamori"},{"floor":11.0,"key":"Boot"},{"floor":26.0,"key":"Shuriken"}],"event_choices":[{"damage_healed":0.0,"max_hp_gain":0.0,"max_hp_loss":0.0,"gold_gain":0.0,"event_name":"Golden Idol","player_choice":"Take Damage","floor":2.0,"gold_loss":0.0,"damage_taken":17.0,"relics_obtained":["Golden Idol"]},{"cards_removed":["Defend_G"],"damage_healed":0.0,"max_hp_gain":0.0,"max_hp_loss":0.0,"gold_gain":0.0,"event_name":"Living Wall","player_choice":"Forget","floor":7.0,"gold_loss":0.0,"damage_taken":0.0},{"damage_healed":0.0,"max_hp_gain":0.0,"max_hp_loss":0.0,"gold_gain":0.0,"event_name":"Upgrade Shrine","player_choice":"Upgraded","floor":10.0,"gold_loss":0.0,"damage_taken":0.0,"cards_upgraded":["Cloak And Dagger"]},{"damage_healed":0.0,"max_hp_gain":0.0,"max_hp_loss":0.0,"gold_gain":0.0,"event_name":"Lab","player_choice":"Got Potions","floor":19.0,"gold_loss":0.0,"damage_taken":0.0},{"damage_healed":0.0,"max_hp_gain":0.0,"max_hp_loss":0.0,"gold_gain":0.0,"event_name":"The Library","player_choice":"Read","floor":24.0,"gold_loss":0.0,"damage_taken":0.0,"cards_obtained":["Riddle With Holes"]}],"is_beta":false,"boss_relics":[{"not_picked":["Runic Pyramid","Ring of the Serpent"],"picked":"Eternal Feather"}],"items_purged_floors":[4],"is_endless":false,"potions_floor_spawned":[12,14,21,25],"killed_by":"Book of Stabbing","ascension_level":2}