{"gold_per_floor":[117,137,162,19,35,35,45,75,100,100,110,110,127,144,144,247,247,267,318,15,31,49,49,59,90,90,104,115,115,128,140,140,239,239,250,60,79,79,4,4,34,34,86,113,155,219,248,278,290,302],"floor_reached":50,"playtime":4159,"items_purged":[],"score":561,"play_id":"bb780277-ce00-4719-962b-6403aa522d03","local_time":"20190813152952","is_ascension_mode":true,"campfire_choices":[{"data":"Anger","floor":6,"key":"SMITH"},{"data":"Rupture","floor":12,"key":"SMITH"},{"data":"Infernal Blade","floor":15,"key":"SMITH"},{"floor":23,"key":"REST"},{"data":"Armaments","floor":32,"key":"SMITH"},{"floor":40,"key":"REST"},{"floor":42,"key":"REST"},{"floor":49,"key":"REST"}],"neow_cost":"NONE","seed_source_timestamp":339192528838600,"circlet_count":0,"master_deck":["Strike_R","Strike_R+1","Strike_R+1","Strike_R","Strike_R","Defend_R","Defend_R","Defend_R","Bash","Feel No Pain","Bloodletting+1","Burning Pact+1","Rupture+1","Infernal Blade+1","Rampage","True Grit","Reaper","Whirlwind","Spot Weakness","Whirlwind","Clothesline","Carnage","Armaments+1","Ghostly Armor+1","Rupture","Barricade","Combust+1","Pain","Wild Strike+1","Bloodletting","Eviscerate+1","Fire Breathing","Shockwave+1","Madness+1","Underhanded Strike+1","Sweeping Beam","Night Terror","Poisoned Stab+1"],"relics":["Runic Cube","Orichalcum","Blood Vial","Mummified Hand","Whetstone","GremlinMask","Snecko Eye","Ancient Tea Set","Red Skull","War Paint","Red Mask","Bird Faced Urn","Astrolabe","PrismaticShard","Lantern","MawBank","Ornamental Fan","Mango"],"potions_floor_usage":[11,16,25,33,41,46,46,47,50],"damage_taken":[{"damage":6,"enemies":"Cultist","floor":1,"turns":3},{"damage":3,"enemies":"2 Louse","floor":2,"turns":4},{"damage":10,"enemies":"Jaw Worm","floor":5,"turns":4},{"damage":10,"enemies":"Looter","floor":7,"turns":4},{"damage":37,"enemies":"Lagavulin","floor":8,"turns":7},{"damage":20,"enemies":"Lots of Slimes","floor":11,"turns":3},{"damage":0,"enemies":"Exordium Wildlife","floor":13,"turns":3},{"damage":0,"enemies":"3 Louse","floor":14,"turns":1},{"damage":26,"enemies":"Slime Boss","floor":16,"turns":11},{"damage":30,"enemies":"3 Byrds","floor":18,"turns":6},{"damage":7,"enemies":"Spheric Guardian","floor":21,"turns":3},{"damage":22,"enemies":"Centurion and Healer","floor":22,"turns":5},{"damage":7,"enemies":"Cultist and Chosen","floor":24,"turns":4},{"damage":16,"enemies":"Masked Bandits","floor":25,"turns":3},{"damage":21,"enemies":"3 Cultists","floor":27,"turns":5},{"damage":8,"enemies":"Snecko","floor":28,"turns":4},{"damage":5,"enemies":"Shelled Parasite and Fungi","floor":30,"turns":3},{"damage":7,"enemies":"3 Cultists","floor":31,"turns":3},{"damage":79,"enemies":"Collector","floor":33,"turns":9},{"damage":54,"enemies":"3 Shapes","floor":35,"turns":3},{"damage":12,"enemies":"Orb Walker","floor":37,"turns":2},{"damage":52,"enemies":"Reptomancer","floor":41,"turns":5},{"damage":17,"enemies":"Jaw Worm Horde","floor":44,"turns":2},{"damage":25,"enemies":"Giant Head","floor":45,"turns":6},{"damage":52,"enemies":"2 Orb Walkers","floor":46,"turns":4},{"damage":38,"enemies":"Spire Growth","floor":47,"turns":3},{"damage":17,"enemies":"Writhing Mass","floor":48,"turns":4},{"damage":64,"enemies":"Time Eater","floor":50,"turns":5}],"seed_played":"7313527450134696409","potions_obtained":[{"floor":5,"key":"BloodPotion"},{"floor":7,"key":"LiquidBronze"},{"floor":8,"key":"Ancient Potion"},{"floor":14,"key":"SpeedPotion"},{"floor":18,"key":"Strength Potion"},{"floor":21,"key":"Fire Potion"},{"floor":27,"key":"Fire Potion"},{"floor":33,"key":"SkillPotion"},{"floor":44,"key":"Explosive Potion"},{"floor":46,"key":"Fire Potion"},{"floor":48,"key":"Strength Potion"}],"is_trial":false,"path_per_floor":["M","M","T","$","M","R","M","E","T","?","M","R","M","M","R","B",null,"M","T","$","M","M","R","M","?","T","M","M","?","M","M","R","B",null,"M","$","M","?","$","R","E","R","T","M","E","?","M","M","R","B"],"character_chosen":"IRONCLAD","items_purchased":["Blood Vial","Red Skull","War Paint","PrismaticShard","Fire Breathing"],"campfire_rested":4,"item_purchase_floors":[4,20,20,36,39],"current_hp_per_floor":[74,71,71,71,63,63,55,20,20,20,22,22,24,26,26,2,80,58,58,58,53,39,63,66,52,52,43,42,42,63,73,73,23,80,37,37,31,31,31,55,21,45,45,38,36,24,3,12,40,0],"gold":302,"neow_bonus":"BOSS_RELIC","is_prod":false,"is_daily":false,"chose_seed":false,"campfire_upgraded":4,"win_rate":0,"timestamp":1565702992,"path_taken":["M","M","?","$","M","R","M","E","T","?","M","R","M","M","R","BOSS","M","?","$","M","M","R","M","?","T","M","M","?","M","M","R","BOSS","M","?","M","?","$","R","E","R","T","M","E","?","M","M","R","BOSS"],"build_version":"2019-07-17","purchased_purges":0,"victory":false,"max_hp_per_floor":[80,80,80,80,80,80,80,80,80,80,80,80,80,80,80,80,80,80,80,80,80,80,80,80,80,80,80,80,80,80,80,80,80,80,80,80,80,80,80,80,80,80,80,80,80,94,94,94,94,94],"card_choices":[{"not_picked":["Thunderclap","Body Slam"],"picked":"Feel No Pain","floor":1},{"not_picked":["Pummel","Inflame"],"picked":"Bloodletting","floor":2},{"not_picked":["Sword Boomerang","Thunderclap"],"picked":"Anger","floor":5},{"not_picked":["Heavy Blade","Entrench"],"picked":"Burning Pact","floor":7},{"not_picked":["Sword Boomerang","True Grit"],"picked":"Rupture","floor":8},{"not_picked":["Rage","Anger"],"picked":"Infernal Blade","floor":11},{"not_picked":["Wild Strike","Flex"],"picked":"Rampage","floor":13},{"not_picked":["Twin Strike","Power Through"],"picked":"True Grit","floor":14},{"not_picked":["Barricade","Feed"],"picked":"Reaper","floor":16},{"not_picked":["Metallicize","Wild Strike"],"picked":"Whirlwind","floor":18},{"not_picked":["Dual Wield","Headbutt"],"picked":"Spot Weakness","floor":21},{"not_picked":["Pommel Strike","Thunderclap"],"picked":"Whirlwind","floor":22},{"not_picked":["Feel No Pain+1","Exhume"],"picked":"Clothesline","floor":24},{"not_picked":["Heavy Blade+1","Flame Barrier"],"picked":"Carnage","floor":25},{"not_picked":["Rage","Dropkick+1","Iron Wave"],"picked":"SKIP","floor":27},{"not_picked":["Wild Strike","Twin Strike"],"picked":"Armaments","floor":28},{"not_picked":["Pummel","Pommel Strike"],"picked":"Ghostly Armor+1","floor":30},{"not_picked":["Power Through","Shrug It Off"],"picked":"Rupture","floor":31},{"not_picked":["Exhume","Offering"],"picked":"Barricade","floor":33},{"not_picked":["Ghostly Armor","Sword Boomerang+1"],"picked":"Bloodletting","floor":35},{"not_picked":["Go for the Eyes+1","Clash+1"],"picked":"Eviscerate+1","floor":37},{"not_picked":["Compile Driver+1","Deadly Poison+1"],"picked":"Shockwave+1","floor":41},{"not_picked":["Perfected Strike+1","Inflame+1"],"picked":"Madness+1","floor":44},{"not_picked":["Chaos+1","Searing Blow"],"picked":"Underhanded Strike+1","floor":45},{"not_picked":["Armaments","Twin Strike+1"],"picked":"Sweeping Beam","floor":46},{"not_picked":["Perfected Strike+1","Quick Slash"],"picked":"Night Terror","floor":47},{"not_picked":["Gash+1","Heavy Blade"],"picked":"Poisoned Stab+1","floor":48}],"player_experience":38735,"relics_obtained":[{"floor":3,"key":"Orichalcum"},{"floor":8,"key":"Mummified Hand"},{"floor":9,"key":"Whetstone"},{"floor":19,"key":"Ancient Tea Set"},{"floor":25,"key":"Red Mask"},{"floor":26,"key":"Bird Faced Urn"},{"floor":41,"key":"Lantern"},{"floor":43,"key":"MawBank"},{"floor":45,"key":"Ornamental Fan"},{"floor":46,"key":"Mango"}],"event_choices":[{"damage_healed":0,"gold_gain":0,"player_choice":"Trade","damage_taken":0,"relics_obtained":["GremlinMask"],"max_hp_gain":0,"max_hp_loss":0,"event_name":"FaceTrader","floor":10,"gold_loss":0},{"damage_healed":0,"gold_gain":0,"player_choice":"Fought Bandits","damage_taken":0,"max_hp_gain":0,"max_hp_loss":0,"event_name":"Masked Bandits","floor":25,"gold_loss":0},{"damage_healed":0,"gold_gain":0,"player_choice":"Cursed","damage_taken":0,"max_hp_gain":0,"max_hp_loss":0,"event_name":"Wheel of Change","floor":29,"gold_loss":0,"cards_obtained":["Decay"]},{"damage_healed":0,"gold_gain":0,"player_choice":"Ignored","damage_taken":0,"max_hp_gain":0,"max_hp_loss":0,"event_name":"The Moai Head","floor":38,"gold_loss":0},{"damage_healed":0,"gold_gain":0,"player_choice":"Fight","damage_taken":0,"max_hp_gain":0,"max_hp_loss":0,"event_name":"Mysterious Sphere","floor":46,"gold_loss":0}],"is_beta":false,"boss_relics":[{"not_picked":["Sozu","Runic Dome"],"picked":"Snecko Eye"},{"not_picked":["Busted Crown","Coffee Dripper"],"picked":"Astrolabe"}],"items_purged_floors":[],"is_endless":false,"potions_floor_spawned":[5,7,8,14,18,21,27,28,31,33,44,45,46,48],"killed_by":"Time Eater","ascension_level":1}