{"gold_per_floor":[144,144,144,189,43,43,133,133,133,148,3,93,93,193,193,493,493,538,63,108,58,103,193,193,238,343,343,433,111,111,201,201,201],"floor_reached":33,"playtime":2024,"items_purged":["Strike_R","Strike_R","Defend_R","Defend_R"],"score":357,"play_id":"8907bd13-3f4b-43f3-ac2c-0b12eabc84d5","local_time":"20190824095400","daily_mods":["Specialized","Flight","Midas"],"is_ascension_mode":false,"campfire_choices":[{"floor":6,"key":"REST"},{"floor":8,"key":"REST"},{"floor":15,"key":"REST"},{"floor":24,"key":"REST"},{"floor":27,"key":"REST"},{"floor":30,"key":"REST"},{"floor":32,"key":"REST"}],"neow_cost":"","seed_source_timestamp":0,"circlet_count":0,"master_deck":["Strike_R","Strike_R","Strike_R","Defend_R","Bash","Warcry","Warcry","Warcry","Warcry","Warcry","Whirlwind","Clash","Iron Wave","Shrug It Off","Inflame","Rage","Flame Barrier","Clash","Berserk","Infernal Blade","Shrug It Off+1","Spot Weakness","Bloodletting","Iron Wave+1","Rupture+1","Evolve","Iron Wave","Wild Strike+1","Inflame+1","Fire Breathing"],"special_seed":18132,"relics":["Burning Blood","Prayer Wheel","Strawberry","Champion Belt","Odd Mushroom","Matryoshka","Fusion Hammer","Oddly Smooth Stone","HandDrill","Shuriken","Tiny Chest","Gremlin Horn","MawBank","PreservedInsect","Shovel"],"potions_floor_usage":[33],"damage_taken":[{"damage":5,"enemies":"Jaw Worm","floor":1,"turns":4},{"damage":14,"enemies":"Small Slimes","floor":4,"turns":4},{"damage":31,"enemies":"Gremlin Nob","floor":7,"turns":5},{"damage":16,"enemies":"The Mushroom Lair","floor":10,"turns":5},{"damage":24,"enemies":"Lagavulin","floor":12,"turns":5},{"damage":36,"enemies":"Slime Boss","floor":16,"turns":14},{"damage":13,"enemies":"Shell Parasite","floor":18,"turns":6},{"damage":7,"enemies":"Spheric Guardian","floor":20,"turns":4},{"damage":14,"enemies":"3 Cultists","floor":22,"turns":5},{"damage":35,"enemies":"Slavers","floor":23,"turns":6},{"damage":17,"enemies":"Cultist and Chosen","floor":25,"turns":6},{"damage":52,"enemies":"Book of Stabbing","floor":28,"turns":6},{"damage":24,"enemies":"Gremlin Leader","floor":31,"turns":6},{"damage":85,"enemies":"Automaton","floor":33,"turns":8}],"seed_played":"-4066854202002492669","potions_obtained":[{"floor":10,"key":"AttackPotion"},{"floor":22,"key":"FearPotion"},{"floor":25,"key":"LiquidBronze"},{"floor":31,"key":"Regen Potion"}],"is_trial":false,"path_per_floor":["M","?","?","M","$","R","E","R","T","?","$","E","?","?","R","B",null,"M","$","M","?","M","E","R","M","T","R","E","$","R","E","R","B"],"character_chosen":"IRONCLAD","items_purchased":["Inflame","Clash","Oddly Smooth Stone","HandDrill","PreservedInsect","Fire Breathing"],"campfire_rested":7,"item_purchase_floors":[5,11,19,19,29,29],"current_hp_per_floor":[80,55,55,47,47,71,53,79,79,69,69,51,56,56,83,53,92,85,85,84,84,76,47,74,63,63,90,44,44,71,53,80,0],"gold":201,"neow_bonus":"","is_prod":false,"is_daily":true,"chose_seed":false,"campfire_upgraded":0,"win_rate":0,"timestamp":1566633240,"path_taken":["M","?","?","?","$","R","E","R","T","?","?","E","?","?","R","BOSS","M","?","?","?","?","E","R","?","T","R","E","$","R","E","R","BOSS"],"build_version":"2019-07-17","purchased_purges":4,"victory":false,"max_hp_per_floor":[80,80,80,80,80,80,87,87,87,87,87,87,92,92,92,92,92,92,92,92,92,92,92,92,92,92,92,92,92,92,92,92,92],"card_choices":[{"not_picked":["Sword Boomerang","True Grit"],"picked":"Whirlwind","floor":1},{"not_picked":["Havoc","Thunderclap"],"picked":"Iron Wave","floor":4},{"not_picked":["Twin Strike","Iron Wave"],"picked":"Shrug It Off","floor":4},{"not_picked":["Cleave","Double Tap"],"picked":"Rage","floor":7},{"not_picked":["Blood for Blood","Sentinel"],"picked":"Flame Barrier","floor":10},{"not_picked":["Warcry","Uppercut","Havoc"],"picked":"SKIP","floor":12},{"not_picked":["Reaper","Double Tap"],"picked":"Berserk","floor":16},{"not_picked":["Sever Soul","Dual Wield"],"picked":"Infernal Blade","floor":18},{"not_picked":["Warcry+1","Shockwave"],"picked":"Shrug It Off+1","floor":18},{"not_picked":["Twin Strike+1","Body Slam"],"picked":"Spot Weakness","floor":20},{"not_picked":["Twin Strike","Warcry"],"picked":"Bloodletting","floor":20},{"not_picked":["Power Through+1","Combust"],"picked":"Iron Wave+1","floor":22},{"not_picked":["Warcry","Sword Boomerang"],"picked":"Rupture+1","floor":22},{"not_picked":["Flex+1","Intimidate"],"picked":"Evolve","floor":23},{"not_picked":["Power Through","Carnage"],"picked":"Iron Wave","floor":25},{"not_picked":["Sentinel+1","Cleave+1"],"picked":"Wild Strike+1","floor":25},{"not_picked":["Dual Wield","Reaper"],"picked":"Inflame+1","floor":28},{"not_picked":["Seeing Red","Rampage+1","Exhume"],"picked":"SKIP","floor":31}],"player_experience":357358,"relics_obtained":[{"floor":7,"key":"Strawberry"},{"floor":9,"key":"Champion Belt"},{"floor":10,"key":"Odd Mushroom"},{"floor":12,"key":"Matryoshka"},{"floor":23,"key":"Shuriken"},{"floor":26,"key":"Tiny Chest"},{"floor":26,"key":"Gremlin Horn"},{"floor":28,"key":"MawBank"},{"floor":31,"key":"Shovel"}],"event_choices":[{"damage_healed":0,"gold_gain":0,"player_choice":"Success","damage_taken":25,"relics_obtained":["Prayer Wheel"],"max_hp_gain":0,"max_hp_loss":0,"event_name":"Scrap Ooze","floor":2,"gold_loss":0},{"damage_healed":0,"gold_gain":0,"cards_transformed":["Defend_R"],"player_choice":"Transformed","damage_taken":0,"max_hp_gain":0,"max_hp_loss":0,"event_name":"Transmorgrifier","floor":3,"gold_loss":0,"cards_obtained":["Clash"]},{"damage_healed":0,"gold_gain":0,"player_choice":"Fought Mushrooms","damage_taken":0,"max_hp_gain":0,"max_hp_loss":0,"event_name":"Mushrooms","floor":10,"gold_loss":0},{"damage_healed":0,"gold_gain":0,"player_choice":"Donut","damage_taken":0,"max_hp_gain":5,"max_hp_loss":0,"event_name":"Big Fish","floor":13,"gold_loss":0},{"damage_healed":0,"gold_gain":100,"player_choice":"Pray","damage_taken":0,"max_hp_gain":0,"max_hp_loss":0,"event_name":"Golden Shrine","floor":14,"gold_loss":0},{"damage_healed":0,"gold_gain":0,"player_choice":"Bet on Owner","damage_taken":0,"max_hp_gain":0,"max_hp_loss":0,"event_name":"The Joust","floor":21,"gold_loss":50}],"is_beta":false,"boss_relics":[{"not_picked":["Black Star","Snecko Eye"],"picked":"Fusion Hammer"}],"items_purged_floors":[5,11,19,29],"is_endless":false,"potions_floor_spawned":[10,22,25,31],"killed_by":"Automaton","ascension_level":0}