{"gold_per_floor":[119,38,49,65,84,84,114,124,124,156,156,156,156,156,156,228,228,240,260,185,198,47,75,75,75,75,75,75,103,3,16,16,93,93,110,120,1119,463,481,481,481,501,501,527,527,602,634,654,654,654,654,654,45,45],"floor_reached":54,"playtime":2995,"items_purged":["Defend_B","Defend_B","Normality","Strike_B"],"score":1350,"play_id":"65d5896d-0685-4600-a00c-b460fae48ee2","local_time":"20190708233616","is_ascension_mode":true,"campfire_choices":[{"data":"Fusion","floor":6,"key":"SMITH"},{"floor":11,"key":"REST"},{"data":"Beam Cell","floor":13,"key":"SMITH"},{"floor":15,"key":"REST"},{"floor":24,"key":"REST"},{"data":"Defragment","floor":27,"key":"SMITH"},{"data":"Zap","floor":32,"key":"SMITH"},{"floor":40,"key":"RECALL"},{"floor":49,"key":"REST"},{"data":"Recycle","floor":52,"key":"SMITH"}],"neow_cost":"NONE","seed_source_timestamp":349059919534596,"circlet_count":0,"master_deck":["AscendersBane","Strike_B","Strike_B","Defend_B","Defend_B","Zap+1","Dualcast","Fusion+1","Cold Snap+1","Doom and Gloom","Coolheaded+1","Conserve Battery","Beam Cell+1","FTL","Sweeping Beam","Gash","Reboot","Gash","Coolheaded","Conserve Battery","Defragment+1","All For One","Hologram","Gash","Echo Form","Hologram+1","Chill+1","Reinforced Body","Recycle+1","Seek"],"relics":["Cracked Core","Ornamental Fan","Pear","Gambling Chip","Runic Pyramid","Question Card","Strawberry","Nuclear Battery","Runic Capacitor","Symbiotic Virus","Juzu Bracelet","Regal Pillow","Singing Bowl","Oddly Smooth Stone","Bottled Tornado","Art of War"],"potions_floor_usage":[7,7,33,33,50],"damage_taken":[{"damage":0,"enemies":"2 Louse","floor":1,"turns":2},{"damage":8,"enemies":"Small Slimes","floor":3,"turns":4},{"damage":2,"enemies":"Jaw Worm","floor":4,"turns":4},{"damage":21,"enemies":"Exordium Wildlife","floor":5,"turns":4},{"damage":9,"enemies":"3 Sentries","floor":7,"turns":5},{"damage":0,"enemies":"Looter","floor":8,"turns":4},{"damage":21,"enemies":"Gremlin Nob","floor":10,"turns":4},{"damage":17,"enemies":"The Guardian","floor":16,"turns":11},{"damage":0,"enemies":"Spheric Guardian","floor":18,"turns":5},{"damage":0,"enemies":"Chosen","floor":19,"turns":4},{"damage":8,"enemies":"Centurion and Healer","floor":21,"turns":6},{"damage":19,"enemies":"Book of Stabbing","floor":23,"turns":6},{"damage":9,"enemies":"Gremlin Leader","floor":29,"turns":6},{"damage":6,"enemies":"Cultist and Chosen","floor":31,"turns":9},{"damage":49,"enemies":"Collector","floor":33,"turns":9},{"damage":2,"enemies":"Orb Walker","floor":35,"turns":4},{"damage":31,"enemies":"3 Darklings","floor":36,"turns":4},{"damage":0,"enemies":"Maw","floor":39,"turns":4},{"damage":6,"enemies":"Jaw Worm Horde","floor":42,"turns":5},{"damage":0,"enemies":"Nemesis","floor":44,"turns":7},{"damage":25,"enemies":"Reptomancer","floor":47,"turns":7},{"damage":1,"enemies":"4 Shapes","floor":48,"turns":11},{"damage":27,"enemies":"Awakened One","floor":50,"turns":11},{"damage":75,"enemies":"Shield and Spear","floor":54,"turns":5}],"seed_played":"5356126122688726095","potions_obtained":[{"floor":1,"key":"GamblersBrew"},{"floor":5,"key":"AttackPotion"},{"floor":7,"key":"Explosive Potion"},{"floor":10,"key":"SteroidPotion"},{"floor":33,"key":"Dexterity Potion"},{"floor":44,"key":"Strength Potion"},{"floor":48,"key":"PowerPotion"}],"is_trial":false,"path_per_floor":["M","$","M","M","M","R","E","M","T","E","R","?","R","?","R","B",null,"M","M","$","M","$","E","R","?","T","R","?","E","$","M","R","B",null,"M","M","?","$","M","R","?","M","T","E","?","T","E","M","R","B",null,"R","$","E"],"character_chosen":"DEFECT","items_purchased":["Doom and Gloom","Defragment","All For One","Runic Capacitor","Symbiotic Virus","Reinforced Body","Bottled Tornado","Art of War","SpeedPotion"],"campfire_rested":4,"item_purchase_floors":[2,22,22,38,38,38,53,53,53],"current_hp_per_floor":[64,64,56,54,33,33,24,24,34,13,37,37,37,13,37,20,66,66,66,66,58,58,39,63,63,63,63,63,61,61,55,55,6,68,66,35,35,35,35,35,35,29,29,29,29,29,6,7,49,22,75,75,75,0],"gold":45,"neow_bonus":"TRANSFORM_CARD","is_prod":false,"is_daily":false,"chose_seed":false,"campfire_upgraded":5,"win_rate":0,"timestamp":1562643376,"path_taken":["M","$","M","M","M","R","E","M","T","E","R","?","R","?","R","BOSS","M","M","$","M","$","E","R","?","T","R","?","E","?","M","R","BOSS","M","M","?","$","M","R","?","M","T","E","?","?","E","M","R","BOSS","R","$","E"],"build_version":"2019-07-03","purchased_purges":4,"victory":false,"max_hp_per_floor":[71,71,71,71,71,71,71,71,81,81,81,81,81,81,81,81,81,81,81,81,81,81,81,81,81,81,81,81,88,88,88,88,88,88,88,88,88,88,88,88,88,88,88,88,88,88,90,92,92,92,92,92,92,92],"card_choices":[{"not_picked":["Chill","Redo"],"picked":"Cold Snap","floor":1},{"not_picked":["Tempest","Darkness"],"picked":"Coolheaded","floor":3},{"not_picked":["Cold Snap","Buffer"],"picked":"Conserve Battery","floor":4},{"not_picked":["Stack","Leap"],"picked":"Beam Cell","floor":5},{"not_picked":["Reinforced Body","Tempest"],"picked":"FTL","floor":7},{"not_picked":["Streamline","Heatsinks"],"picked":"Sweeping Beam","floor":8},{"not_picked":["Darkness","Stack"],"picked":"Gash","floor":10},{"not_picked":["Amplify","Buffer"],"picked":"Reboot","floor":16},{"not_picked":["Redo","Aggregate"],"picked":"Gash","floor":18},{"not_picked":["Doom and Gloom","Auto Shields"],"picked":"Coolheaded","floor":19},{"not_picked":["Ball Lightning","Leap"],"picked":"Conserve Battery","floor":21},{"not_picked":["Force Field","Machine Learning","Barrage+1"],"picked":"SKIP","floor":23},{"not_picked":["All For One","Fusion","Beam Cell"],"picked":"Hologram","floor":29},{"not_picked":["Genetic Algorithm","Turbo","Steam+1"],"picked":"Gash","floor":31},{"not_picked":["Buffer","Biased Cognition","Core Surge"],"picked":"Echo Form","floor":33},{"not_picked":["Gash","Static Discharge+1","Coolheaded"],"picked":"Hologram+1","floor":35},{"not_picked":["Sweeping Beam","Ball Lightning","Melter"],"picked":"Chill","floor":36},{"not_picked":["Rebound","Darkness","FTL+1","Capacitor"],"picked":"SKIP","floor":39},{"not_picked":["Leap","Beam Cell","Heatsinks"],"picked":"Recycle","floor":42},{"not_picked":["Aggregate","Defragment","Gash"],"picked":"Seek","floor":44},{"not_picked":["Conserve Battery","Beam Cell","Double Energy","Go for the Eyes"],"picked":"Singing Bowl","floor":47},{"not_picked":["Capacitor+1","Conserve Battery","Gash","Genetic Algorithm"],"picked":"Singing Bowl","floor":48}],"player_experience":2619139,"relics_obtained":[{"floor":7,"key":"Ornamental Fan"},{"floor":9,"key":"Pear"},{"floor":10,"key":"Gambling Chip"},{"floor":23,"key":"Question Card"},{"floor":29,"key":"Strawberry"},{"floor":43,"key":"Juzu Bracelet"},{"floor":44,"key":"Regal Pillow"},{"floor":46,"key":"Singing Bowl"},{"floor":47,"key":"Oddly Smooth Stone"}],"event_choices":[{"damage_healed":0,"gold_gain":0,"player_choice":"Ignored","damage_taken":0,"max_hp_gain":0,"max_hp_loss":0,"event_name":"Liars Game","floor":12,"gold_loss":0},{"damage_healed":0,"gold_gain":0,"player_choice":"Entered Light","damage_taken":24,"max_hp_gain":0,"max_hp_loss":0,"event_name":"Shining Light","floor":14,"gold_loss":0,"cards_upgraded":["Coolheaded","Cold Snap"]},{"damage_healed":0,"gold_gain":0,"player_choice":"Ignored","damage_taken":0,"max_hp_gain":0,"max_hp_loss":0,"event_name":"The Mausoleum","floor":28,"gold_loss":0},{"damage_healed":0,"gold_gain":999,"player_choice":"Gold","damage_taken":0,"max_hp_gain":0,"max_hp_loss":0,"event_name":"MindBloom","floor":37,"gold_loss":0,"cards_obtained":["Normality","Normality"]},{"damage_healed":0,"gold_gain":0,"player_choice":"Forge","damage_taken":0,"max_hp_gain":0,"max_hp_loss":0,"event_name":"Accursed Blacksmith","floor":41,"gold_loss":0,"cards_upgraded":["Chill"]},{"cards_removed":["Normality"],"damage_healed":0,"gold_gain":0,"player_choice":"Card Removal","damage_taken":0,"max_hp_gain":0,"max_hp_loss":0,"event_name":"Wheel of Change","floor":45,"gold_loss":0}],"is_beta":true,"boss_relics":[{"not_picked":["Runic Dome","FrozenCore"],"picked":"Runic Pyramid"},{"not_picked":["Empty Cage","Cursed Key"],"picked":"Nuclear Battery"}],"items_purged_floors":[20,30,38,53],"is_endless":false,"potions_floor_spawned":[1,5,7,10,21,23,29,33,44,48],"killed_by":"Shield and Spear","ascension_level":15}