{"gold_per_floor":[115,1,17,17,36,36,66,66,66,66,66,66,66,100,100,176,176,187,198,55,65,65,65,45,45,96,112,132,163,163,174,174,249,249,263,279,35,50,68,68,0,0,0,30,30,30],"floor_reached":46,"playtime":1296,"items_purged":["Strike_B"],"score":877,"play_id":"f051b5fb-f23c-4932-ab3e-152b90276053","local_time":"20190815201740","is_ascension_mode":true,"campfire_choices":[{"data":"Zap","floor":6,"key":"SMITH"},{"data":"Electrodynamics","floor":8,"key":"SMITH"},{"data":"Doom and Gloom","floor":10,"key":"SMITH"},{"floor":12,"key":"REST"},{"floor":15,"key":"REST"},{"data":"Undo","floor":23,"key":"SMITH"},{"data":"Conserve Battery","floor":25,"key":"SMITH"},{"data":"Static Discharge","floor":30,"key":"SMITH"},{"floor":32,"key":"REST"},{"floor":40,"key":"REST"},{"floor":42,"key":"REST"}],"neow_cost":"NONE","seed_source_timestamp":87460830011997,"circlet_count":0,"master_deck":["AscendersBane","Strike_B","Strike_B","Strike_B","Defend_B","Defend_B","Defend_B","Defend_B","Zap+1","Dualcast","Conserve Battery+1","Doom and Gloom+1","Undo+1","Electrodynamics+1","Compile Driver","Streamline","Echo Form","Ball Lightning+1","Genetic Algorithm","Compile Driver","Static Discharge+1","Cold Snap+1","Reboot","Hologram+1","Chrysalis","Coolheaded","Force Field+1"],"relics":["Cracked Core","Omamori","Bottled Flame","Blue Candle","Dream Catcher","Nuclear Battery","DataDisk","Pen Nib","Molten Egg 2","Snecko Eye","Red Mask","Smiling Mask"],"potions_floor_usage":[5,16,31,33,44],"damage_taken":[{"damage":7,"enemies":"2 Louse","floor":1,"turns":2},{"damage":1,"enemies":"Cultist","floor":3,"turns":3},{"damage":0,"enemies":"Small Slimes","floor":5,"turns":1},{"damage":20,"enemies":"Lagavulin","floor":7,"turns":7},{"damage":21,"enemies":"3 Sentries","floor":14,"turns":4},{"damage":53,"enemies":"Hexaghost","floor":16,"turns":10},{"damage":2,"enemies":"Chosen","floor":18,"turns":4},{"damage":0,"enemies":"3 Byrds","floor":19,"turns":2},{"damage":7,"enemies":"Snecko","floor":21,"turns":4},{"damage":0,"enemies":"Cultist and Chosen","floor":27,"turns":3},{"damage":0,"enemies":"Chosen and Byrds","floor":28,"turns":3},{"damage":0,"enemies":"Gremlin Leader","floor":29,"turns":5},{"damage":6,"enemies":"Shelled Parasite and Fungi","floor":31,"turns":3},{"damage":54,"enemies":"Automaton","floor":33,"turns":9},{"damage":31,"enemies":"3 Darklings","floor":35,"turns":4},{"damage":22,"enemies":"3 Shapes","floor":36,"turns":2},{"damage":0,"enemies":"Spire Growth","floor":38,"turns":7},{"damage":22,"enemies":"Transient","floor":39,"turns":5},{"damage":25,"enemies":"Nemesis","floor":44,"turns":9},{"damage":25,"enemies":"Giant Head","floor":46,"turns":5}],"seed_played":"987291921043497309","potions_obtained":[{"floor":4,"key":"Explosive Potion"},{"floor":4,"key":"FearPotion"},{"floor":7,"key":"Strength Potion"},{"floor":21,"key":"SpeedPotion"},{"floor":24,"key":"AttackPotion"},{"floor":29,"key":"Block Potion"},{"floor":36,"key":"FairyPotion"},{"floor":39,"key":"Weak Potion"},{"floor":44,"key":"Weak Potion"}],"is_trial":false,"path_per_floor":["M","$","M","?","M","R","E","R","T","R","$","R","$","E","R","B",null,"M","M","$","M","?","R","?","R","T","M","M","E","R","M","R","B",null,"M","M","$","M","M","R","?","R","T","E","?","E"],"character_chosen":"DEFECT","items_purchased":["Doom and Gloom","Undo","DataDisk","Chrysalis"],"campfire_rested":5,"item_purchase_floors":[2,2,20,37],"current_hp_per_floor":[57,57,56,56,56,56,36,36,36,36,36,57,57,36,57,4,54,52,52,52,45,45,45,45,45,45,45,45,45,45,39,60,6,55,24,2,2,2,7,28,28,49,49,24,24,0],"gold":30,"neow_bonus":"RANDOM_COMMON_RELIC","is_prod":false,"is_daily":false,"chose_seed":false,"campfire_upgraded":6,"win_rate":0,"timestamp":1565914660,"path_taken":["M","$","M","?","M","R","E","R","T","R","?","R","$","E","R","BOSS","M","M","$","M","?","R","?","R","T","M","?","E","R","M","R","BOSS","M","M","$","M","M","R","?","R","T","E","?","E"],"build_version":"2019-07-17","purchased_purges":1,"victory":false,"max_hp_per_floor":[71,71,71,71,71,71,71,71,71,71,71,71,71,71,71,71,71,71,71,71,71,71,71,71,71,71,71,71,71,71,71,71,71,71,71,71,71,71,71,71,71,71,71,71,71,71],"card_choices":[{"not_picked":["Turbo","Sweeping Beam"],"picked":"Conserve Battery","floor":1},{"not_picked":["Redo","Streamline","Leap"],"picked":"SKIP","floor":3},{"not_picked":["Steam Power","Go for the Eyes"],"picked":"Electrodynamics","floor":5},{"not_picked":["Barrage","Aggregate"],"picked":"Compile Driver","floor":7},{"not_picked":["Conserve Battery","Cold Snap","Rebound"],"picked":"SKIP","floor":14},{"not_picked":["Stack","Rebound"],"picked":"Streamline","floor":15},{"not_picked":["Fission","Meteor Strike"],"picked":"Echo Form","floor":16},{"not_picked":["Auto Shields","Undo"],"picked":"Ball Lightning+1","floor":18},{"not_picked":["Beam Cell","Ball Lightning"],"picked":"Genetic Algorithm","floor":19},{"not_picked":["Ball Lightning","Go for the Eyes","Rebound"],"picked":"SKIP","floor":21},{"not_picked":["Aggregate","Barrage"],"picked":"Compile Driver","floor":27},{"not_picked":["Streamline","Ball Lightning","Beam Cell"],"picked":"SKIP","floor":28},{"not_picked":["Leap","Reprogram"],"picked":"Static Discharge","floor":29},{"not_picked":["Ball Lightning+1","Tempest","Aggregate"],"picked":"SKIP","floor":31},{"not_picked":["Beam Cell+1","Consume"],"picked":"Cold Snap+1","floor":32},{"not_picked":["All For One+1","Thunder Strike+1"],"picked":"Reboot","floor":33},{"not_picked":["Compile Driver+1","Leap"],"picked":"Hologram+1","floor":35},{"not_picked":["Steam","Rebound+1","Ball Lightning+1"],"picked":"SKIP","floor":36},{"not_picked":["Sweeping Beam+1","Blizzard+1","Steam Power"],"picked":"SKIP","floor":38},{"not_picked":["Go for the Eyes+1","Redo"],"picked":"Coolheaded","floor":39},{"not_picked":["Consume","Cold Snap+1"],"picked":"Force Field+1","floor":44}],"player_experience":2687206,"relics_obtained":[{"floor":7,"key":"Bottled Flame"},{"floor":9,"key":"Blue Candle"},{"floor":14,"key":"Dream Catcher"},{"floor":26,"key":"Pen Nib"},{"floor":29,"key":"Molten Egg 2"},{"floor":44,"key":"Smiling Mask"}],"event_choices":[{"damage_healed":0,"gold_gain":0,"player_choice":"Got Potions","damage_taken":0,"max_hp_gain":0,"max_hp_loss":0,"event_name":"Lab","floor":4,"gold_loss":0},{"damage_healed":0,"gold_gain":0,"player_choice":"Ignored","damage_taken":0,"max_hp_gain":0,"max_hp_loss":0,"event_name":"Vampires","floor":22,"gold_loss":0},{"damage_healed":0,"gold_gain":0,"player_choice":"Bought 1 Potion","damage_taken":0,"max_hp_gain":0,"max_hp_loss":0,"event_name":"The Woman in Blue","floor":24,"gold_loss":0},{"damage_healed":0,"gold_gain":0,"player_choice":"Paid","damage_taken":0,"relics_obtained":["Red Mask"],"max_hp_gain":0,"max_hp_loss":0,"event_name":"Tomb of Lord Red Mask","floor":41,"gold_loss":68},{"damage_healed":0,"gold_gain":0,"player_choice":"Ignored","damage_taken":0,"max_hp_gain":0,"max_hp_loss":0,"event_name":"Mysterious Sphere","floor":45,"gold_loss":0}],"is_beta":false,"boss_relics":[{"not_picked":["Runic Dome","Philosopher\u0027s Stone"],"picked":"Nuclear Battery"},{"not_picked":["White Beast Statue","Eternal Feather"],"picked":"Snecko Eye"}],"items_purged_floors":[37],"is_endless":false,"potions_floor_spawned":[7,14,21,27,28,29,36,39,44],"killed_by":"Giant Head","ascension_level":15}