{"gold_per_floor":[113,125,141,15,33,33,65,65,91,122,144,160,188,188,188,188],"floor_reached":16,"playtime":526,"items_purged":["Strike_R"],"score":210,"play_id":"cc411baf-9a02-4b7d-8600-ed475456cbf3","local_time":"20190707232751","is_ascension_mode":true,"campfire_choices":[{"data":"Anger","floor":6,"key":"SMITH"},{"data":"Pommel Strike","floor":8,"key":"SMITH"},{"data":"Armaments","floor":15,"key":"SMITH"}],"neow_cost":"TEN_PERCENT_HP_LOSS","seed_source_timestamp":264618943588974,"circlet_count":0,"master_deck":["AscendersBane","Strike_R","Strike_R","Strike_R","Strike_R","Defend_R","Defend_R","Defend_R","Defend_R","Bash","Anger+1","Rampage","Pommel Strike+1","Inflame","Burning Pact","Armaments+1"],"relics":["Burning Blood","Unceasing Top","Juzu Bracelet","Bag of Marbles","Vajra","Odd Mushroom","Magic Flower"],"potions_floor_usage":[5,10,13],"damage_taken":[{"damage":10,"enemies":"Cultist","floor":1,"turns":4},{"damage":5,"enemies":"Small Slimes","floor":2,"turns":3},{"damage":0,"enemies":"2 Louse","floor":3,"turns":3},{"damage":8,"enemies":"Red Slaver","floor":5,"turns":4},{"damage":30,"enemies":"Lagavulin","floor":7,"turns":6},{"damage":14,"enemies":"Gremlin Nob","floor":10,"turns":4},{"damage":9,"enemies":"The Mushroom Lair","floor":11,"turns":3},{"damage":6,"enemies":"Exordium Thugs","floor":12,"turns":4},{"damage":20,"enemies":"3 Sentries","floor":13,"turns":7},{"damage":18,"enemies":"Hexaghost","floor":16,"turns":8}],"seed_played":"-1202631700136092866","potions_obtained":[{"floor":3,"key":"Energy Potion"},{"floor":5,"key":"Energy Potion"},{"floor":12,"key":"SpeedPotion"}],"is_trial":false,"path_per_floor":["M","M","M","$","M","R","E","R","T","E","?","M","E","?","R","B"],"character_chosen":"IRONCLAD","items_purchased":["AttackPotion"],"campfire_rested":0,"item_purchase_floors":[4],"current_hp_per_floor":[64,65,68,68,66,66,42,42,42,34,31,31,17,17,17,0],"gold":188,"neow_bonus":"ONE_RARE_RELIC","is_prod":false,"is_daily":false,"chose_seed":false,"campfire_upgraded":3,"win_rate":0,"timestamp":1562556471,"path_taken":["M","M","?","$","M","R","E","R","T","E","?","M","E","?","R","BOSS"],"build_version":"2019-07-03","purchased_purges":1,"victory":false,"max_hp_per_floor":[68,68,68,68,68,68,68,68,68,68,68,68,68,68,68,68],"card_choices":[{"not_picked":["Shrug It Off","Body Slam"],"picked":"Anger","floor":1},{"not_picked":["Body Slam","Blood for Blood"],"picked":"Rampage","floor":2},{"not_picked":["Cleave","Heavy Blade","Perfected Strike"],"picked":"SKIP","floor":3},{"not_picked":["Entrench","Clash"],"picked":"Pommel Strike","floor":5},{"not_picked":["Body Slam","Clash","Corruption"],"picked":"SKIP","floor":7},{"not_picked":["Shrug It Off","Dark Embrace"],"picked":"Inflame","floor":10},{"not_picked":["Perfected Strike","Sword Boomerang"],"picked":"Burning Pact","floor":12},{"not_picked":["Havoc","Clothesline"],"picked":"Armaments","floor":13}],"player_experience":2611902,"relics_obtained":[{"floor":7,"key":"Juzu Bracelet"},{"floor":9,"key":"Bag of Marbles"},{"floor":10,"key":"Vajra"},{"floor":11,"key":"Odd Mushroom"},{"floor":13,"key":"Magic Flower"}],"event_choices":[{"damage_healed":0,"gold_gain":0,"player_choice":"Fought Mushrooms","damage_taken":0,"max_hp_gain":0,"max_hp_loss":0,"event_name":"Mushrooms","floor":11,"gold_loss":0},{"damage_healed":0,"gold_gain":0,"player_choice":"Ignored","damage_taken":0,"max_hp_gain":0,"max_hp_loss":0,"event_name":"Golden Idol","floor":14,"gold_loss":0}],"is_beta":true,"boss_relics":[],"items_purged_floors":[4],"is_endless":false,"potions_floor_spawned":[3,5,12],"killed_by":"Hexaghost","ascension_level":15}