{"gold_per_floor":[115,127,127,143,159,159,191,191,268,268,268,144,155,171,171,242,242,232,246,262,273,293,293,327,327,327,361,331,347,447,476,476,552,552,569,582,582,593,607,607,637,281,281,311,311,411,431,230,230,230,230,230,5,36,36],"floor_reached":56,"playtime":3780,"items_purged":["Strike_G"],"score":2102,"play_id":"e347ec70-3041-45ac-b3a2-d137eb57a232","local_time":"20190819210453","is_ascension_mode":true,"campfire_choices":[{"data":"Cloak And Dagger","floor":6.0,"key":"SMITH"},{"data":"Deadly Poison","floor":11,"key":"SMITH"},{"data":"Envenom","floor":15,"key":"SMITH"},{"floor":23,"key":"REST"},{"data":"Well Laid Plans","floor":25,"key":"SMITH"},{"floor":32,"key":"REST"},{"floor":40,"key":"RECALL"},{"floor":45,"key":"REST"},{"data":"Footwork","floor":49,"key":"SMITH"},{"data":"Wraith Form v2","floor":52,"key":"SMITH"}],"neow_cost":"NONE","seed_source_timestamp":433426648512422,"circlet_count":0,"master_deck":["AscendersBane","Defend_G","Defend_G","Defend_G","Defend_G","Defend_G","Survivor","Neutralize+1","Envenom+1","Cloak And Dagger+1","Deadly Poison+1","Wraith Form v2+1","Cloak And Dagger","Well Laid Plans+1","Malaise","Unload+1","Leg Sweep+1","Dagger Throw+1","Dagger Spray+1","Deflect","PiercingWail","Footwork+1","Corpse Explosion","PiercingWail","After Image","Tools of the Trade","Backflip","Wraith Form v2","Dodge and Roll","Infinite Blades","Noxious Fumes"],"special_seed":0,"relics":["Ring of the Snake","WarpedTongs","Gambling Chip","Singing Bowl","Astrolabe","Whetstone","Art of War","Meat on the Bone","Calipers","Sundial","Dream Catcher","Sozu","Juzu Bracelet","DollysMirror","Happy Flower","PreservedInsect","FossilizedHelix","Frozen Eye","Snake Skull","Ginger"],"potions_floor_usage":[27,27,31,55,55],"damage_taken":[{"damage":5.0,"enemies":"2 Louse","floor":1.0,"turns":3.0},{"damage":0.0,"enemies":"Cultist","floor":2.0,"turns":4.0},{"damage":7.0,"enemies":"Jaw Worm","floor":4.0,"turns":4.0},{"damage":1.0,"enemies":"Gremlin Gang","floor":5.0,"turns":4.0},{"damage":13.0,"enemies":"3 Sentries","floor":7.0,"turns":9.0},{"damage":0,"enemies":"2 Fungi Beasts","floor":13,"turns":3},{"damage":3,"enemies":"Exordium Thugs","floor":14,"turns":4},{"damage":3,"enemies":"Hexaghost","floor":16,"turns":9},{"damage":4,"enemies":"2 Thieves","floor":18,"turns":4},{"damage":4,"enemies":"Shell Parasite","floor":19,"turns":6},{"damage":5,"enemies":"Shelled Parasite and Fungi","floor":20,"turns":8},{"damage":4,"enemies":"Cultist and Chosen","floor":21,"turns":10},{"damage":2,"enemies":"Centurion and Healer","floor":22,"turns":7},{"damage":8,"enemies":"Gremlin Leader","floor":24,"turns":9},{"damage":22,"enemies":"Slavers","floor":27,"turns":10},{"damage":21,"enemies":"Shelled Parasite and Fungi","floor":29,"turns":8},{"damage":7,"enemies":"Colosseum Slavers","floor":30,"turns":5},{"damage":34,"enemies":"Colosseum Nobs","floor":30,"turns":7},{"damage":7,"enemies":"Book of Stabbing","floor":31,"turns":9},{"damage":13,"enemies":"Automaton","floor":33,"turns":15},{"damage":5,"enemies":"3 Shapes","floor":35,"turns":7},{"damage":4,"enemies":"3 Darklings","floor":36,"turns":4},{"damage":25,"enemies":"Jaw Worm Horde","floor":38,"turns":5},{"damage":0,"enemies":"Writhing Mass","floor":39,"turns":13},{"damage":0,"enemies":"Nemesis","floor":41,"turns":11},{"damage":6,"enemies":"Reptomancer","floor":44,"turns":9},{"damage":0,"enemies":"Mind Bloom Boss Battle","floor":46,"turns":9},{"damage":0,"enemies":"3 Darklings","floor":47,"turns":7},{"damage":8,"enemies":"Donu and Deca","floor":50,"turns":11},{"damage":3,"enemies":"Shield and Spear","floor":54,"turns":6},{"damage":0,"enemies":"The Heart","floor":55,"turns":14}],"seed_played":"-3922028082754306983","potions_obtained":[{"floor":1.0,"key":"AttackPotion"},{"floor":5.0,"key":"Swift Potion"},{"floor":13,"key":"Explosive Potion"},{"floor":18,"key":"SpeedPotion"},{"floor":22,"key":"SteroidPotion"},{"floor":24,"key":"Regen Potion"},{"floor":28,"key":"Strength Potion"},{"floor":28,"key":"GhostInAJar"},{"floor":33,"key":"Energy Potion"}],"is_trial":false,"path_per_floor":["M","M","?","M","M","R","E","?","T","?","R","$","M","M","R","B",null,"M","M","M","M","M","R","E","R","T","E","?","M","?","E","R","B",null,"M","M","?","M","M","R","E","$","T","E","R","?","M","$","R","B",null,"R","$","E","B",null],"character_chosen":"THE_SILENT","items_purchased":["Cloak And Dagger","DollysMirror","Happy Flower","Frozen Eye","Snake Skull","Noxious Fumes"],"campfire_rested":3,"item_purchase_floors":[12,42,42,48,53,53],"current_hp_per_floor":[54,54,54,47,46,46,33,33,33,33,33,33,33,32,32,29,58,56,52,47,45,45,67,59,59,59,54,54,45,28,33,57,44,70,67,65,65,54,54,54,56,56,56,52,78,78,80,80,80,72,86,86,86,85,85],"gold":36,"neow_bonus":"UPGRADE_CARD","is_prod":false,"is_daily":false,"chose_seed":false,"campfire_upgraded":6,"win_rate":0,"timestamp":1566263093,"path_taken":["M","M","?","?","M","R","E","?","T","?","R","$","M","M","R","BOSS","M","M","M","M","?","R","E","R","T","E","?","?","?","E","R","BOSS","M","M","?","?","M","R","E","$","T","E","R","?","M","$","R","BOSS","R","$","E","BOSS"],"build_version":"2019-07-17","purchased_purges":1,"victory":true,"max_hp_per_floor":[66,66,66,66,66,66,66,66,66,66,66,66,66,68,68,68,68,70,70,70,72,74,74,74,74,74,76,76,76,76,76,78,78,78,80,82,82,84,84,84,86,86,86,88,88,88,90,90,90,90,90,90,90,92,92],"card_choices":[{"not_picked":["Catalyst","Dodge and Roll","Underhanded Strike"],"picked":"SKIP","floor":1.0},{"not_picked":["Quick Slash","Cloak And Dagger"],"picked":"Envenom","floor":2.0},{"not_picked":["Underhanded Strike","Dodge and Roll"],"picked":"Cloak And Dagger","floor":4.0},{"not_picked":["Slice","Blade Dance"],"picked":"Deadly Poison","floor":5.0},{"not_picked":["Grand Finale","Blade Dance","Sucker Punch"],"picked":"SKIP","floor":7.0},{"not_picked":["Tactician","Riddle With Holes"],"picked":"Well Laid Plans","floor":13},{"not_picked":["Sucker Punch","Outmaneuver","All Out Attack"],"picked":"Singing Bowl","floor":14},{"not_picked":["Venomology","Storm of Steel"],"picked":"Malaise","floor":16},{"not_picked":["Cloak And Dagger","Bane","Distraction"],"picked":"Singing Bowl","floor":18},{"not_picked":["Dodge and Roll","Outmaneuver"],"picked":"Dagger Spray","floor":19},{"not_picked":["Predator","Skewer"],"picked":"Deflect","floor":20},{"not_picked":["Backflip","Eviscerate+1","Flechettes"],"picked":"Singing Bowl","floor":21},{"not_picked":["Dagger Throw","Skewer","Dagger Spray"],"picked":"Singing Bowl","floor":22},{"not_picked":["Backflip","Outmaneuver"],"picked":"PiercingWail","floor":24},{"not_picked":["Masterful Stab","Bane","Dagger Spray"],"picked":"Singing Bowl","floor":27},{"not_picked":["Underhanded Strike","Heel Hook"],"picked":"Footwork","floor":29},{"not_picked":["Bane","Well Laid Plans"],"picked":"Corpse Explosion","floor":30},{"not_picked":["Flechettes","Underhanded Strike"],"picked":"PiercingWail","floor":31},{"not_picked":["Outmaneuver","Quick Slash","Underhanded Strike"],"picked":"Singing Bowl","floor":32},{"not_picked":["Phantasmal Killer","Wraith Form v2"],"picked":"After Image","floor":33},{"not_picked":["Deflect","Acrobatics","Tactician"],"picked":"Singing Bowl","floor":35},{"not_picked":["Sucker Punch","Finisher","Skewer"],"picked":"Singing Bowl","floor":36},{"not_picked":["Poisoned Stab","Deflect+1","Blade Dance"],"picked":"Singing Bowl","floor":38},{"not_picked":["Poisoned Stab","Dagger Throw"],"picked":"Backflip","floor":39},{"not_picked":["Well Laid Plans","Accuracy","Sucker Punch"],"picked":"Singing Bowl","floor":41},{"not_picked":["Grand Finale","Distraction","Deadly Poison"],"picked":"Singing Bowl","floor":44},{"not_picked":["Poisoned Stab","Expertise+1"],"picked":"Dodge and Roll","floor":45},{"not_picked":["Concentrate","Caltrops"],"picked":"Infinite Blades","floor":46},{"not_picked":["Backflip","Dagger Throw+1","Unload"],"picked":"Singing Bowl","floor":47},{"not_picked":["Backstab","Prepared","Backflip"],"picked":"Singing Bowl","floor":54}],"player_experience":2707994,"relics_obtained":[{"floor":7.0,"key":"Gambling Chip"},{"floor":9.0,"key":"Singing Bowl"},{"floor":24,"key":"Whetstone"},{"floor":26,"key":"Art of War"},{"floor":27,"key":"Meat on the Bone"},{"floor":30,"key":"Calipers"},{"floor":30,"key":"Sundial"},{"floor":31,"key":"Dream Catcher"},{"floor":41,"key":"Juzu Bracelet"},{"floor":44,"key":"PreservedInsect"},{"floor":46,"key":"FossilizedHelix"},{"floor":54,"key":"Ginger"}],"event_choices":[{"damage_healed":0.0,"max_hp_gain":0.0,"max_hp_loss":0.0,"gold_gain":0.0,"event_name":"Accursed Blacksmith","player_choice":"Rummage","floor":3.0,"gold_loss":0.0,"damage_taken":0.0,"relics_obtained":["WarpedTongs"],"cards_obtained":["Pain"]},{"cards_removed":["Pain"],"damage_healed":0.0,"max_hp_gain":0.0,"max_hp_loss":0.0,"gold_gain":0.0,"event_name":"Living Wall","player_choice":"Forget","floor":8.0,"gold_loss":0.0,"damage_taken":0.0},{"damage_healed":0,"gold_gain":0,"player_choice":"1 cards matched","damage_taken":0,"max_hp_gain":0,"max_hp_loss":0,"event_name":"Match and Keep!","floor":10,"gold_loss":0,"cards_obtained":["Wraith Form v2"]},{"damage_healed":0,"gold_gain":0,"player_choice":"Bought 2 Potions","damage_taken":0,"max_hp_gain":0,"max_hp_loss":0,"event_name":"The Woman in Blue","floor":28,"gold_loss":0},{"damage_healed":0,"gold_gain":0,"player_choice":"Fight","damage_taken":0,"max_hp_gain":0,"max_hp_loss":0,"event_name":"Colosseum","floor":30,"gold_loss":0},{"damage_healed":0,"gold_gain":0,"player_choice":"Fought Nobs","damage_taken":0,"max_hp_gain":0,"max_hp_loss":0,"event_name":"Colosseum","floor":30,"gold_loss":0},{"damage_healed":0,"gold_gain":0,"cards_transformed":["Strike_G"],"player_choice":"Transformed","damage_taken":0,"max_hp_gain":0,"max_hp_loss":0,"event_name":"Transmorgrifier","floor":37,"gold_loss":0,"cards_obtained":["Tools of the Trade"]},{"damage_healed":0,"gold_gain":0,"player_choice":"Fight","damage_taken":0,"max_hp_gain":0,"max_hp_loss":0,"event_name":"MindBloom","floor":46,"gold_loss":0}],"is_beta":false,"boss_relics":[{"not_picked":["Calling Bell","Velvet Choker"],"picked":"Astrolabe"},{"not_picked":["Eternal Feather","Runic Dome"],"picked":"Sozu"}],"items_purged_floors":[12],"is_endless":false,"potions_floor_spawned":[1,5,13,18,22,24,29,30,33,35,38,46],"ascension_level":15}