{"gold_per_floor":[114,127,147,147,147,175,175,201,225,300,300,325,401,419,419,496,496,509,525,543,317,334,334,334,363,390,390,138,173,192,192,192,263,263,274,288,304,304,319,319,345,445,445,445,456,488,488,522,522,522,522,522,61,90,90],"floor_reached":56,"playtime":3228,"items_purged":["Strike_R"],"score":2107,"play_id":"5d99b861-aee8-43d6-9c57-865a4363c346","local_time":"20190714111837","is_ascension_mode":true,"campfire_choices":[{"data":"Anger","floor":7.0,"key":"SMITH"},{"data":"Berserk","floor":11.0,"key":"SMITH"},{"floor":15.0,"key":"REST"},{"data":"Battle Trance","floor":23.0,"key":"SMITH"},{"data":"Feed","floor":27.0,"key":"SMITH"},{"data":"Heavy Blade","floor":32.0,"key":"SMITH"},{"floor":40.0,"key":"RECALL"},{"data":"Disarm","floor":49,"key":"SMITH"},{"data":"hubris:StunningStrike","floor":52,"key":"SMITH"}],"neow_cost":"TEN_PERCENT_HP_LOSS","seed_source_timestamp":318659902807495,"circlet_count":0,"master_deck":["AscendersBane","Strike_R+1","Strike_R+1","Defend_R+1","Defend_R+1","Defend_R+1","Defend_R+1","Bash","Anger+1","Pummel","Clothesline","Berserk+1","Reaper","Feed+1","Burning Pact","Battle Trance+1","Battle Trance","Heavy Blade+1","Shrug It Off","hubris:StunningStrike+1","Uppercut+1","Disarm+1","Rage+1","Shrug It Off","Second Wind","PanicButton","hubris:Insight","Secret Weapon","Demon Form","hubris:DuctTapeCard"],"special_seed":0,"relics":["Burning Blood","Regal Pillow","Lantern","hubris:TenFootPole","Happy Flower","Shuriken","hubris:GrandSneckoEye","Anchor","Enchiridion","Orichalcum","Juzu Bracelet","Omamori","hubris:SlimyHat","Runic Pyramid","hubris:MysteriousPyramids","hubris:GlazedTorus","Strawberry","Mercury Hourglass","Bag of Preparation","Oddly Smooth Stone","hubris:DuctTape"],"potions_floor_usage":[55,55],"damage_taken":[{"damage":11.0,"enemies":"Jaw Worm","floor":1.0,"turns":6.0},{"damage":2.0,"enemies":"2 Louse","floor":2.0,"turns":3.0},{"damage":1.0,"enemies":"Cultist","floor":3.0,"turns":3.0},{"damage":13.0,"enemies":"Gremlin Nob","floor":6.0,"turns":3.0},{"damage":23.0,"enemies":"Lagavulin","floor":8.0,"turns":7.0},{"damage":15.0,"enemies":"3 Sentries","floor":12.0,"turns":6.0},{"damage":12.0,"enemies":"Blue Slaver","floor":14.0,"turns":3.0},{"damage":41.0,"enemies":"Slime Boss","floor":16.0,"turns":9.0},{"damage":19.0,"enemies":"Shell Parasite","floor":18.0,"turns":4.0},{"damage":11.0,"enemies":"Chosen","floor":19.0,"turns":6.0},{"damage":37.0,"enemies":"Snake Plant","floor":20.0,"turns":4.0},{"damage":14.0,"enemies":"3 Cultists","floor":22.0,"turns":4.0},{"damage":1.0,"enemies":"Gremlin Leader","floor":25.0,"turns":5.0},{"damage":11.0,"enemies":"Book of Stabbing","floor":29.0,"turns":5.0},{"damage":2.0,"enemies":"Snecko","floor":30.0,"turns":4.0},{"damage":40.0,"enemies":"Champ","floor":33.0,"turns":7.0},{"damage":2.0,"enemies":"3 Shapes","floor":35.0,"turns":9.0},{"damage":0.0,"enemies":"Orb Walker","floor":36.0,"turns":3.0},{"damage":5.0,"enemies":"Transient","floor":37.0,"turns":5.0},{"damage":6.0,"enemies":"Writhing Mass","floor":39.0,"turns":8.0},{"damage":61.0,"enemies":"Reptomancer","floor":41.0,"turns":8.0},{"damage":0,"enemies":"Mind Bloom Boss Battle","floor":42,"turns":4},{"damage":0,"enemies":"Jaw Worm Horde","floor":45,"turns":3},{"damage":0,"enemies":"Giant Head","floor":46,"turns":7},{"damage":21,"enemies":"Reptomancer","floor":48,"turns":5},{"damage":20,"enemies":"Awakened One","floor":50,"turns":9},{"damage":14,"enemies":"Shield and Spear","floor":54,"turns":6},{"damage":60,"enemies":"The Heart","floor":55,"turns":8}],"seed_played":"2357252411233751686","potions_obtained":[{"floor":2.0,"key":"Dexterity Potion"},{"floor":3.0,"key":"SteroidPotion"},{"floor":6.0,"key":"SkillPotion"},{"floor":8.0,"key":"Explosive Potion"},{"floor":16.0,"key":"GamblersBrew"},{"floor":20.0,"key":"SkillPotion"},{"floor":22.0,"key":"Weak Potion"},{"floor":25.0,"key":"SteroidPotion"},{"floor":33.0,"key":"SteroidPotion"}],"is_trial":false,"path_per_floor":["M","M","M","?","?","E","R","E","T","?","R","E","T","M","R","B",null,"M","M","M","$","M","R","?","E","T","R","$","E","M","?","R","B",null,"M","M","M","?","M","R","E","?","T","?","M","E","?","E","R","B",null,"R","$","E","B",null],"character_chosen":"IRONCLAD","items_purchased":["Anchor","Omamori","SteroidPotion","Heavy Blade","Offering","Bag of Preparation","Oddly Smooth Stone"],"campfire_rested":1,"item_purchase_floors":[21,28,28,28,53,53,53],"current_hp_per_floor":[63,67,68,68,68,61,61,44,44,39,39,30,30,24,59,38,61,55,57,31,31,40,40,31,53,53,53,53,59,76,76,76,59,82,94,101,101,101,105,105,74,94,94,94,117,128,123,123,123,132,132,132,132,136,123],"gold":90,"neow_bonus":"REMOVE_TWO","is_prod":false,"is_daily":false,"chose_seed":false,"campfire_upgraded":7,"win_rate":0,"timestamp":1563117517,"path_taken":["M","M","M","?","?","E","R","E","T","?","R","E","?","?","R","BOSS","M","M","M","$","M","R","?","E","T","R","$","E","M","?","R","BOSS","M","M","M","?","M","R","E","?","T","?","M","E","?","E","R","BOSS","R","$","E","BOSS"],"build_version":"2019-07-05","purchased_purges":1,"victory":true,"max_hp_per_floor":[68,68,68,68,68,68,68,68,68,68,68,68,68,68,68,68,68,68,71,71,71,74,74,74,77,77,77,77,81,85,85,85,89,89,97,101,101,101,105,105,109,113,113,113,117,128,128,128,128,132,132,132,132,136,140],"card_choices":[{"not_picked":["Cleave","Rage"],"picked":"Anger","floor":1.0},{"not_picked":["True Grit","Anger","Iron Wave"],"picked":"SKIP","floor":2.0},{"not_picked":["Sword Boomerang","hubris:ReadiedAction"],"picked":"Pummel","floor":3.0},{"not_picked":["True Grit","Shrug It Off"],"picked":"Clothesline","floor":6.0},{"not_picked":["Wild Strike","hubris:SharpeningStone"],"picked":"Berserk","floor":8.0},{"not_picked":["Heavy Blade","Sword Boomerang","Clothesline"],"picked":"SKIP","floor":12.0},{"not_picked":["Rupture","Disarm"],"picked":"Reaper","floor":14.0},{"not_picked":["Bludgeon","Impervious"],"picked":"Feed","floor":16.0},{"not_picked":["Flex","Havoc"],"picked":"Burning Pact","floor":18.0},{"not_picked":["Combust","Whirlwind"],"picked":"Battle Trance","floor":19.0},{"not_picked":["Sword Boomerang","Rage","Intimidate"],"picked":"SKIP","floor":20.0},{"not_picked":["Blood for Blood","Anger+1","Thunderclap"],"picked":"SKIP","floor":22.0},{"not_picked":["Twin Strike","Sword Boomerang"],"picked":"Battle Trance","floor":25.0},{"not_picked":["Infernal Blade","Intimidate","Iron Wave"],"picked":"SKIP","floor":29.0},{"not_picked":["Berserk","hubris:ReadiedAction"],"picked":"Shrug It Off","floor":30.0},{"not_picked":["Brutality","Double Tap"],"picked":"hubris:StunningStrike","floor":33.0},{"not_picked":["Headbutt","Havoc+1"],"picked":"Uppercut+1","floor":35.0},{"not_picked":["Body Slam","Clothesline","Pommel Strike"],"picked":"SKIP","floor":36.0},{"not_picked":["Clash+1","Brutality"],"picked":"Disarm","floor":37.0},{"not_picked":["Warcry","Twin Strike"],"picked":"Sentinel+1","floor":39.0},{"not_picked":["Ghostly Armor","Dark Embrace"],"picked":"Rage+1","floor":41.0},{"not_picked":["Bloodletting","Anger"],"picked":"Shrug It Off","floor":42},{"not_picked":["Headbutt+1","Clothesline"],"picked":"Second Wind","floor":45},{"not_picked":["Juggernaut","Flex","Armaments"],"picked":"SKIP","floor":46},{"not_picked":["Finesse","Thinking Ahead"],"picked":"PanicButton","floor":47},{"not_picked":["Transmutation","Dramatic Entrance"],"picked":"hubris:Insight","floor":47},{"not_picked":["Trip","Finesse"],"picked":"Secret Weapon","floor":47},{"not_picked":["Sentinel","Feed"],"picked":"Demon Form","floor":48},{"not_picked":["hubris:ReadiedAction","Inflame","Thunderclap"],"picked":"SKIP","floor":54}],"player_experience":2569112,"relics_obtained":[{"floor":6.0,"key":"Regal Pillow"},{"floor":8.0,"key":"Lantern"},{"floor":9.0,"key":"hubris:TenFootPole"},{"floor":12.0,"key":"Happy Flower"},{"floor":13.0,"key":"Shuriken"},{"floor":24.0,"key":"Enchiridion"},{"floor":25.0,"key":"Orichalcum"},{"floor":26.0,"key":"Juzu Bracelet"},{"floor":29.0,"key":"hubris:SlimyHat"},{"floor":41.0,"key":"hubris:MysteriousPyramids"},{"floor":42,"key":"hubris:GlazedTorus"},{"floor":46,"key":"Strawberry"},{"floor":48,"key":"Mercury Hourglass"},{"floor":54,"key":"hubris:DuctTape"}],"event_choices":[{"damage_healed":0.0,"max_hp_gain":0.0,"max_hp_loss":0.0,"gold_gain":0.0,"event_name":"Liars Game","player_choice":"Ignored","floor":4.0,"gold_loss":0.0,"damage_taken":0.0},{"damage_healed":0.0,"max_hp_gain":0.0,"max_hp_loss":0.0,"gold_gain":0.0,"event_name":"Golden Idol","player_choice":"Ignored","floor":5.0,"gold_loss":0.0,"damage_taken":0.0},{"damage_healed":0.0,"max_hp_gain":0.0,"max_hp_loss":0.0,"gold_gain":75.0,"event_name":"World of Goop","player_choice":"Gather Gold","floor":10.0,"gold_loss":0.0,"damage_taken":11.0},{"damage_healed":0.0,"max_hp_gain":0.0,"max_hp_loss":0.0,"gold_gain":0.0,"event_name":"Cursed Tome","player_choice":"Obtained Book","floor":24.0,"gold_loss":0.0,"damage_taken":21.0},{"damage_healed":0.0,"max_hp_gain":0.0,"max_hp_loss":0.0,"gold_gain":0.0,"event_name":"Back to Basics","player_choice":"Simplicity","floor":31.0,"gold_loss":0.0,"damage_taken":0.0,"cards_upgraded":["Strike_R","Strike_R","Defend_R","Defend_R","Defend_R","Defend_R"]},{"damage_healed":0.0,"max_hp_gain":0.0,"max_hp_loss":0.0,"gold_gain":0.0,"event_name":"Lab","player_choice":"Got Potions","floor":38.0,"gold_loss":0.0,"damage_taken":0.0},{"damage_healed":0,"gold_gain":0,"player_choice":"Fight","damage_taken":0,"max_hp_gain":0,"max_hp_loss":0,"event_name":"MindBloom","floor":42,"gold_loss":0},{"damage_healed":0,"gold_gain":0,"player_choice":"Ignored","damage_taken":0,"max_hp_gain":0,"max_hp_loss":0,"event_name":"Tomb of Lord Red Mask","floor":44,"gold_loss":0},{"damage_healed":0,"gold_gain":0,"player_choice":"Memory 3","damage_taken":10,"max_hp_gain":0,"max_hp_loss":0,"event_name":"SensoryStone","floor":47,"gold_loss":0}],"is_beta":false,"boss_relics":[{"not_picked":["Mark of Pain","hubris:Backtick"],"picked":"hubris:GrandSneckoEye"},{"not_picked":["Tiny House","Velvet Choker"],"picked":"Runic Pyramid"}],"items_purged_floors":[21],"is_endless":false,"potions_floor_spawned":[2,3,6,8,16,20,22,25,33,36,37,42,45,54],"ascension_level":15}