{"gold_per_floor":[118,129,62,75,89,120,120,148,148,148,148,178,211,286,286,286],"floor_reached":16,"playtime":450,"items_purged":[],"score":207,"play_id":"aa4bb0e5-da73-4c33-87a3-ff71c64931f9","local_time":"20190711212220","is_ascension_mode":true,"campfire_choices":[{"data":"Inflame","floor":7,"key":"SMITH"},{"floor":10,"key":"REST"},{"floor":15,"key":"REST"}],"neow_cost":"NONE","seed_source_timestamp":98472000643304,"circlet_count":0,"master_deck":["AscendersBane","Strike_R","Strike_R","Strike_R","Strike_R","Strike_R","Defend_R","Defend_R","Defend_R","Defend_R","Bash","Cleave","True Grit","Inflame+1","Clothesline","Berserk","Carnage","Battle Trance"],"relics":["Burning Blood","Strawberry","Blood Vial","Bronze Scales","Golden Idol","Odd Mushroom","Shuriken"],"potions_floor_usage":[6,8,12],"damage_taken":[{"damage":8,"enemies":"Jaw Worm","floor":1,"turns":4},{"damage":10,"enemies":"Small Slimes","floor":2,"turns":4},{"damage":7,"enemies":"2 Louse","floor":4,"turns":4},{"damage":9,"enemies":"2 Fungi Beasts","floor":5,"turns":4},{"damage":24,"enemies":"Lagavulin","floor":6,"turns":7},{"damage":43,"enemies":"3 Sentries","floor":8,"turns":12},{"damage":9,"enemies":"The Mushroom Lair","floor":12,"turns":4},{"damage":29,"enemies":"Gremlin Nob","floor":13,"turns":4},{"damage":39,"enemies":"The Guardian","floor":16,"turns":5}],"seed_played":"-7187133866626351146","potions_obtained":[{"floor":1,"key":"SkillPotion"},{"floor":5,"key":"Ancient Potion"},{"floor":6,"key":"SkillPotion"},{"floor":8,"key":"SkillPotion"}],"is_trial":false,"path_per_floor":["M","M","$","M","M","E","R","E","T","R","?","?","E","?","R","B"],"character_chosen":"IRONCLAD","items_purchased":["Inflame"],"campfire_rested":2,"item_purchase_floors":[3],"current_hp_per_floor":[73,69,69,68,65,54,54,17,17,43,43,42,21,10,34,0],"gold":286,"neow_bonus":"TEN_PERCENT_HP_BONUS","is_prod":false,"is_daily":false,"chose_seed":false,"campfire_upgraded":1,"win_rate":0,"timestamp":1562894540,"path_taken":["M","M","$","M","M","E","R","E","T","R","?","?","E","?","R","BOSS"],"build_version":"2019-07-10","purchased_purges":0,"victory":false,"max_hp_per_floor":[82,82,82,82,82,89,89,89,89,89,81,81,81,81,81,81],"card_choices":[{"not_picked":["Reckless Charge","Heavy Blade"],"picked":"Cleave","floor":1},{"not_picked":["Second Wind","Perfected Strike"],"picked":"True Grit","floor":2},{"not_picked":["Clash","Havoc","Rupture"],"picked":"SKIP","floor":4},{"not_picked":["Reckless Charge","Perfected Strike"],"picked":"Clothesline","floor":5},{"not_picked":["Flex","Searing Blow"],"picked":"Berserk","floor":6},{"not_picked":["Wild Strike","Armaments"],"picked":"Carnage","floor":8},{"not_picked":["Thunderclap","Armaments"],"picked":"Battle Trance","floor":12},{"not_picked":["Iron Wave","Wild Strike","Exhume"],"picked":"SKIP","floor":13}],"player_experience":2630185,"relics_obtained":[{"floor":6,"key":"Strawberry"},{"floor":8,"key":"Blood Vial"},{"floor":9,"key":"Bronze Scales"},{"floor":12,"key":"Odd Mushroom"},{"floor":13,"key":"Shuriken"}],"event_choices":[{"damage_healed":0,"gold_gain":0,"player_choice":"Lose Max HP","damage_taken":0,"relics_obtained":["Golden Idol"],"max_hp_gain":0,"max_hp_loss":8,"event_name":"Golden Idol","floor":11,"gold_loss":0},{"damage_healed":0,"gold_gain":0,"player_choice":"Fought Mushrooms","damage_taken":0,"max_hp_gain":0,"max_hp_loss":0,"event_name":"Mushrooms","floor":12,"gold_loss":0},{"damage_healed":0,"gold_gain":75,"player_choice":"Gather Gold","damage_taken":11,"max_hp_gain":0,"max_hp_loss":0,"event_name":"World of Goop","floor":14,"gold_loss":0}],"is_beta":true,"boss_relics":[],"items_purged_floors":[],"is_endless":false,"potions_floor_spawned":[1,5,6,8],"killed_by":"The Guardian","ascension_level":15}