{"gold_per_floor":[116,291,301,4,20,47,47,79,102,122,122,160,160,128,128,254,254,279,21,21,30,54,54,54,54,99,142,142,166,166,187,187,307,307,321,654,672,1671,802,802,176,193,238,238,249,349,360,377,377,377],"floor_reached":50,"playtime":4839,"items_purged":["Doubt","Pain","Survivor"],"score":580,"play_id":"6aee6d1f-9c78-46bb-9495-ad97e6f5bafa","local_time":"20190820003504","is_ascension_mode":false,"campfire_choices":[{"floor":7,"key":"REST"},{"floor":15,"key":"REST"},{"floor":23,"key":"REST"},{"floor":24,"key":"REST"},{"floor":28,"key":"REST"},{"floor":32,"key":"REST"},{"floor":40,"key":"REST"},{"floor":44,"key":"REST"},{"floor":49,"key":"REST"}],"neow_cost":"NONE","seed_source_timestamp":157235551223400,"circlet_count":0,"master_deck":["Strike_G+1","Strike_G+1","Strike_G+1","Strike_G+1","Defend_G+1","Defend_G+1","Defend_G+1","Defend_G+1","Defend_G+1","Neutralize","Bane","Dodge and Roll","Mayhem","Quick Slash","Acrobatics","Noxious Fumes","Infinite Blades","Quick Slash","Phantasmal Killer","Dodge and Roll+1","Well Laid Plans","Bane","Poisoned Stab","Poisoned Stab","Burst","Deflect+1","Footwork","Violence","Enlightenment","Well Laid Plans","Dodge and Roll","Quick Slash","Poisoned Stab+1","Backflip+1","Poisoned Stab","Outmaneuver+1"],"relics":["Ring of the Snake","Snake Skull","Lantern","PreservedInsect","WingedGreaves","Philosopher\u0027s Stone","Mummified Hand","WarpedTongs","Anchor","Omamori","Black Star","Juzu Bracelet","Centennial Puzzle","Bag of Marbles","Oddly Smooth Stone","Strange Spoon","Happy Flower"],"potions_floor_usage":[6,8,12,33,37,37,37,42,50,50,50],"damage_taken":[{"damage":0,"enemies":"2 Louse","floor":1,"turns":3},{"damage":0,"enemies":"Small Slimes","floor":3,"turns":5},{"damage":0,"enemies":"Cultist","floor":5,"turns":4},{"damage":29,"enemies":"Lagavulin","floor":6,"turns":12},{"damage":20,"enemies":"3 Sentries","floor":8,"turns":6},{"damage":2,"enemies":"Exordium Thugs","floor":10,"turns":5},{"damage":8,"enemies":"Gremlin Nob","floor":12,"turns":4},{"damage":41,"enemies":"Hexaghost","floor":16,"turns":15},{"damage":26,"enemies":"Spheric Guardian","floor":18,"turns":6},{"damage":6,"enemies":"2 Thieves","floor":21,"turns":5},{"damage":12,"enemies":"3 Cultists","floor":22,"turns":6},{"damage":42,"enemies":"Gremlin Leader","floor":27,"turns":6},{"damage":9,"enemies":"Snake Plant","floor":29,"turns":3},{"damage":33,"enemies":"Sentry and Sphere","floor":31,"turns":6},{"damage":1,"enemies":"Champ","floor":33,"turns":10},{"damage":63,"enemies":"3 Shapes","floor":35,"turns":4},{"damage":5,"enemies":"Orb Walker","floor":37,"turns":3},{"damage":0,"enemies":"Transient","floor":42,"turns":5},{"damage":3,"enemies":"3 Darklings","floor":45,"turns":4},{"damage":3,"enemies":"Spire Growth","floor":47,"turns":5},{"damage":0,"enemies":"Writhing Mass","floor":48,"turns":5},{"damage":64,"enemies":"Awakened One","floor":50,"turns":4}],"seed_played":"-3018430509127651613","potions_obtained":[{"floor":5,"key":"SteroidPotion"},{"floor":6,"key":"Fire Potion"},{"floor":8,"key":"Block Potion"},{"floor":27,"key":"SpeedPotion"},{"floor":31,"key":"Block Potion"},{"floor":33,"key":"Explosive Potion"},{"floor":35,"key":"FearPotion"},{"floor":42,"key":"PowerPotion"},{"floor":45,"key":"Strength Potion"},{"floor":48,"key":"Explosive Potion"}],"is_trial":false,"path_per_floor":["M","?","M","$","M","E","R","E","T","M","?","E","?","?","R","B",null,"M","$","?","M","M","R","R","?","T","E","R","M","?","M","R","B",null,"M","?","M","?","$","R","$","M","T","R","M","?","M","M","R","B"],"character_chosen":"THE_SILENT","items_purchased":["Mayhem","Quick Slash","Mummified Hand","Juzu Bracelet","Centennial Puzzle","Block Potion","Violence","Enlightenment","Well Laid Plans","Dodge and Roll","Quick Slash","Bag of Marbles","Oddly Smooth Stone","Strange Spoon"],"campfire_rested":9,"item_purchase_floors":[4,4,19,39,39,39,39,39,39,39,39,41,41,41],"current_hp_per_floor":[70,70,70,70,70,41,62,42,42,40,40,32,25,25,46,5,70,44,44,44,38,26,47,68,68,68,26,47,38,38,5,26,25,70,7,7,2,2,2,23,23,23,23,44,41,41,38,38,59,0],"gold":377,"neow_bonus":"REMOVE_CARD","is_prod":false,"is_daily":false,"chose_seed":false,"campfire_upgraded":0,"win_rate":0.0,"timestamp":1566257704,"path_taken":["M","?","M","$","M","E","R","E","T","M","?","E","?","?","R","BOSS","M","$","?","?","M","R","R","?","T","E","R","?","?","M","R","BOSS","M","?","M","?","$","R","?","M","T","R","M","?","M","M","R","BOSS"],"build_version":"2019-07-17","purchased_purges":3,"victory":false,"max_hp_per_floor":[70,70,70,70,70,70,70,70,70,70,70,70,70,70,70,70,70,70,70,70,70,70,70,70,70,70,70,70,70,70,70,70,70,70,70,70,70,70,70,70,70,70,70,70,70,70,70,70,70,70],"card_choices":[{"not_picked":["Dagger Spray","Tactician"],"picked":"Bane","floor":1},{"not_picked":["Backstab","Leg Sweep"],"picked":"Dodge and Roll","floor":3},{"not_picked":["Predator","Quick Slash"],"picked":"Acrobatics","floor":5},{"not_picked":["PiercingWail","Bouncing Flask"],"picked":"Noxious Fumes","floor":6},{"not_picked":["All Out Attack","Doppelganger"],"picked":"Infinite Blades","floor":8},{"not_picked":["Expertise","Caltrops","Noxious Fumes"],"picked":"SKIP","floor":10},{"not_picked":["Predator","Underhanded Strike"],"picked":"Quick Slash","floor":12},{"not_picked":["Bullet Time","Die Die Die"],"picked":"Phantasmal Killer","floor":16},{"not_picked":["Outmaneuver","Blade Dance"],"picked":"Dodge and Roll+1","floor":18},{"not_picked":["Acrobatics","Deadly Poison"],"picked":"Well Laid Plans","floor":21},{"not_picked":["Blade Dance","Slice"],"picked":"Bane","floor":22},{"not_picked":["Eviscerate","Deadly Poison"],"picked":"Poisoned Stab","floor":27},{"not_picked":["Quick Slash","Acrobatics"],"picked":"Poisoned Stab","floor":29},{"not_picked":["Expertise","Deadly Poison","Calculated Gamble"],"picked":"SKIP","floor":31},{"not_picked":["Glass Knife","Corpse Explosion"],"picked":"Burst","floor":33},{"not_picked":["Dodge and Roll","Poisoned Stab+1"],"picked":"Deflect+1","floor":35},{"not_picked":["Deadly Poison","PiercingWail"],"picked":"Footwork","floor":37},{"not_picked":["Deadly Poison","Flying Knee+1"],"picked":"Poisoned Stab+1","floor":42},{"not_picked":["Venomology","Sucker Punch"],"picked":"Backflip+1","floor":45},{"not_picked":["Crippling Poison+1","Riddle With Holes+1"],"picked":"Poisoned Stab","floor":47},{"not_picked":["Deadly Poison","Flechettes"],"picked":"Outmaneuver+1","floor":48}],"player_experience":31360,"relics_obtained":[{"floor":6,"key":"Snake Skull"},{"floor":8,"key":"Lantern"},{"floor":9,"key":"PreservedInsect"},{"floor":12,"key":"WingedGreaves"},{"floor":26,"key":"Anchor"},{"floor":27,"key":"Omamori"},{"floor":43,"key":"Happy Flower"}],"event_choices":[{"damage_healed":0,"gold_gain":175,"player_choice":"AGREE","damage_taken":0,"max_hp_gain":0,"max_hp_loss":0,"event_name":"Liars Game","floor":2,"gold_loss":0,"cards_obtained":["Doubt"]},{"damage_healed":0,"gold_gain":0,"player_choice":"Take Wound","damage_taken":0,"relics_obtained":["Golden Idol"],"max_hp_gain":0,"max_hp_loss":0,"event_name":"Golden Idol","floor":11,"gold_loss":0,"cards_obtained":["Injury"]},{"cards_removed":["Injury"],"damage_healed":0,"gold_gain":0,"player_choice":"Card Removal","damage_taken":7,"max_hp_gain":0,"max_hp_loss":0,"event_name":"Golden Wing","floor":13,"gold_loss":0},{"damage_healed":0,"gold_gain":0,"player_choice":"Left Gold","damage_taken":0,"max_hp_gain":0,"max_hp_loss":0,"event_name":"World of Goop","floor":14,"gold_loss":32},{"damage_healed":0,"gold_gain":0,"player_choice":"Ignored","damage_taken":0,"max_hp_gain":0,"max_hp_loss":0,"event_name":"NoteForYourself","floor":20,"gold_loss":0},{"damage_healed":0,"gold_gain":0,"player_choice":"Rummage","damage_taken":0,"relics_obtained":["WarpedTongs"],"max_hp_gain":0,"max_hp_loss":0,"event_name":"Accursed Blacksmith","floor":25,"gold_loss":0,"cards_obtained":["Pain"]},{"damage_healed":0,"gold_gain":0,"player_choice":"Simplicity","damage_taken":0,"max_hp_gain":0,"max_hp_loss":0,"event_name":"Back to Basics","floor":30,"gold_loss":0,"cards_upgraded":["Strike_G","Strike_G","Strike_G","Strike_G","Defend_G","Defend_G","Defend_G","Defend_G","Defend_G"]},{"damage_healed":0,"gold_gain":333,"player_choice":"Gave Idol","damage_taken":0,"max_hp_gain":0,"max_hp_loss":0,"event_name":"The Moai Head","floor":36,"relics_lost":["Golden Idol"],"gold_loss":0},{"damage_healed":0,"gold_gain":999,"player_choice":"Gold","damage_taken":0,"max_hp_gain":0,"max_hp_loss":0,"event_name":"MindBloom","floor":38,"gold_loss":0,"cards_obtained":["Normality","Normality"]},{"damage_healed":0,"gold_gain":100,"player_choice":"Pray","damage_taken":0,"max_hp_gain":0,"max_hp_loss":0,"event_name":"Golden Shrine","floor":46,"gold_loss":0}],"is_beta":false,"boss_relics":[{"not_picked":["Velvet Choker","Calling Bell"],"picked":"Philosopher\u0027s Stone"},{"not_picked":["Runic Dome","Cursed Key"],"picked":"Black Star"}],"items_purged_floors":[4,39,41],"is_endless":false,"potions_floor_spawned":[5,6,8,27,31,33,35,42,45,48],"killed_by":"Awakened One","ascension_level":0}