{"gold_per_floor":[113,113,40,58,58,58,58,75,75,75,90,90,103,28,28,124,124,134,144,66,83,100,100,112,130,130,146,146,146,106,141,141,237,237,250,269,269,280,330,330,330,350,350,364,391,391,405,420,420,420],"floor_reached":50,"playtime":4720,"items_purged":["Pain"],"score":538,"play_id":"d6a4a327-4aeb-4e3a-a660-a2d2621dcc2c","local_time":"20190825025512","is_ascension_mode":false,"campfire_choices":[{"data":"Defend_R","floor":6,"key":"SMITH"},{"data":"Corruption","floor":10,"key":"SMITH"},{"data":"Dual Wield","floor":12,"key":"SMITH"},{"floor":15,"key":"REST"},{"floor":23,"key":"REST"},{"floor":28,"key":"REST"},{"floor":32,"key":"REST"},{"floor":40,"key":"REST"},{"floor":46,"key":"REST"},{"floor":49,"key":"REST"}],"neow_cost":"NONE","seed_source_timestamp":309650131661400,"circlet_count":0,"master_deck":["Strike_R","Strike_R","Strike_R+1","Strike_R","Strike_R","Defend_R","Defend_R","Defend_R","Defend_R+1","Bash","Twin Strike+1","Infernal Blade+1","Perfected Strike","Corruption+1","Dual Wield+1","Shrug It Off","Feed","Ghostly Armor+1","Warcry","Second Wind","Shrug It Off+1","Corruption+1","Ghostly Armor+1","Iron Wave+1","Feel No Pain+1","Entrench","Feel No Pain","Shrug It Off","Barricade","Seeing Red+1","Flame Barrier+1","Parasite","Burning Pact+1","Intimidate+1","Shrug It Off+1","Seeing Red+1","Flame Barrier+1"],"relics":["Burning Blood","WarpedTongs","Paper Frog","Sozu","Orichalcum","Red Mask","Fusion Hammer","Potion Belt","Frozen Egg 2","Blood Vial"],"potions_floor_usage":[33,42],"damage_taken":[{"damage":10,"enemies":"Jaw Worm","floor":1,"turns":6},{"damage":1,"enemies":"Cultist","floor":4,"turns":3},{"damage":2,"enemies":"2 Louse","floor":8,"turns":2},{"damage":9,"enemies":"Lots of Slimes","floor":11,"turns":4},{"damage":17,"enemies":"Exordium Thugs","floor":13,"turns":4},{"damage":65,"enemies":"The Guardian","floor":16,"turns":9},{"damage":0,"enemies":"Chosen","floor":18,"turns":3},{"damage":14,"enemies":"3 Byrds","floor":19,"turns":5},{"damage":18,"enemies":"Centurion and Healer","floor":21,"turns":7},{"damage":9,"enemies":"Snecko","floor":22,"turns":4},{"damage":19,"enemies":"Chosen and Byrds","floor":24,"turns":6},{"damage":32,"enemies":"Snake Plant","floor":25,"turns":4},{"damage":5,"enemies":"Snecko","floor":27,"turns":4},{"damage":32,"enemies":"Masked Bandits","floor":31,"turns":8},{"damage":74,"enemies":"Collector","floor":33,"turns":14},{"damage":14,"enemies":"Orb Walker","floor":35,"turns":7},{"damage":30,"enemies":"3 Shapes","floor":36,"turns":7},{"damage":0,"enemies":"Writhing Mass","floor":38,"turns":10},{"damage":42,"enemies":"3 Darklings","floor":42,"turns":6},{"damage":35,"enemies":"Spire Growth","floor":44,"turns":6},{"damage":20,"enemies":"4 Shapes","floor":47,"turns":10},{"damage":36,"enemies":"Writhing Mass","floor":48,"turns":8},{"damage":55,"enemies":"Awakened One","floor":50,"turns":9}],"seed_played":"-8407242531040919046","potions_obtained":[{"floor":1,"key":"Explosive Potion"},{"floor":13,"key":"EssenceOfSteel"}],"is_trial":false,"path_per_floor":["M","?","$","M","?","R","?","M","T","R","M","R","M","$","R","B",null,"M","M","$","M","M","R","M","M","T","M","R","?","$","?","R","B",null,"M","M","?","M","T","R","?","M","T","M","T","R","M","M","R","B"],"character_chosen":"IRONCLAD","items_purchased":["Infernal Blade","Second Wind","Feel No Pain"],"campfire_rested":7,"item_purchase_floors":[3,20,30],"current_hp_per_floor":[84,84,84,88,70,70,70,74,74,74,71,71,60,60,86,27,88,88,84,84,72,69,92,79,56,56,57,85,85,85,62,91,23,98,90,66,66,72,72,98,98,62,62,33,33,62,50,22,51,0],"gold":420,"neow_bonus":"TEN_PERCENT_HP_BONUS","is_prod":false,"is_daily":false,"chose_seed":false,"campfire_upgraded":3,"win_rate":0.0,"timestamp":1566698112,"path_taken":["M","?","$","?","?","R","?","?","T","R","M","R","M","?","R","BOSS","M","M","$","M","M","R","M","M","T","?","R","?","$","?","R","BOSS","M","M","?","?","?","R","?","M","T","?","?","R","M","M","R","BOSS"],"build_version":"2019-07-17","purchased_purges":1,"victory":false,"max_hp_per_floor":[88,88,88,88,88,88,88,88,88,88,88,88,88,88,88,88,88,88,92,92,92,92,92,92,95,95,95,95,95,95,98,98,98,98,98,98,98,98,98,98,98,98,98,98,98,98,98,98,98,98],"card_choices":[{"not_picked":["Fire Breathing","Anger"],"picked":"Twin Strike","floor":1},{"not_picked":["Headbutt","Sever Soul"],"picked":"Perfected Strike","floor":4},{"not_picked":["Pommel Strike","Body Slam"],"picked":"Corruption","floor":8},{"not_picked":["Dropkick","Blood for Blood"],"picked":"Dual Wield","floor":11},{"not_picked":["Headbutt","Sword Boomerang"],"picked":"Shrug It Off","floor":13},{"not_picked":["Dark Embrace","Impervious"],"picked":"Feed","floor":16},{"not_picked":["Iron Wave","Clothesline"],"picked":"Ghostly Armor+1","floor":18},{"not_picked":["Dropkick","Iron Wave"],"picked":"Warcry","floor":19},{"not_picked":["Iron Wave","Metallicize"],"picked":"Shrug It Off+1","floor":21},{"not_picked":["Flex","Rage"],"picked":"Corruption","floor":22},{"not_picked":["Iron Wave","Cleave"],"picked":"Ghostly Armor+1","floor":24},{"not_picked":["Clothesline","Sword Boomerang"],"picked":"Iron Wave+1","floor":25},{"not_picked":["Armaments+1","Offering"],"picked":"Feel No Pain+1","floor":27},{"not_picked":["Rage","Pummel"],"picked":"Shrug It Off","floor":31},{"not_picked":["Feed","Juggernaut"],"picked":"Barricade","floor":33},{"not_picked":["True Grit+1","Cleave+1"],"picked":"Seeing Red+1","floor":35},{"not_picked":["True Grit","Sword Boomerang"],"picked":"Flame Barrier+1","floor":36},{"not_picked":["Warcry","Clothesline"],"picked":"Burning Pact+1","floor":38},{"not_picked":["Rampage+1","Clash"],"picked":"Intimidate+1","floor":42},{"not_picked":["Dropkick","Armaments"],"picked":"Shrug It Off+1","floor":44},{"not_picked":["Burning Pact","Pommel Strike+1"],"picked":"Seeing Red+1","floor":47},{"not_picked":["Seeing Red","Twin Strike"],"picked":"Flame Barrier+1","floor":48}],"player_experience":9355,"relics_obtained":[{"floor":9,"key":"Paper Frog"},{"floor":26,"key":"Orichalcum"},{"floor":31,"key":"Red Mask"},{"floor":39,"key":"Potion Belt"},{"floor":43,"key":"Frozen Egg 2"},{"floor":45,"key":"Blood Vial"}],"event_choices":[{"damage_healed":0,"gold_gain":0,"player_choice":"Upgraded","damage_taken":0,"max_hp_gain":0,"max_hp_loss":0,"event_name":"Upgrade Shrine","floor":2,"gold_loss":0,"cards_upgraded":["Twin Strike"]},{"damage_healed":0,"gold_gain":0,"player_choice":"Entered Light","damage_taken":18,"max_hp_gain":0,"max_hp_loss":0,"event_name":"Shining Light","floor":5,"gold_loss":0,"cards_upgraded":["Strike_R","Infernal Blade"]},{"damage_healed":0,"gold_gain":0,"player_choice":"Rummage","damage_taken":0,"relics_obtained":["WarpedTongs"],"max_hp_gain":0,"max_hp_loss":0,"event_name":"Accursed Blacksmith","floor":7,"gold_loss":0,"cards_obtained":["Pain"]},{"damage_healed":0,"gold_gain":0,"player_choice":"Read","damage_taken":0,"max_hp_gain":0,"max_hp_loss":0,"event_name":"The Library","floor":29,"gold_loss":0,"cards_obtained":["Entrench"]},{"damage_healed":0,"gold_gain":0,"player_choice":"Fought Bandits","damage_taken":0,"max_hp_gain":0,"max_hp_loss":0,"event_name":"Masked Bandits","floor":31,"gold_loss":0},{"damage_healed":0,"gold_gain":0,"player_choice":"Upgraded","damage_taken":0,"max_hp_gain":0,"max_hp_loss":0,"event_name":"Upgrade Shrine","floor":37,"gold_loss":0,"cards_upgraded":["Corruption"]},{"damage_healed":0,"gold_gain":0,"player_choice":"Leave","damage_taken":0,"max_hp_gain":0,"max_hp_loss":0,"event_name":"FaceTrader","floor":41,"gold_loss":0}],"is_beta":false,"boss_relics":[{"not_picked":["Ectoplasm","Black Star"],"picked":"Sozu"},{"not_picked":["Orrery","White Beast Statue"],"picked":"Fusion Hammer"}],"items_purged_floors":[14],"is_endless":false,"potions_floor_spawned":[1,13,19,25,31,33,36,42,48],"killed_by":"Awakened One","ascension_level":0}