{"gold_per_floor":[118,129,143,143,143,169,169,13,13,13,44,58,58,86,86,157,157,171,171,171,154,170,170,195,195,248,267,267,297,297,310,310,384,384,394,442,542,542,552,583,583,616,616,632,651,327,342,367,367,367],"floor_reached":50,"playtime":3825,"items_purged":["hubris:Ukulele+1"],"score":1360,"play_id":"bf421eb4-0cc1-4da7-9da4-e62028495337","local_time":"20190715000225","is_ascension_mode":true,"campfire_choices":[{"floor":7,"key":"REST"},{"floor":10,"key":"REST"},{"floor":15,"key":"REST"},{"data":"Blizzard","floor":23,"key":"SMITH"},{"data":"Coolheaded","floor":25,"key":"SMITH"},{"data":"Hologram","floor":32,"key":"SMITH"},{"floor":41,"key":"REST"},{"floor":49,"key":"RECALL"}],"neow_cost":"NONE","seed_source_timestamp":363920037771094,"circlet_count":0,"master_deck":["AscendersBane","Strike_B+1","Strike_B+1","Defend_B+1","Defend_B+1","Defend_B+1","Defend_B+1","Zap+1","Undo","Cold Snap","Hologram+1","All For One","Hologram","Coolheaded+1","Conserve Battery","Hologram","Machine Learning","Glacier+1","Hologram+1","Blizzard+1","Hologram+1","Cold Snap","Rainbow","Heatsinks+1","Tempest+1","Hologram+1","Hologram+1","Recycle","Coolheaded","Compile Driver","Compile Driver","Cold Snap+1"],"relics":["Cracked Core","Art of War","Unceasing Top","Kunai","hubris:ToyBattleship","Snecko Eye","Bronze Scales","Smiling Mask","hubris:SoftwareUpdate","Astrolabe","Incense Burner","Bird Faced Urn","Pen Nib","Lantern","Cables","Pear","Strawberry"],"potions_floor_usage":[6,16,36,40,50],"damage_taken":[{"damage":3,"enemies":"2 Louse","floor":1,"turns":2},{"damage":1,"enemies":"Small Slimes","floor":2,"turns":4},{"damage":4,"enemies":"Cultist","floor":3,"turns":4},{"damage":20,"enemies":"3 Sentries","floor":6,"turns":10},{"damage":15,"enemies":"Lagavulin","floor":11,"turns":8},{"damage":0,"enemies":"2 Fungi Beasts","floor":12,"turns":4},{"damage":25,"enemies":"Gremlin Nob","floor":14,"turns":4},{"damage":17,"enemies":"Slime Boss","floor":16,"turns":8},{"damage":0,"enemies":"Chosen","floor":18,"turns":5},{"damage":0,"enemies":"2 Thieves","floor":21,"turns":4},{"damage":0,"enemies":"Sentry and Sphere","floor":22,"turns":3},{"damage":0,"enemies":"Slavers","floor":24,"turns":6},{"damage":0,"enemies":"Snecko","floor":27,"turns":3},{"damage":0,"enemies":"Book of Stabbing","floor":29,"turns":5},{"damage":0,"enemies":"Shelled Parasite and Fungi","floor":31,"turns":5},{"damage":0,"enemies":"Champ","floor":33,"turns":15},{"damage":0,"enemies":"Orb Walker","floor":35,"turns":3},{"damage":27,"enemies":"2 Orb Walkers","floor":36,"turns":3},{"damage":0,"enemies":"Mind Bloom Boss Battle","floor":37,"turns":4},{"damage":0,"enemies":"3 Darklings","floor":39,"turns":5},{"damage":44,"enemies":"Reptomancer","floor":40,"turns":11},{"damage":5,"enemies":"Nemesis","floor":42,"turns":3},{"damage":0,"enemies":"Maw","floor":44,"turns":5},{"damage":0,"enemies":"Spire Growth","floor":45,"turns":4},{"damage":0,"enemies":"Writhing Mass","floor":47,"turns":3},{"damage":0,"enemies":"Reptomancer","floor":48,"turns":5},{"damage":57,"enemies":"Time Eater","floor":50,"turns":12}],"seed_played":"2349027189576270364","potions_obtained":[{"floor":3,"key":"SteroidPotion"},{"floor":6,"key":"Dexterity Potion"},{"floor":14,"key":"PowerPotion"},{"floor":22,"key":"FearPotion"},{"floor":30,"key":"PowerPotion"},{"floor":30,"key":"FearPotion"},{"floor":36,"key":"SkillPotion"},{"floor":42,"key":"Strength Potion"}],"is_trial":false,"path_per_floor":["M","M","M","?","?","E","R","$","T","R","E","M","$","E","R","B",null,"M","$","?","M","M","R","E","R","T","M","?","E","?","M","R","B",null,"M","?","?","?","M","E","R","E","T","M","M","$","M","E","R","B"],"character_chosen":"DEFECT","items_purchased":["Hologram","Coolheaded","hubris:PowerSurge","Compile Driver","Pear"],"campfire_rested":4,"item_purchase_floors":[8,8,8,46,46],"current_hp_per_floor":[61,60,56,45,38,18,39,39,39,60,45,45,45,20,41,24,59,59,59,59,59,59,59,59,59,59,59,59,59,59,59,59,59,68,68,41,41,41,45,5,26,23,23,27,29,39,41,48,48,0],"gold":367,"neow_bonus":"UPGRADE_CARD","is_prod":false,"is_daily":false,"chose_seed":false,"campfire_upgraded":3,"win_rate":0,"timestamp":1563163345,"path_taken":["M","M","M","?","?","E","R","$","T","R","E","M","$","E","R","BOSS","M","$","?","M","M","R","E","R","T","M","?","E","?","M","R","BOSS","M","?","?","?","M","E","R","E","T","?","M","$","M","E","R","BOSS"],"build_version":"2019-07-05","purchased_purges":1,"victory":false,"max_hp_per_floor":[71,71,71,71,71,71,71,71,71,71,71,71,71,71,71,71,71,71,71,71,71,71,71,71,71,71,71,71,71,71,71,71,71,71,71,71,71,71,71,71,71,71,71,71,71,81,81,88,88,88],"card_choices":[{"not_picked":["Steam","Redo"],"picked":"Undo","floor":1},{"not_picked":["Blizzard","Leap"],"picked":"Cold Snap","floor":2},{"not_picked":["Rebound","Redo"],"picked":"Hologram","floor":3},{"not_picked":["Compile Driver","Leap"],"picked":"All For One","floor":6},{"not_picked":["Turbo","Scrape"],"picked":"Conserve Battery","floor":11},{"not_picked":["Cold Snap","Go for the Eyes"],"picked":"Hologram","floor":12},{"not_picked":["Hello World","hubris:PowerSurge","Cold Snap"],"picked":"SKIP","floor":14},{"not_picked":["Fission","Thunder Strike"],"picked":"Machine Learning","floor":16},{"not_picked":["Leap","Barrage"],"picked":"Glacier+1","floor":18},{"not_picked":["Steam Power","Barrage"],"picked":"Hologram+1","floor":21},{"not_picked":["Steam","Leap"],"picked":"Blizzard","floor":22},{"not_picked":["Turbo","Machine Learning"],"picked":"Hologram+1","floor":24},{"not_picked":["Barrage","Ball Lightning","Hologram"],"picked":"SKIP","floor":27},{"not_picked":["Beam Cell","FTL","Static Discharge"],"picked":"SKIP","floor":29},{"not_picked":["Coolheaded","Hologram"],"picked":"Cold Snap","floor":31},{"not_picked":["Multi-Cast","Hyperbeam"],"picked":"Rainbow","floor":33},{"not_picked":["Conserve Battery","Ball Lightning+1"],"picked":"Hologram+1","floor":35},{"not_picked":["Chill","Turbo+1"],"picked":"Hologram+1","floor":37},{"not_picked":["Storm","Self Repair"],"picked":"Coolheaded","floor":39},{"not_picked":["Fission","Stack+1","Streamline"],"picked":"SKIP","floor":40},{"not_picked":["Buffer","Auto Shields"],"picked":"Compile Driver","floor":42},{"not_picked":["Ball Lightning+1","Leap","Redo"],"picked":"SKIP","floor":44},{"not_picked":["Gash","Streamline","Force Field"],"picked":"SKIP","floor":45},{"not_picked":["Melter+1","BootSequence+1"],"picked":"Cold Snap+1","floor":47},{"not_picked":["Beam Cell","Cold Snap","Coolheaded"],"picked":"SKIP","floor":48}],"player_experience":2576595,"relics_obtained":[{"floor":6,"key":"Unceasing Top"},{"floor":11,"key":"Kunai"},{"floor":14,"key":"hubris:ToyBattleship"},{"floor":24,"key":"Bronze Scales"},{"floor":26,"key":"Smiling Mask"},{"floor":29,"key":"hubris:SoftwareUpdate"},{"floor":36,"key":"Incense Burner"},{"floor":37,"key":"Bird Faced Urn"},{"floor":40,"key":"Pen Nib"},{"floor":42,"key":"Lantern"},{"floor":43,"key":"Cables"},{"floor":48,"key":"Strawberry"}],"event_choices":[{"damage_healed":0,"gold_gain":0,"player_choice":"Success","damage_taken":11,"relics_obtained":["Art of War"],"max_hp_gain":0,"max_hp_loss":0,"event_name":"Scrap Ooze","floor":4,"gold_loss":0},{"cards_removed":["Strike_B"],"damage_healed":0,"gold_gain":0,"player_choice":"Card Removal","damage_taken":7,"max_hp_gain":0,"max_hp_loss":0,"event_name":"Golden Wing","floor":5,"gold_loss":0},{"damage_healed":0,"gold_gain":0,"player_choice":"Simplicity","damage_taken":0,"max_hp_gain":0,"max_hp_loss":0,"event_name":"Back to Basics","floor":20,"gold_loss":0,"cards_upgraded":["Strike_B","Strike_B","Strike_B","Defend_B","Defend_B","Defend_B","Defend_B"]},{"damage_healed":0,"gold_gain":0,"player_choice":"Ignored","damage_taken":0,"max_hp_gain":0,"max_hp_loss":0,"event_name":"Ghosts","floor":28,"gold_loss":0},{"damage_healed":0,"gold_gain":0,"player_choice":"Got Potions","damage_taken":0,"max_hp_gain":0,"max_hp_loss":0,"event_name":"Lab","floor":30,"gold_loss":0},{"damage_healed":0,"gold_gain":0,"player_choice":"Fight","damage_taken":0,"max_hp_gain":0,"max_hp_loss":0,"event_name":"Mysterious Sphere","floor":36,"gold_loss":0},{"damage_healed":0,"gold_gain":0,"player_choice":"Fight","damage_taken":0,"max_hp_gain":0,"max_hp_loss":0,"event_name":"MindBloom","floor":37,"gold_loss":0}],"is_beta":false,"boss_relics":[{"not_picked":["hubris:ScarierMask","hubris:RunicObelisk"],"picked":"Snecko Eye"},{"not_picked":["Tiny House","Lizard Tail"],"picked":"Astrolabe"}],"items_purged_floors":[46],"is_endless":false,"potions_floor_spawned":[3,6,14,22,24,31,33,35,36,42,45,48],"killed_by":"Time Eater","ascension_level":15}