{"gold_per_floor":[169,254,299,299,364,474,539,604,604,649,599,199,199,199,199,519,519,584,654,354,399,24,69,69],"floor_reached":24,"playtime":2482,"items_purged":[],"score":302,"play_id":"57cbb9d7-df72-4913-8bc9-2e8cf2cf87eb","local_time":"20190101171055","daily_mods":["Allstar","Hoarder","Midas"],"is_ascension_mode":false,"campfire_choices":[{"floor":13,"key":"REST"},{"floor":15,"key":"REST"}],"neow_cost":"","seed_source_timestamp":268888578938500,"circlet_count":0,"master_deck":["Strike_R","Strike_R","Strike_R","Strike_R","Strike_R","Defend_R","Defend_R","Defend_R","Defend_R","Bash","Bandage Up","Bandage Up","Bandage Up","Jack Of All Trades","Jack Of All Trades","Jack Of All Trades","HandOfGreed","HandOfGreed","Chrysalis","Finesse","Finesse","Finesse","Havoc","Havoc","Entrench","Entrench","Entrench","Body Slam","Body Slam","Body Slam","Seeing Red","Seeing Red","Seeing Red","Impervious","Impervious","Impervious","Violence+1","Violence+1","Violence+1","Violence+1","Violence+1","Violence+1","Corruption+1","Corruption+1","Corruption+1","Sever Soul","Sever Soul","Sever Soul","Feel No Pain+1","Feel No Pain+1","Feel No Pain+1"],"special_seed":17897,"relics":["Burning Blood","Happy Flower","Self Forming Clay","Dodecahedron","Membership Card","Dream Catcher","Kunai","Juzu Bracelet","Astrolabe","Blood Vial","Blue Candle","Cauldron","Torii","Mercury Hourglass","Strange Spoon"],"potions_floor_usage":[16,16],"damage_taken":[{"damage":13,"enemies":"Small Slimes","floor":1,"turns":4},{"damage":4,"enemies":"2 Louse","floor":2,"turns":3},{"damage":11,"enemies":"Jaw Worm","floor":3,"turns":3},{"damage":20,"enemies":"Blue Slaver","floor":5,"turns":3},{"damage":20,"enemies":"3 Sentries","floor":6,"turns":7},{"damage":29,"enemies":"Exordium Wildlife","floor":7,"turns":8},{"damage":13,"enemies":"Large Slime","floor":8,"turns":6},{"damage":7,"enemies":"2 Fungi Beasts","floor":10,"turns":5},{"damage":39,"enemies":"Slime Boss","floor":16,"turns":13},{"damage":20,"enemies":"2 Thieves","floor":18,"turns":3},{"damage":21,"enemies":"3 Byrds","floor":19,"turns":7},{"damage":0,"enemies":"Snecko","floor":21,"turns":7},{"damage":15,"enemies":"Snake Plant","floor":23,"turns":8},{"damage":87,"enemies":"Gremlin Leader","floor":24,"turns":9}],"seed_played":"2052676809091822558","potions_obtained":[{"floor":2,"key":"SpeedPotion"},{"floor":7,"key":"Fire Potion"},{"floor":8,"key":"AttackPotion"},{"floor":19,"key":"Ancient Potion"},{"floor":20,"key":"Explosive Potion"},{"floor":23,"key":"Energy Potion"}],"is_trial":false,"path_per_floor":["M","M","M","?","M","E","M","M","T","M","?","$","R","T","R","B",null,"M","M","$","M","$","M","E"],"character_chosen":"IRONCLAD","items_purchased":["Membership Card","Dream Catcher","Kunai","Blood Vial","Blue Candle","Cauldron","Torii","Mercury Hourglass","Strange Spoon"],"campfire_rested":2,"item_purchase_floors":[12,12,12,20,20,20,22,22,22],"current_hp_per_floor":[80,80,79,72,70,68,57,66,66,73,73,73,80,80,80,55,80,66,67,67,80,80,79,0],"gold":69,"neow_bonus":"","is_prod":false,"is_daily":true,"chose_seed":false,"campfire_upgraded":0,"win_rate":0,"timestamp":1546359055,"path_taken":["M","M","M","?","M","E","M","M","T","M","?","$","R","?","R","BOSS","M","M","$","M","$","M","E"],"build_version":"2018-12-20","purchased_purges":0,"victory":false,"max_hp_per_floor":[80,80,80,80,80,80,80,80,80,80,80,80,80,80,80,80,80,80,80,80,80,80,80,80],"card_choices":[{"not_picked":["Battle Trance","Cleave","Warcry"],"picked":"SKIP","floor":1},{"not_picked":["Bloodletting","Warcry"],"picked":"Havoc","floor":2},{"not_picked":["Dropkick","Body Slam","Heavy Blade"],"picked":"SKIP","floor":3},{"not_picked":["Thunderclap","Combust"],"picked":"Entrench","floor":5},{"not_picked":["Pummel","Havoc","Twin Strike"],"picked":"SKIP","floor":6},{"not_picked":["Anger","Demon Form","Warcry"],"picked":"SKIP","floor":7},{"not_picked":["Clothesline","Warcry"],"picked":"Body Slam","floor":8},{"not_picked":["Warcry","Fire Breathing","Sword Boomerang"],"picked":"SKIP","floor":10},{"not_picked":["Berserk","Clothesline"],"picked":"Seeing Red","floor":13},{"not_picked":["Exhume","Dark Embrace"],"picked":"Impervious","floor":16},{"not_picked":["Shrug It Off+1","Clash+1"],"picked":"Sever Soul","floor":18},{"not_picked":["Combust","Wild Strike"],"picked":"Feel No Pain+1","floor":19},{"not_picked":["Iron Wave+1","Inflame","Anger"],"picked":"SKIP","floor":21},{"not_picked":["Battle Trance","Sword Boomerang","Twin Strike"],"picked":"SKIP","floor":23}],"player_experience":108387,"relics_obtained":[{"floor":6,"key":"Self Forming Clay"},{"floor":9,"key":"Dodecahedron"},{"floor":14,"key":"Juzu Bracelet"}],"event_choices":[{"damage_healed":0,"gold_gain":0,"player_choice":"Success","damage_taken":7,"relics_obtained":["Happy Flower"],"max_hp_gain":0,"max_hp_loss":0,"event_name":"Scrap Ooze","floor":4,"gold_loss":0},{"cards_removed":["HandOfGreed"],"damage_healed":0,"gold_gain":0,"player_choice":"Card Removal","damage_taken":0,"max_hp_gain":0,"max_hp_loss":0,"event_name":"The Cleric","floor":11,"gold_loss":50}],"is_beta":false,"boss_relics":[{"not_picked":["Tiny House","Sozu"],"picked":"Astrolabe"}],"items_purged_floors":[],"is_endless":false,"potions_floor_spawned":[2,7,8,10,19,23],"killed_by":"Gremlin Leader","ascension_level":0}