{"gold_per_floor":[111,124,199,209,198,198,215,215,238,33,33,33,10,22,22,120,120,140,151,57,73,92,92,107,107,180,180,194,194],"floor_reached":29,"playtime":2121,"items_purged":["Strike_B"],"score":219,"play_id":"d603779c-6798-4be3-838a-5032595efed1","local_time":"20181228231405","is_ascension_mode":false,"campfire_choices":[{"data":"Conserve Battery","floor":6.0,"key":"SMITH"},{"data":"Darkness","floor":8,"key":"SMITH"},{"data":"Redo","floor":12,"key":"SMITH"},{"data":"Glacier","floor":15,"key":"SMITH"},{"floor":23,"key":"REST"},{"data":"Conserve Battery","floor":27,"key":"SMITH"}],"neow_cost":"NONE","seed_source_timestamp":0,"circlet_count":0,"master_deck":["Strike_B","Strike_B","Strike_B","Defend_B","Defend_B","Defend_B","Zap","Dualcast","Darkness+1","Conserve Battery+1","Streamline","Glacier+1","Conserve Battery+1","Redo+1","Multi-Cast","Ball Lightning","Ball Lightning","Creative AI","Go for the Eyes","Cold Snap","Conserve Battery","Hologram","Rebound+1","FTL","Stack+1","Bandage Up","Rebound"],"special_seed":0,"relics":["Cracked Core","PreservedInsect","Eternal Feather","Sundial"],"potions_floor_usage":[16,28,28,28],"damage_taken":[{"damage":0.0,"enemies":"Small Slimes","floor":1.0,"turns":3.0},{"damage":0.0,"enemies":"Cultist","floor":2.0,"turns":4.0},{"damage":1.0,"enemies":"2 Louse","floor":4.0,"turns":2.0},{"damage":1.0,"enemies":"Exordium Thugs","floor":5.0,"turns":4.0},{"damage":4.0,"enemies":"Exordium Wildlife","floor":7.0,"turns":5.0},{"damage":1,"enemies":"Red Slaver","floor":14,"turns":3},{"damage":5,"enemies":"The Guardian","floor":16,"turns":10},{"damage":20,"enemies":"3 Byrds","floor":18,"turns":4},{"damage":9,"enemies":"Spheric Guardian","floor":19,"turns":4},{"damage":21,"enemies":"Shelled Parasite and Fungi","floor":21,"turns":8},{"damage":14,"enemies":"Sentry and Sphere","floor":22,"turns":11},{"damage":0,"enemies":"Snecko","floor":24,"turns":6},{"damage":24,"enemies":"Cultist and Chosen","floor":28,"turns":9},{"damage":33,"enemies":"Sentry and Sphere","floor":29,"turns":7}],"seed_played":"4320335181572353728","potions_obtained":[{"floor":4.0,"key":"SteroidPotion"},{"floor":5.0,"key":"SpeedPotion"},{"floor":16,"key":"AttackPotion"},{"floor":24,"key":"SkillPotion"}],"is_trial":false,"path_per_floor":["M","M","?","M","M","R","M","R","T","$","?","R","$","M","R","B",null,"M","M","$","M","M","R","M","?","T","R","M","M"],"character_chosen":"DEFECT","items_purchased":["Multi-Cast","Dexterity Potion","Ball Lightning","Conserve Battery","Hologram"],"campfire_rested":1,"item_purchase_floors":[10,10,13,20,20],"current_hp_per_floor":[75,75,68,67,66,66,62,62,62,62,62,62,62,61,61,56,75,55,46,46,25,11,45,45,31,31,46,26,0],"gold":194,"neow_bonus":"THREE_CARDS","is_prod":false,"is_daily":false,"chose_seed":false,"campfire_upgraded":5,"win_rate":0,"timestamp":1546035245,"path_taken":["M","M","?","M","?","R","M","R","T","$","?","R","$","M","R","BOSS","M","M","$","M","?","R","M","?","T","R","M","M"],"build_version":"2018-12-20","purchased_purges":1,"victory":false,"max_hp_per_floor":[75,75,75,75,75,75,75,75,75,75,75,75,75,75,75,75,75,75,75,75,75,75,75,75,75,75,75,75,75],"card_choices":[{"not_picked":["Scrape","Streamline"],"picked":"Darkness","floor":0.0},{"not_picked":["Cold Snap","BootSequence"],"picked":"Conserve Battery","floor":1.0},{"not_picked":["Rip and Tear","Consume"],"picked":"Streamline","floor":2.0},{"not_picked":["Undo","Aggregate"],"picked":"Glacier","floor":4.0},{"not_picked":["Force Field","Ball Lightning"],"picked":"Conserve Battery","floor":5.0},{"not_picked":["Coolheaded","Lockon"],"picked":"Redo","floor":7.0},{"not_picked":["Coolheaded","Skim"],"picked":"Ball Lightning","floor":14},{"not_picked":["Amplify","Biased Cognition"],"picked":"Creative AI","floor":16},{"not_picked":["Coolheaded+1","Storm"],"picked":"Go for the Eyes","floor":18},{"not_picked":["Turbo+1","Coolheaded"],"picked":"Cold Snap","floor":19},{"not_picked":["Consume+1","Static Discharge+1"],"picked":"Rebound+1","floor":21},{"not_picked":["Meteor Strike","Streamline"],"picked":"FTL","floor":22},{"not_picked":["Sweeping Beam+1","Hello World+1"],"picked":"Stack+1","floor":24},{"not_picked":["Tempest","Skim+1"],"picked":"Rebound","floor":28}],"player_experience":69067,"relics_obtained":[{"floor":9,"key":"PreservedInsect"},{"floor":26,"key":"Sundial"}],"event_choices":[{"damage_healed":0.0,"max_hp_gain":0.0,"max_hp_loss":0.0,"gold_gain":75.0,"event_name":"FaceTrader","player_choice":"Touch","floor":3.0,"gold_loss":0.0,"damage_taken":7.0},{"cards_removed":["Defend_B"],"damage_healed":0,"gold_gain":0,"player_choice":"Offered Basic","damage_taken":0,"max_hp_gain":0,"max_hp_loss":0,"event_name":"Bonfire Elementals","floor":11,"gold_loss":0},{"damage_healed":0,"gold_gain":0,"player_choice":"CARD ","damage_taken":14,"max_hp_gain":0,"max_hp_loss":0,"event_name":"Knowing Skull","floor":25,"potions_obtained":[],"gold_loss":0,"cards_obtained":["Bandage Up"]}],"is_beta":false,"boss_relics":[{"not_picked":["Calling Bell","Velvet Choker"],"picked":"Eternal Feather"}],"items_purged_floors":[10],"is_endless":false,"potions_floor_spawned":[4,5,16,21,24],"killed_by":"Sentry and Sphere","ascension_level":0}