{"gold_per_floor":[116,41,116,136,136,136,169,169,169,181,213,213,237,267,267,267],"floor_reached":16,"playtime":669,"items_purged":[],"score":203,"play_id":"8be1bedf-d67d-4fd0-98aa-c01c669c2894","local_time":"20190712232357","is_ascension_mode":true,"campfire_choices":[{"data":"Zap","floor":6,"key":"SMITH"},{"floor":8,"key":"REST"},{"floor":12,"key":"REST"},{"data":"Barrage","floor":15,"key":"SMITH"}],"neow_cost":"TEN_PERCENT_HP_LOSS","seed_source_timestamp":191958341153147,"circlet_count":0,"master_deck":["AscendersBane","Strike_B","Strike_B","Strike_B","Defend_B","Defend_B","Defend_B","Defend_B","Zap+1","Dualcast","Doom and Gloom","Conserve Battery","Barrage+1","Fission","Melter","Rip and Tear"],"relics":["Cracked Core","hubris:Zylophone","Torii","DataDisk","Lantern","Odd Mushroom","Sundial"],"potions_floor_usage":[7,14,16],"damage_taken":[{"damage":0,"enemies":"Jaw Worm","floor":1,"turns":5},{"damage":8,"enemies":"2 Louse","floor":4,"turns":3},{"damage":18,"enemies":"3 Sentries","floor":7,"turns":5},{"damage":0,"enemies":"Small Slimes","floor":10,"turns":2},{"damage":16,"enemies":"Lagavulin","floor":11,"turns":6},{"damage":13,"enemies":"The Mushroom Lair","floor":13,"turns":3},{"damage":15,"enemies":"Gremlin Nob","floor":14,"turns":3},{"damage":14,"enemies":"Hexaghost","floor":16,"turns":9}],"seed_played":"-7749882810267048197","potions_obtained":[{"floor":1,"key":"SteroidPotion"},{"floor":4,"key":"Fire Potion"},{"floor":14,"key":"Block Potion"}],"is_trial":false,"path_per_floor":["M","$","?","M","?","R","E","R","T","M","E","R","?","E","R","B"],"character_chosen":"DEFECT","items_purchased":["Doom and Gloom"],"campfire_rested":2,"item_purchase_floors":[2],"current_hp_per_floor":[64,64,53,45,38,38,20,39,39,39,23,42,29,14,14,0],"gold":267,"neow_bonus":"ONE_RARE_RELIC","is_prod":false,"is_daily":false,"chose_seed":false,"campfire_upgraded":2,"win_rate":0,"timestamp":1562988237,"path_taken":["M","$","?","M","?","R","E","R","T","M","E","R","?","E","R","BOSS"],"build_version":"2019-07-05","purchased_purges":0,"victory":false,"max_hp_per_floor":[64,64,64,64,64,64,64,64,64,64,64,64,64,64,64,64],"card_choices":[{"not_picked":["Auto Shields","BootSequence","Barrage"],"picked":"SKIP","floor":1},{"not_picked":["Stack","Turbo"],"picked":"Conserve Battery","floor":4},{"not_picked":["Reinforced Body","Thunder Strike","Fusion"],"picked":"SKIP","floor":7},{"not_picked":["Leap","Go for the Eyes"],"picked":"Barrage","floor":10},{"not_picked":["Stack","Turbo"],"picked":"Fission","floor":11},{"not_picked":["Sweeping Beam","Leap"],"picked":"Melter","floor":13},{"not_picked":["Double Energy","Reinforced Body"],"picked":"Rip and Tear","floor":14}],"player_experience":2565202,"relics_obtained":[{"floor":7,"key":"Torii"},{"floor":9,"key":"DataDisk"},{"floor":11,"key":"Lantern"},{"floor":13,"key":"Odd Mushroom"},{"floor":14,"key":"Sundial"}],"event_choices":[{"damage_healed":0,"gold_gain":75,"player_choice":"Gather Gold","damage_taken":11,"max_hp_gain":0,"max_hp_loss":0,"event_name":"World of Goop","floor":3,"gold_loss":0},{"cards_removed":["Strike_B"],"damage_healed":0,"gold_gain":0,"player_choice":"Card Removal","damage_taken":7,"max_hp_gain":0,"max_hp_loss":0,"event_name":"Golden Wing","floor":5,"gold_loss":0},{"damage_healed":0,"gold_gain":0,"player_choice":"Fought Mushrooms","damage_taken":0,"max_hp_gain":0,"max_hp_loss":0,"event_name":"Mushrooms","floor":13,"gold_loss":0}],"is_beta":false,"boss_relics":[],"items_purged_floors":[],"is_endless":false,"potions_floor_spawned":[1,4,14],"killed_by":"Hexaghost","ascension_level":15}