{"gold_per_floor":[363,378,68,68,68,68,68,106,133,133,166,166,185,199,199,288,288,304,320,320,115,115,115,35,68,68,68],"floor_reached":27,"playtime":825,"items_purged":["Decay","Shame"],"score":415,"play_id":"975470ab-139a-44fe-8b15-ca813c3471f8","local_time":"20190809184949","is_ascension_mode":true,"campfire_choices":[{"floor":6.0,"key":"REST"},{"data":"Uppercut","floor":10.0,"key":"SMITH"},{"data":"Hemokinesis","floor":15.0,"key":"SMITH"},{"floor":23.0,"key":"REST"}],"neow_cost":"TEN_PERCENT_HP_LOSS","seed_source_timestamp":2594584419541682,"circlet_count":0,"master_deck":["AscendersBane","Strike_R","Strike_R","Strike_R","Strike_R","Defend_R","Defend_R","Defend_R","Defend_R","Bash","Uppercut+1","Battle Trance","Twin Strike","Hemokinesis+1","Combust+1","Shrug It Off","Carnage","Offering","Injury","Inflame+1","Inflame+1","Rupture+1","Shrug It Off","Metallicize+1","Fiend Fire"],"special_seed":0,"relics":["Burning Blood","Thread and Needle","Golden Idol","Dodecahedron","Happy Flower","Frozen Egg 2","Calling Bell","Centennial Puzzle","The Courier","StoneCalendar","Enchiridion","Omamori","Bag of Preparation"],"potions_floor_usage":[25],"damage_taken":[{"damage":3.0,"enemies":"2 Louse","floor":1.0,"turns":4.0},{"damage":11.0,"enemies":"Small Slimes","floor":2.0,"turns":4.0},{"damage":27.0,"enemies":"Lagavulin","floor":8.0,"turns":6.0},{"damage":12.0,"enemies":"3 Sentries","floor":11.0,"turns":7.0},{"damage":4.0,"enemies":"Jaw Worm","floor":13.0,"turns":2.0},{"damage":0.0,"enemies":"2 Fungi Beasts","floor":14.0,"turns":4.0},{"damage":26.0,"enemies":"Hexaghost","floor":16.0,"turns":8.0},{"damage":10.0,"enemies":"Chosen","floor":18.0,"turns":3.0},{"damage":17.0,"enemies":"3 Byrds","floor":19.0,"turns":4.0},{"damage":28,"enemies":"Slavers","floor":25,"turns":5},{"damage":19,"enemies":"Gremlin Leader","floor":27,"turns":5}],"seed_played":"8412680816049932265","potions_obtained":[{"floor":1.0,"key":"FearPotion"},{"floor":8.0,"key":"Dexterity Potion"},{"floor":19.0,"key":"LiquidBronze"}],"is_trial":false,"path_per_floor":["M","M","$","?","?","R","?","E","T","R","E","?","M","M","R","B",null,"M","M","?","$","?","R","$","E","T","E"],"character_chosen":"IRONCLAD","items_purchased":["Twin Strike","Thread and Needle","Rupture+1","Shrug It Off","Metallicize+1"],"campfire_rested":2,"item_purchase_floors":[3,3,21,21,21],"current_hp_per_floor":[68,63,63,40,33,53,53,32,32,32,26,26,28,34,34,14,55,51,40,19,19,19,39,39,17,17,0],"gold":68,"neow_bonus":"TWO_FIFTY_GOLD","is_prod":false,"is_daily":false,"chose_seed":false,"campfire_upgraded":2,"win_rate":0,"timestamp":1565390989,"path_taken":["M","M","$","?","?","R","?","E","T","R","E","?","M","M","R","BOSS","M","M","?","$","?","R","$","E","T","E"],"build_version":"2019-07-17","purchased_purges":2,"victory":false,"max_hp_per_floor":[68,68,68,68,68,68,68,68,68,68,68,68,68,68,68,68,68,68,68,68,68,68,68,68,68,68,68],"card_choices":[{"not_picked":["Perfected Strike","Seeing Red"],"picked":"Uppercut","floor":1.0},{"not_picked":["Second Wind","Thunderclap"],"picked":"Battle Trance","floor":2.0},{"not_picked":["Sword Boomerang","Thunderclap"],"picked":"Hemokinesis","floor":8.0},{"not_picked":["Blood for Blood","Pommel Strike"],"picked":"Combust","floor":11.0},{"not_picked":["Thunderclap","Havoc"],"picked":"Shrug It Off","floor":13.0},{"not_picked":["Searing Blow","Rage"],"picked":"Carnage","floor":14.0},{"not_picked":["Bludgeon","Barricade+1"],"picked":"Offering","floor":16.0},{"not_picked":["Evolve+1","True Grit"],"picked":"Inflame+1","floor":18.0},{"not_picked":["Bloodletting","Entrench"],"picked":"Inflame+1","floor":19.0},{"not_picked":["Heavy Blade","Spot Weakness"],"picked":"Fiend Fire","floor":25}],"player_experience":2652496,"relics_obtained":[{"floor":8.0,"key":"Dodecahedron"},{"floor":9.0,"key":"Happy Flower"},{"floor":11.0,"key":"Frozen Egg 2"},{"floor":17.0,"key":"Centennial Puzzle"},{"floor":17.0,"key":"The Courier"},{"floor":17.0,"key":"StoneCalendar"},{"floor":20.0,"key":"Enchiridion"},{"floor":25,"key":"Omamori"},{"floor":26,"key":"Bag of Preparation"}],"event_choices":[{"damage_healed":0.0,"max_hp_gain":0.0,"max_hp_loss":0.0,"gold_gain":0.0,"event_name":"Golden Idol","player_choice":"Take Damage","floor":4.0,"gold_loss":0.0,"damage_taken":23.0,"relics_obtained":["Golden Idol"]},{"cards_removed":["Strike_R"],"damage_healed":0.0,"max_hp_gain":0.0,"max_hp_loss":0.0,"gold_gain":0.0,"event_name":"Golden Wing","player_choice":"Card Removal","floor":5.0,"gold_loss":0.0,"damage_taken":7.0},{"damage_healed":0.0,"max_hp_gain":0.0,"max_hp_loss":0.0,"gold_gain":0.0,"event_name":"The Cleric","player_choice":"Leave","floor":7.0,"gold_loss":0.0,"damage_taken":0.0},{"damage_healed":0.0,"max_hp_gain":0.0,"max_hp_loss":0.0,"gold_gain":0.0,"event_name":"Scrap Ooze","player_choice":"Fled","floor":12.0,"gold_loss":0.0,"damage_taken":0.0},{"damage_healed":0.0,"max_hp_gain":0.0,"max_hp_loss":0.0,"gold_gain":0.0,"event_name":"Cursed Tome","player_choice":"Obtained Book","floor":20.0,"gold_loss":0.0,"damage_taken":21.0},{"damage_healed":0.0,"max_hp_gain":0.0,"max_hp_loss":0.0,"gold_gain":0.0,"event_name":"Ghosts","player_choice":"Ignored","floor":22.0,"gold_loss":0.0,"damage_taken":0.0}],"is_beta":false,"boss_relics":[{"not_picked":["Ectoplasm","Eternal Feather"],"picked":"Calling Bell"}],"items_purged_floors":[21,24],"is_endless":false,"potions_floor_spawned":[1,8,19],"killed_by":"Gremlin Leader","ascension_level":15}