{"gold_per_floor":[115,28,28,41,41,41,75,75,75,75,87,102,66,8,8,110,110,100,119,38,38,50,50,83,93,116,116,133,133,133,133],"floor_reached":31,"playtime":1817,"items_purged":[],"score":316,"play_id":"47a0135a-e243-4406-97ea-c01a379fc2e6","local_time":"20190207175720","is_ascension_mode":true,"campfire_choices":[{"data":"Bash","floor":6,"key":"SMITH"},{"floor":8,"key":"REST"},{"data":"Enlightenment","floor":10,"key":"SMITH"},{"data":"Feed","floor":15,"key":"SMITH"},{"data":"Seeing Red","floor":23,"key":"SMITH"},{"floor":27,"key":"REST"},{"floor":30,"key":"REST"}],"neow_cost":"NONE","seed_source_timestamp":248241976020400,"circlet_count":0,"master_deck":["Bash+1","Reaper","Cleave+1","Enlightenment+1","Clothesline","Feed+1","Headbutt","Battle Trance","Iron Wave","Metallicize+1","Demon Form+1","Impervious","Feel No Pain+1","Searing Blow","Twin Strike","Second Wind","Shrug It Off","Evolve+1","Twin Strike+1","Spot Weakness","Infernal Blade","Armaments+1","Metallicize+1","Seeing Red+1","Wild Strike","Bludgeon","Pommel Strike+1","Whirlwind+1"],"relics":["Burning Blood","Dream Catcher","Bag of Marbles","Frozen Egg 2","Boot","Pandora\u0027s Box","Whetstone","Art of War"],"potions_floor_usage":[16,16,24,24],"damage_taken":[{"damage":8,"enemies":"Small Slimes","floor":1,"turns":5},{"damage":9,"enemies":"2 Louse","floor":4,"turns":3},{"damage":47,"enemies":"3 Sentries","floor":7,"turns":9},{"damage":4,"enemies":"Cultist","floor":11,"turns":3},{"damage":8,"enemies":"Red Slaver","floor":12,"turns":3},{"damage":78,"enemies":"Slime Boss","floor":16,"turns":13},{"damage":25,"enemies":"2 Thieves","floor":18,"turns":4},{"damage":7,"enemies":"3 Byrds","floor":19,"turns":5},{"damage":21,"enemies":"Centurion and Healer","floor":22,"turns":9},{"damage":64,"enemies":"Slavers","floor":24,"turns":7},{"damage":23,"enemies":"Snecko","floor":25,"turns":6},{"damage":30,"enemies":"Sentry and Sphere","floor":28,"turns":7},{"damage":43,"enemies":"Shelled Parasite and Fungi","floor":31,"turns":3}],"seed_played":"-519660421642401768","potions_obtained":[{"floor":1,"key":"FearPotion"},{"floor":12,"key":"AttackPotion"},{"floor":16,"key":"Poison Potion"},{"floor":22,"key":"EssenceOfSteel"},{"floor":24,"key":"SmokeBomb"},{"floor":28,"key":"SteroidPotion"}],"is_trial":false,"path_per_floor":["M","$","?","M","?","R","E","R","T","R","M","M","$","?","R","B",null,"M","M","$","T","M","R","E","M","T","R","M","?","R","M"],"character_chosen":"IRONCLAD","items_purchased":["Enlightenment","Metallicize+1","Metallicize+1"],"campfire_rested":3,"item_purchase_floors":[2,13,20],"current_hp_per_floor":[80,80,68,65,65,65,36,60,60,60,69,70,70,70,70,10,86,67,82,82,82,71,71,17,7,7,36,12,12,41,0],"gold":133,"neow_bonus":"ONE_RANDOM_RARE_CARD","is_prod":false,"is_daily":false,"chose_seed":false,"campfire_upgraded":4,"win_rate":0,"timestamp":1549558640,"path_taken":["M","$","?","M","?","R","E","R","T","R","M","M","$","?","R","BOSS","M","M","$","?","M","R","E","?","T","R","M","?","R","M"],"build_version":"2019-01-23","purchased_purges":0,"victory":false,"max_hp_per_floor":[80,80,80,80,80,80,80,80,80,80,83,86,86,86,86,86,86,86,90,90,90,94,94,98,98,98,98,98,98,98,98],"card_choices":[{"not_picked":["Corruption","Twin Strike"],"picked":"Cleave","floor":1},{"not_picked":["Searing Blow","Anger"],"picked":"Clothesline","floor":4},{"not_picked":["Wild Strike","Exhume"],"picked":"Feed","floor":7},{"not_picked":["Hemokinesis","Heavy Blade"],"picked":"Headbutt","floor":8},{"not_picked":["Hemokinesis","Anger"],"picked":"Battle Trance","floor":11},{"not_picked":["Battle Trance","Havoc"],"picked":"Iron Wave","floor":12},{"not_picked":["Bludgeon","Reaper"],"picked":"Demon Form+1","floor":16},{"not_picked":["Flex+1","Clash"],"picked":"Infernal Blade","floor":18},{"not_picked":["Heavy Blade","Wild Strike+1"],"picked":"Armaments+1","floor":19},{"not_picked":["Spot Weakness","Pummel"],"picked":"Seeing Red","floor":22},{"not_picked":["Combust+1","Sever Soul+1"],"picked":"Rage","floor":24},{"not_picked":["Headbutt","Clash"],"picked":"Wild Strike","floor":25},{"not_picked":["Seeing Red","Perfected Strike"],"picked":"Bludgeon","floor":27},{"not_picked":["Iron Wave","Sever Soul+1"],"picked":"Pommel Strike+1","floor":28},{"not_picked":["Battle Trance","Flex+1"],"picked":"Whirlwind+1","floor":30}],"player_experience":230948,"relics_obtained":[{"floor":7,"key":"Bag of Marbles"},{"floor":9,"key":"Frozen Egg 2"},{"floor":24,"key":"Whetstone"},{"floor":26,"key":"Art of War"}],"event_choices":[{"damage_healed":0,"gold_gain":0,"player_choice":"Success","damage_taken":12,"relics_obtained":["Dream Catcher"],"max_hp_gain":0,"max_hp_loss":0,"event_name":"Scrap Ooze","floor":3,"gold_loss":0},{"damage_healed":0,"gold_gain":0,"player_choice":"Ignored","damage_taken":0,"max_hp_gain":0,"max_hp_loss":0,"event_name":"Liars Game","floor":5,"gold_loss":0},{"damage_healed":0,"gold_gain":0,"player_choice":"Paid Gold","damage_taken":0,"relics_obtained":["Boot"],"max_hp_gain":0,"max_hp_loss":0,"event_name":"WeMeetAgain","floor":14,"gold_loss":58},{"cards_removed":["Rage"],"damage_healed":0,"gold_gain":0,"player_choice":"Elegance","damage_taken":0,"max_hp_gain":0,"max_hp_loss":0,"event_name":"Back to Basics","floor":29,"gold_loss":0}],"is_beta":false,"boss_relics":[{"not_picked":["Runic Cube","Mark of Pain"],"picked":"Pandora\u0027s Box"}],"items_purged_floors":[],"is_endless":false,"potions_floor_spawned":[1,12,16,22,24,28],"killed_by":"Shelled Parasite and Fungi","ascension_level":3}