{"gold_per_floor":[111,186,200,217,197,197,222,222,302,320,336,371,383,421,433,445],"floor_reached":16,"playtime":569,"items_purged":[],"score":210,"play_id":"6c6fa61d-8548-463f-a488-e66e3e0fcc30","local_time":"20190707165233","is_ascension_mode":true,"campfire_choices":[{"data":"Sunder","floor":6.0,"key":"SMITH"},{"floor":8.0,"key":"RECALL"},{"floor":13.0,"key":"REST"},{"data":"Darkness","floor":15,"key":"SMITH"}],"neow_cost":"NONE","seed_source_timestamp":240811843148967,"circlet_count":0,"master_deck":["AscendersBane","Strike_B","Strike_B","Strike_B","Strike_B","Defend_B","Defend_B","Defend_B","Defend_B","Zap+1","Dualcast","Cold Snap","Gash","Sunder+1","Sweeping Beam","Darkness+1","Biased Cognition"],"special_seed":0,"relics":["Cracked Core","Bag of Marbles","Tiny Chest","MawBank","WingedGreaves"],"potions_floor_usage":[16,16],"damage_taken":[{"damage":0.0,"enemies":"Small Slimes","floor":1.0,"turns":3.0},{"damage":1.0,"enemies":"2 Louse","floor":3.0,"turns":3.0},{"damage":0.0,"enemies":"Cultist","floor":4.0,"turns":3.0},{"damage":12.0,"enemies":"3 Sentries","floor":7.0,"turns":6.0},{"damage":0.0,"enemies":"3 Louse","floor":10.0,"turns":2.0},{"damage":5.0,"enemies":"Gremlin Gang","floor":11.0,"turns":3.0},{"damage":13.0,"enemies":"Gremlin Nob","floor":12.0,"turns":4.0},{"damage":10,"enemies":"3 Sentries","floor":14,"turns":6},{"damage":34,"enemies":"The Guardian","floor":16,"turns":4}],"seed_played":"8258907288447019702","potions_obtained":[{"floor":5.0,"key":"Weak Potion"},{"floor":7.0,"key":"Block Potion"},{"floor":10.0,"key":"EssenceOfSteel"},{"floor":12.0,"key":"FearPotion"},{"floor":14,"key":"SteroidPotion"}],"is_trial":false,"path_per_floor":["M","?","M","M","?","R","E","R","T","M","M","E","R","E","R","B"],"character_chosen":"DEFECT","items_purchased":[],"campfire_rested":1,"item_purchase_floors":[],"current_hp_per_floor":[64,53,52,52,52,52,40,40,40,40,35,22,43,33,33,0],"gold":445,"neow_bonus":"UPGRADE_CARD","is_prod":false,"is_daily":false,"chose_seed":false,"campfire_upgraded":2,"win_rate":0,"timestamp":1562532753,"path_taken":["M","?","M","M","?","R","E","R","T","M","M","E","R","E","R","BOSS"],"build_version":"2019-07-03","purchased_purges":0,"victory":false,"max_hp_per_floor":[71,71,71,71,71,71,71,71,71,71,71,71,71,71,71,71],"card_choices":[{"not_picked":["Steam","Go for the Eyes"],"picked":"Cold Snap","floor":1.0},{"not_picked":["Skim","Chaos"],"picked":"Gash","floor":3.0},{"not_picked":["Thunder Strike","Cold Snap"],"picked":"Sunder","floor":4.0},{"not_picked":["Go for the Eyes","Turbo","Leap"],"picked":"SKIP","floor":7.0},{"not_picked":["Lockon","Tempest"],"picked":"Sweeping Beam","floor":10.0},{"not_picked":["Fusion","Heatsinks","Beam Cell"],"picked":"SKIP","floor":11.0},{"not_picked":["Go for the Eyes","Leap"],"picked":"Darkness","floor":12.0},{"not_picked":["Compile Driver","Reinforced Body"],"picked":"Biased Cognition","floor":14}],"player_experience":2606996,"relics_obtained":[{"floor":7.0,"key":"Bag of Marbles"},{"floor":9.0,"key":"Tiny Chest"},{"floor":12.0,"key":"MawBank"},{"floor":14,"key":"WingedGreaves"}],"event_choices":[{"damage_healed":0.0,"max_hp_gain":0.0,"max_hp_loss":0.0,"gold_gain":75.0,"event_name":"World of Goop","player_choice":"Gather Gold","floor":2.0,"gold_loss":0.0,"damage_taken":11.0},{"damage_healed":0.0,"max_hp_gain":0.0,"max_hp_loss":0.0,"gold_gain":0.0,"event_name":"The Woman in Blue","player_choice":"Bought 1 Potion","floor":5.0,"gold_loss":0.0,"damage_taken":0.0}],"is_beta":true,"boss_relics":[],"items_purged_floors":[],"is_endless":false,"potions_floor_spawned":[7,10,12,14],"killed_by":"The Guardian","ascension_level":15}