{"gold_per_floor":[113,113,131,146,158,158,174,174,200,200,234,234,244,256,256,355,355,373,385,401,78,98,98,130,147,171,171,171,171,19,32,32,32],"floor_reached":33,"playtime":1694,"items_purged":["Decay"],"score":312,"play_id":"a7640cf9-8baa-4a50-b424-680182fd2f0a","local_time":"20190207172650","is_ascension_mode":true,"campfire_choices":[{"data":"Bash","floor":6,"key":"SMITH"},{"data":"Pommel Strike","floor":8,"key":"SMITH"},{"data":"Carnage","floor":10,"key":"SMITH"},{"floor":15,"key":"REST"},{"data":"Footwork","floor":23,"key":"SMITH"},{"data":"True Grit","floor":27,"key":"SMITH"},{"floor":32,"key":"REST"}],"neow_cost":"NONE","seed_source_timestamp":0,"circlet_count":0,"master_deck":["Strike_R","Strike_R","Strike_R","Strike_R","Defend_R","Defend_R","Defend_R","Defend_R","Bash+1","Pommel Strike+1","Armaments+1","Battle Trance","Carnage+1","Wild Strike","Headbutt","Demon Form","Shrug It Off","Power Through","Immolate","Twin Strike","Flame Barrier","Heavy Blade","True Grit+1","Footwork+1","Beam Cell","Aggregate+1","Impervious","Infernal Blade","Cloak And Dagger+1"],"special_seed":0,"relics":["Burning Blood","Lantern","Strawberry","Philosopher\u0027s Stone","PrismaticShard","Omamori","Centennial Puzzle"],"potions_floor_usage":[11,16,22,24,24,25,33,33,33],"damage_taken":[{"damage":1.0,"enemies":"2 Louse","floor":1.0,"turns":2.0},{"damage":1.0,"enemies":"Cultist","floor":3.0,"turns":4.0},{"damage":8.0,"enemies":"Small Slimes","floor":4.0,"turns":5.0},{"damage":20,"enemies":"Exordium Wildlife","floor":5,"turns":7},{"damage":0,"enemies":"2 Fungi Beasts","floor":7,"turns":4},{"damage":30,"enemies":"Lagavulin","floor":11,"turns":4},{"damage":14,"enemies":"Lots of Slimes","floor":13,"turns":4},{"damage":11,"enemies":"Large Slime","floor":14,"turns":5},{"damage":29,"enemies":"The Guardian","floor":16,"turns":10},{"damage":29,"enemies":"3 Byrds","floor":18,"turns":5},{"damage":0,"enemies":"Chosen","floor":19,"turns":3},{"damage":19,"enemies":"Snecko","floor":20,"turns":3},{"damage":15,"enemies":"Snake Plant","floor":22,"turns":3},{"damage":21,"enemies":"Gremlin Leader","floor":24,"turns":8},{"damage":8,"enemies":"Centurion and Healer","floor":25,"turns":4},{"damage":1,"enemies":"Snecko","floor":31,"turns":3},{"damage":76,"enemies":"Collector","floor":33,"turns":7}],"seed_played":"2888447480843027406","potions_obtained":[{"floor":4,"key":"EssenceOfSteel"},{"floor":5,"key":"Weak Potion"},{"floor":7,"key":"LiquidBronze"},{"floor":11,"key":"SmokeBomb"},{"floor":13,"key":"SkillPotion"},{"floor":18,"key":"SteroidPotion"},{"floor":22,"key":"BloodPotion"},{"floor":24,"key":"Dexterity Potion"},{"floor":25,"key":"Weak Potion"},{"floor":31,"key":"Energy Potion"}],"is_trial":false,"path_per_floor":["M","?","M","M","M","R","M","R","T","R","E","?","M","M","R","B",null,"M","M","M","$","M","R","E","M","T","R","?","?","$","M","R","B"],"character_chosen":"IRONCLAD","items_purchased":["PrismaticShard","True Grit","Impervious","Infernal Blade"],"campfire_rested":2,"item_purchase_floors":[21,21,30,30],"current_hp_per_floor":[80,80,80,78,64,64,70,70,70,70,53,53,45,40,66,43,87,64,70,57,57,48,48,41,39,39,39,39,39,39,44,70,0],"gold":32,"neow_bonus":"THREE_CARDS","is_prod":false,"is_daily":false,"chose_seed":false,"campfire_upgraded":5,"win_rate":0,"timestamp":1549556810,"path_taken":["M","?","?","M","M","R","M","R","T","R","E","?","M","?","R","BOSS","M","M","M","$","M","R","E","M","T","R","?","?","$","M","R","BOSS"],"build_version":"2019-01-23","purchased_purges":1,"victory":false,"max_hp_per_floor":[80,80,80,80,80,80,80,80,80,80,87,87,87,87,87,87,87,87,87,87,87,87,87,87,87,87,87,87,87,87,87,87,87],"card_choices":[{"not_picked":["Havoc","Sword Boomerang"],"picked":"Pommel Strike","floor":0.0},{"not_picked":["Twin Strike","Ghostly Armor"],"picked":"Armaments","floor":1.0},{"not_picked":["Sever Soul","Burning Pact"],"picked":"Battle Trance","floor":3.0},{"not_picked":["Body Slam","Hemokinesis"],"picked":"Carnage","floor":4},{"not_picked":["Entrench","Burning Pact"],"picked":"Wild Strike","floor":5},{"not_picked":["Carnage","Wild Strike"],"picked":"Headbutt","floor":7},{"not_picked":["Metallicize","Headbutt"],"picked":"Demon Form","floor":11},{"not_picked":["Evolve","True Grit"],"picked":"Shrug It Off","floor":13},{"not_picked":["Sentinel","True Grit"],"picked":"Power Through","floor":14},{"not_picked":["Berserk","Offering"],"picked":"Immolate","floor":16},{"not_picked":["Heavy Blade","Flex"],"picked":"Twin Strike","floor":18},{"not_picked":["True Grit","Sword Boomerang"],"picked":"Flame Barrier","floor":19},{"not_picked":["Evolve","Shrug It Off"],"picked":"Heavy Blade","floor":20},{"not_picked":["Grand Finale","Dodge and Roll"],"picked":"Footwork","floor":22},{"not_picked":["Juggernaut","Sucker Punch"],"picked":"Beam Cell","floor":24},{"not_picked":["Sucker Punch","Compile Driver+1"],"picked":"Aggregate+1","floor":25},{"not_picked":["Underhanded Strike+1","Body Slam"],"picked":"Cloak And Dagger+1","floor":31}],"player_experience":229254,"relics_obtained":[{"floor":9,"key":"Lantern"},{"floor":11,"key":"Strawberry"},{"floor":24,"key":"Omamori"},{"floor":26,"key":"Centennial Puzzle"}],"event_choices":[{"damage_healed":0.0,"max_hp_gain":0.0,"max_hp_loss":0.0,"gold_gain":0.0,"event_name":"Upgrade Shrine","player_choice":"Upgraded","floor":2.0,"gold_loss":0.0,"damage_taken":0.0,"cards_upgraded":["Armaments"]},{"damage_healed":0,"gold_gain":0,"player_choice":"Cursed","damage_taken":0,"max_hp_gain":0,"max_hp_loss":0,"event_name":"Wheel of Change","floor":12,"gold_loss":0,"cards_obtained":["Decay"]},{"damage_healed":0,"gold_gain":0,"player_choice":"Smashed Altar","damage_taken":0,"max_hp_gain":0,"max_hp_loss":0,"event_name":"Forgotten Altar","floor":28,"gold_loss":0,"cards_obtained":["Decay"]},{"cards_removed":["Strike_R"],"damage_healed":0,"gold_gain":0,"player_choice":"Card Removal","damage_taken":0,"max_hp_gain":0,"max_hp_loss":0,"event_name":"Wheel of Change","floor":29,"gold_loss":0}],"is_beta":false,"boss_relics":[{"not_picked":["Sozu","Black Blood"],"picked":"Philosopher\u0027s Stone"}],"items_purged_floors":[21],"is_endless":false,"potions_floor_spawned":[4,5,7,11,13,18,22,24,25,31],"killed_by":"Collector","ascension_level":3}