{"gold_per_floor":[119,119,131,142,142,142,177,200,248,281,299,299,7,7,7,81,81,93,453,453],"floor_reached":20,"playtime":535,"items_purged":[],"score":315,"play_id":"668dd15f-4d13-4555-9986-e9cd16f9897d","local_time":"20190701211928","is_ascension_mode":true,"campfire_choices":[{"data":"Hemokinesis","floor":6.0,"key":"SMITH"},{"data":"Berserk","floor":12.0,"key":"SMITH"},{"data":"Battle Trance","floor":15.0,"key":"SMITH"}],"neow_cost":"NONE","seed_source_timestamp":1560312528791578,"circlet_count":0,"master_deck":["AscendersBane","Strike_R","Strike_R","Strike_R","Strike_R","Strike_R+1","Defend_R","Defend_R","Defend_R","Defend_R","Bash+1","Headbutt","Carnage+1","Hemokinesis+1","Battle Trance+1","Berserk+1","Feed"],"special_seed":0,"relics":["Burning Blood","Smiling Mask","Strawberry","Vajra","Calipers","Happy Flower","Bronze Scales","CultistMask","Snecko Eye"],"potions_floor_usage":[20],"damage_taken":[{"damage":3.0,"enemies":"2 Louse","floor":1.0,"turns":4.0},{"damage":1.0,"enemies":"Cultist","floor":3.0,"turns":3.0},{"damage":9.0,"enemies":"Jaw Worm","floor":4.0,"turns":3.0},{"damage":4.0,"enemies":"Gremlin Nob","floor":7.0,"turns":3.0},{"damage":27.0,"enemies":"Lagavulin","floor":10.0,"turns":5.0},{"damage":0.0,"enemies":"Large Slime","floor":11.0,"turns":2.0},{"damage":35.0,"enemies":"Hexaghost","floor":16.0,"turns":6.0},{"damage":11.0,"enemies":"2 Thieves","floor":18.0,"turns":2.0},{"damage":42,"enemies":"Shell Parasite","floor":20,"turns":3}],"seed_played":"2506603714287123631","potions_obtained":[{"floor":2.0,"key":"Block Potion"},{"floor":2.0,"key":"Fruit Juice"},{"floor":3.0,"key":"SteroidPotion"},{"floor":10.0,"key":"Fire Potion"}],"is_trial":false,"path_per_floor":["M","?","M","M","?","R","E","T","T","E","M","R","$","?","R","B",null,"M","?","M"],"character_chosen":"IRONCLAD","items_purchased":["Happy Flower","Bronze Scales"],"campfire_rested":0,"item_purchase_floors":[13,13],"current_hp_per_floor":[71,71,80,77,53,53,55,62,62,41,47,47,47,47,47,18,70,68,23,0],"gold":453,"neow_bonus":"UPGRADE_CARD","is_prod":false,"is_daily":false,"chose_seed":false,"campfire_upgraded":3,"win_rate":0,"timestamp":1562030368,"path_taken":["M","?","M","?","?","R","E","?","T","E","M","R","$","?","R","BOSS","M","?","?"],"build_version":"2019-06-30","purchased_purges":0,"victory":false,"max_hp_per_floor":[75,75,80,80,80,80,80,87,87,87,87,87,87,87,87,87,87,90,90,90],"card_choices":[{"not_picked":["Cleave","Warcry"],"picked":"Headbutt","floor":1.0},{"not_picked":["Rupture","Sword Boomerang"],"picked":"Carnage","floor":3.0},{"not_picked":["Clothesline","Perfected Strike"],"picked":"Hemokinesis","floor":4.0},{"not_picked":["Headbutt","Heavy Blade"],"picked":"Battle Trance","floor":7.0},{"not_picked":["Entrench","Twin Strike","Wild Strike"],"picked":"SKIP","floor":10.0},{"not_picked":["Infernal Blade","Twin Strike"],"picked":"Berserk","floor":11.0},{"not_picked":["Barricade","Limit Break"],"picked":"Feed","floor":16.0},{"not_picked":["Searing Blow","Rampage","Flex"],"picked":"SKIP","floor":18.0}],"player_experience":2582947,"relics_obtained":[{"floor":7.0,"key":"Smiling Mask"},{"floor":8.0,"key":"Strawberry"},{"floor":9.0,"key":"Vajra"},{"floor":10.0,"key":"Calipers"}],"event_choices":[{"damage_healed":0.0,"max_hp_gain":0.0,"max_hp_loss":0.0,"gold_gain":0.0,"event_name":"Lab","player_choice":"Got Potions","floor":2.0,"gold_loss":0.0,"damage_taken":0.0},{"damage_healed":0.0,"max_hp_gain":0.0,"max_hp_loss":0.0,"gold_gain":0.0,"event_name":"Shining Light","player_choice":"Entered Light","floor":5.0,"gold_loss":0.0,"damage_taken":24.0,"cards_upgraded":["Strike_R","Carnage"]},{"damage_healed":0.0,"max_hp_gain":0.0,"max_hp_loss":0.0,"gold_gain":0.0,"event_name":"FaceTrader","player_choice":"Trade","floor":14.0,"gold_loss":0.0,"damage_taken":0.0,"relics_obtained":["CultistMask"]},{"damage_healed":0.0,"max_hp_gain":0.0,"max_hp_loss":0.0,"gold_gain":360.0,"event_name":"Knowing Skull","player_choice":"GOLD GOLD GOLD GOLD ","floor":19.0,"potions_obtained":[],"gold_loss":0.0,"damage_taken":45.0,"cards_obtained":[]}],"is_beta":true,"boss_relics":[{"not_picked":["Runic Pyramid","Coffee Dripper"],"picked":"Snecko Eye"}],"items_purged_floors":[],"is_endless":false,"potions_floor_spawned":[3,10,16],"killed_by":"Shell Parasite","ascension_level":15}