{"gold_per_floor":[114,129,129,144,144,144,19,57,57,76,95,95,133,152,152,277,340,359,378,397,416,10,10,48,67,142,161,180,180,180,199,199,324,324,343,93,112,12,31,31,69,402,427,427,442,457,457,10,10,10],"floor_reached":51,"playtime":6792,"items_purged":["Slice","Writhe","Clumsy"],"score":838,"play_id":"87bc0f1b-b129-4133-8c0e-a4ff7c9f0612","local_time":"20190102203712","daily_mods":["Insanity","Colorless Cards","Terminal"],"is_ascension_mode":false,"campfire_choices":[{"data":"Discovery","floor":6,"key":"SMITH"},{"data":"Mind Blast","floor":12,"key":"SMITH"},{"data":"Sucker Punch","floor":15,"key":"SMITH"},{"data":"Adrenaline","floor":23,"key":"SMITH"},{"data":"Adrenaline","floor":29,"key":"SMITH"},{"data":"Footwork","floor":32,"key":"SMITH"},{"data":"Apotheosis","floor":40,"key":"SMITH"},{"data":"Dramatic Entrance","floor":47,"key":"SMITH"},{"data":"Discovery","floor":49,"key":"SMITH"}],"neow_cost":"","seed_source_timestamp":0,"circlet_count":0,"master_deck":["Dagger Spray","Deadly Poison","Acrobatics","Expertise","PiercingWail","Blade Dance","Deflect","Dagger Spray","Finisher","Expertise","Mind Blast+1","Sucker Punch+1","Leg Sweep","Dodge and Roll","PanicButton","Jack Of All Trades","PiercingWail","Terror","Bane","Acrobatics","Deadly Poison","Cloak And Dagger","Dagger Throw","Flying Knee","Deadly Poison","PiercingWail","Masterful Stab","Caltrops","Dodge and Roll","Well Laid Plans","All Out Attack","Infinite Blades","Deflect+1","Quick Slash","Dodge and Roll","Trip","PiercingWail","Quick Slash","Calculated Gamble","Skewer","Good Instincts","Infinite Blades","Bane","Underhanded Strike","Crippling Poison","Underhanded Strike","Cloak And Dagger","Leg Sweep","Discovery+1","Acrobatics","Quick Slash","Dagger Spray","Dramatic Entrance+1","Adrenaline+1","Bane","Backflip+1","Adrenaline+1","Discovery+1","Footwork+1","Bandage Up","Riddle With Holes+1","Backstab+1","Sucker Punch+1","Finesse","Apotheosis+1","Backflip+1","Sucker Punch+1","Deep Breath","Neutralize+1","Riddle With Holes+1","Masterful Stab+1"],"special_seed":17898,"relics":["Ring of the Snake","Regal Pillow","Meat on the Bone","Thread and Needle","Tiny House","Shuriken","Darkstone Periapt","Matryoshka","Molten Egg 2","Cursed Key","Mercury Hourglass","Blood Vial","Art of War","Bronze Scales","Mummified Hand"],"potions_floor_usage":[8,16,16,33,33,45,45,50,50],"damage_taken":[{"damage":0,"enemies":"Jaw Worm","floor":1,"turns":1},{"damage":0,"enemies":"Cultist","floor":2,"turns":1},{"damage":0,"enemies":"2 Louse","floor":4,"turns":2},{"damage":8,"enemies":"Lagavulin","floor":8,"turns":5},{"damage":0,"enemies":"2 Fungi Beasts","floor":10,"turns":2},{"damage":0,"enemies":"Blue Slaver","floor":11,"turns":1},{"damage":0,"enemies":"Gremlin Nob","floor":13,"turns":2},{"damage":0,"enemies":"Exordium Wildlife","floor":14,"turns":2},{"damage":9,"enemies":"The Guardian","floor":16,"turns":9},{"damage":3,"enemies":"Shell Parasite","floor":18,"turns":2},{"damage":0,"enemies":"3 Byrds","floor":19,"turns":5},{"damage":0,"enemies":"Centurion and Healer","floor":20,"turns":4},{"damage":0,"enemies":"3 Cultists","floor":21,"turns":4},{"damage":5,"enemies":"Slavers","floor":24,"turns":4},{"damage":0,"enemies":"Shelled Parasite and Fungi","floor":25,"turns":4},{"damage":0,"enemies":"Snake Plant","floor":27,"turns":2},{"damage":0,"enemies":"Cultist and Chosen","floor":28,"turns":3},{"damage":0,"enemies":"Centurion and Healer","floor":31,"turns":3},{"damage":11,"enemies":"Automaton","floor":33,"turns":13},{"damage":6,"enemies":"3 Shapes","floor":35,"turns":5},{"damage":0,"enemies":"Orb Walker","floor":37,"turns":1},{"damage":0,"enemies":"Sphere and 2 Shapes","floor":39,"turns":3},{"damage":0,"enemies":"Giant Head","floor":41,"turns":4},{"damage":0,"enemies":"Transient","floor":45,"turns":5},{"damage":0,"enemies":"Spire Growth","floor":46,"turns":2},{"damage":28,"enemies":"Time Eater","floor":50,"turns":11}],"seed_played":"-1260152558293365806","potions_obtained":[{"floor":8,"key":"FearPotion"},{"floor":10,"key":"Weak Potion"},{"floor":11,"key":"AttackPotion"},{"floor":17,"key":"GhostInAJar"},{"floor":21,"key":"Explosive Potion"},{"floor":27,"key":"SpeedPotion"},{"floor":33,"key":"Dexterity Potion"},{"floor":35,"key":"EssenceOfSteel"},{"floor":39,"key":"Fire Potion"},{"floor":46,"key":"SkillPotion"}],"is_trial":false,"path_per_floor":["M","M","?","M","?","R","$","E","T","M","M","R","E","M","R","B",null,"M","M","M","M","$","R","E","M","T","M","M","R","?","M","R","B",null,"M","$","M","$","M","R","E","?","T","?","M","M","R","$","R","B",null],"character_chosen":"THE_SILENT","items_purchased":["Energy Potion","Shuriken","Discovery","Footwork","Mercury Hourglass","Mummified Hand","Masterful Stab+1"],"campfire_rested":0,"item_purchase_floors":[7,22,22,22,36,48,48],"current_hp_per_floor":[68,67,66,65,49,49,49,41,41,41,41,41,41,41,41,32,57,54,54,54,53,52,51,46,46,46,47,46,45,50,49,48,41,46,40,40,40,40,40,40,39,38,43,42,41,40,39,38,37,25],"gold":10,"neow_bonus":"","is_prod":false,"is_daily":true,"chose_seed":false,"campfire_upgraded":9,"win_rate":0,"timestamp":1546457832,"path_taken":["M","M","?","?","?","R","$","E","T","M","M","R","E","M","R","BOSS","M","M","M","M","$","R","E","M","T","M","M","R","?","M","R","BOSS","M","$","M","$","M","R","E","?","T","?","M","M","R","$","R","BOSS"],"build_version":"2018-12-20","purchased_purges":3,"victory":true,"max_hp_per_floor":[68,67,66,65,64,63,62,61,60,59,58,57,56,55,54,53,57,56,55,54,53,52,51,50,49,48,47,46,45,50,49,48,47,46,45,44,43,42,41,40,39,38,43,42,41,40,39,38,37,36],"card_choices":[{"not_picked":["Cloak And Dagger","Bane"],"picked":"Discovery","floor":1},{"not_picked":["Dodge and Roll","Choke","Concentrate"],"picked":"SKIP","floor":2},{"not_picked":["Dodge and Roll","Swift Strike","Deflect"],"picked":"SKIP","floor":4},{"not_picked":["Sucker Punch","Outmaneuver","Poisoned Stab"],"picked":"SKIP","floor":8},{"not_picked":["Poisoned Stab","Blade Dance"],"picked":"Acrobatics","floor":10},{"not_picked":["Underhanded Strike","Chrysalis"],"picked":"Quick Slash","floor":11},{"not_picked":["Flying Knee","Acrobatics"],"picked":"Dagger Spray","floor":13},{"not_picked":["Outmaneuver","Flash of Steel"],"picked":"Dramatic Entrance","floor":14},{"not_picked":["A Thousand Cuts","Glass Knife"],"picked":"Adrenaline","floor":16},{"not_picked":["Skewer","Slice"],"picked":"Bane","floor":17},{"not_picked":["Sucker Punch","Slice","Infinite Blades"],"picked":"SKIP","floor":18},{"not_picked":["Quick Slash","Madness"],"picked":"Backflip+1","floor":19},{"not_picked":["Sucker Punch","Setup+1"],"picked":"Adrenaline","floor":20},{"not_picked":["Quick Slash","Dagger Throw","Blade Dance"],"picked":"SKIP","floor":21},{"not_picked":["Dagger Spray","Deflect"],"picked":"Bandage Up","floor":24},{"not_picked":["Cloak And Dagger","Calculated Gamble+1"],"picked":"Riddle With Holes+1","floor":25},{"not_picked":["Flash of Steel","Dagger Spray"],"picked":"Backstab+1","floor":27},{"not_picked":["Underhanded Strike+1","Acrobatics"],"picked":"Sucker Punch+1","floor":28},{"not_picked":["Acrobatics+1","Deflect+1"],"picked":"Finesse","floor":31},{"not_picked":["Violence","Panache"],"picked":"Apotheosis","floor":33},{"not_picked":["Prepared","Poisoned Stab+1","Blade Dance"],"picked":"SKIP","floor":35},{"not_picked":["Slice+1","Outmaneuver","Impatience+1"],"picked":"SKIP","floor":37},{"not_picked":["Flying Knee+1","Dagger Spray+1"],"picked":"Backflip+1","floor":39},{"not_picked":["Acrobatics+1","Storm of Steel"],"picked":"Sucker Punch+1","floor":41},{"not_picked":["PiercingWail","Predator+1"],"picked":"Riddle With Holes+1","floor":45},{"not_picked":["Sucker Punch+1","Acrobatics+1","Cloak And Dagger+1"],"picked":"SKIP","floor":46}],"player_experience":128522,"relics_obtained":[{"floor":8,"key":"Regal Pillow"},{"floor":9,"key":"Meat on the Bone"},{"floor":13,"key":"Thread and Needle"},{"floor":24,"key":"Darkstone Periapt"},{"floor":26,"key":"Matryoshka"},{"floor":41,"key":"Blood Vial"},{"floor":43,"key":"Art of War"},{"floor":43,"key":"Bronze Scales"}],"event_choices":[{"cards_removed":["Slice"],"damage_healed":5,"gold_gain":0,"player_choice":"Offered Common","damage_taken":0,"max_hp_gain":0,"max_hp_loss":0,"event_name":"Bonfire Elementals","floor":3,"gold_loss":0},{"cards_removed":["Slice"],"damage_healed":5,"gold_gain":0,"player_choice":"Offered Special","damage_taken":0,"max_hp_gain":0,"max_hp_loss":0,"event_name":"Bonfire Elementals","floor":3,"gold_loss":0},{"damage_healed":0,"gold_gain":0,"player_choice":"Take Damage","damage_taken":16,"relics_obtained":["Golden Idol"],"max_hp_gain":0,"max_hp_loss":0,"event_name":"Golden Idol","floor":5,"gold_loss":0},{"damage_healed":0,"gold_gain":0,"player_choice":"Opened","damage_taken":0,"relics_obtained":["Molten Egg 2"],"max_hp_gain":0,"max_hp_loss":0,"event_name":"The Mausoleum","floor":30,"gold_loss":0,"cards_obtained":["Writhe"]},{"damage_healed":0,"gold_gain":333,"player_choice":"Gave Idol","damage_taken":0,"max_hp_gain":0,"max_hp_loss":0,"event_name":"The Moai Head","floor":42,"relics_lost":["Golden Idol"],"gold_loss":0},{"damage_healed":0,"gold_gain":0,"player_choice":"2 cards matched","damage_taken":0,"max_hp_gain":0,"max_hp_loss":0,"event_name":"Match and Keep!","floor":44,"gold_loss":0,"cards_obtained":["Deep Breath","Neutralize"]}],"is_beta":false,"boss_relics":[{"not_picked":["Snecko Eye","Sozu"],"picked":"Tiny House"},{"not_picked":["Runic Dome","Coffee Dripper"],"picked":"Cursed Key"}],"items_purged_floors":[7,38,48],"is_endless":false,"potions_floor_spawned":[8,10,11,21,25,27,31,33,35,39,46],"ascension_level":0}