{"gold_per_floor":[119,73,84,96,113,113,113,113,113,126,153,153,153,168,168,273,273,289,308,326,344,17,17,17,17,17,17,30,44,44],"floor_reached":30,"playtime":2864,"items_purged":["Strike_R"],"score":234,"play_id":"dcca50ff-23ff-4ee6-9de9-ae057af293aa","local_time":"20190116212849","is_ascension_mode":false,"campfire_choices":[{"data":"Armaments","floor":6,"key":"SMITH"},{"data":"Bash","floor":8,"key":"SMITH"},{"data":"Bludgeon","floor":15,"key":"SMITH"},{"floor":25,"key":"REST"},{"data":"Infernal Blade","floor":27,"key":"SMITH"}],"neow_cost":"NONE","seed_source_timestamp":2098395365100,"circlet_count":0,"master_deck":["Strike_R","Strike_R+1","Strike_R","Strike_R","Defend_R+1","Defend_R","Defend_R","Defend_R","Bash+1","Bludgeon+1","Cleave","Anger","Headbutt","Inflame+1","Armaments+1","Deep Breath","Reaper","Whirlwind","Iron Wave","Dark Embrace","Armaments","Infernal Blade+1","Metallicize","Feel No Pain+1","Immolate","Corruption","Sword Boomerang","Ghostly Armor+1"],"relics":["Burning Blood","Pantograph","Philosopher\u0027s Stone","Membership Card","Nloth\u0027s Gift","Ornamental Fan"],"potions_floor_usage":[11,18,29],"damage_taken":[{"damage":1,"enemies":"Cultist","floor":1,"turns":3},{"damage":4,"enemies":"2 Louse","floor":3,"turns":3},{"damage":0,"enemies":"Small Slimes","floor":4,"turns":2},{"damage":8,"enemies":"Red Slaver","floor":5,"turns":3},{"damage":0,"enemies":"2 Fungi Beasts","floor":10,"turns":3},{"damage":8,"enemies":"Lagavulin","floor":11,"turns":5},{"damage":0,"enemies":"Lots of Slimes","floor":14,"turns":1},{"damage":50,"enemies":"The Guardian","floor":16,"turns":10},{"damage":22,"enemies":"2 Thieves","floor":18,"turns":2},{"damage":0,"enemies":"3 Byrds","floor":19,"turns":3},{"damage":36,"enemies":"Snake Plant","floor":20,"turns":4},{"damage":21,"enemies":"Snecko","floor":21,"turns":5},{"damage":7,"enemies":"Centurion and Healer","floor":28,"turns":4},{"damage":42,"enemies":"Snake Plant","floor":29,"turns":5},{"damage":19,"enemies":"Sentry and Sphere","floor":30,"turns":3}],"seed_played":"-3047913436811429396","potions_obtained":[{"floor":4,"key":"AttackPotion"},{"floor":14,"key":"Ancient Potion"},{"floor":16,"key":"Energy Potion"},{"floor":20,"key":"Weak Potion"},{"floor":21,"key":"Weak Potion"}],"is_trial":false,"path_per_floor":["M","$","M","M","M","R","?","R","T","M","E","?","?","M","R","B",null,"M","M","M","M","$","?","$","R","T","R","M","M","M"],"character_chosen":"IRONCLAD","items_purchased":["Anger","Membership Card","Immolate","Corruption"],"campfire_rested":1,"item_purchase_floors":[2,22,22,22],"current_hp_per_floor":[80,80,80,80,78,78,78,78,78,80,78,62,62,68,68,44,80,64,70,40,25,25,25,25,49,49,49,48,12,0],"gold":44,"neow_bonus":"ONE_RANDOM_RARE_CARD","is_prod":false,"is_daily":false,"chose_seed":false,"campfire_upgraded":4,"win_rate":0,"timestamp":1547670529,"path_taken":["M","$","M","M","M","R","?","R","T","?","E","?","?","M","R","BOSS","M","?","M","M","?","?","$","R","T","R","?","M","M"],"build_version":"2019-01-10","purchased_purges":1,"victory":false,"max_hp_per_floor":[80,80,80,80,80,80,80,80,80,80,80,80,80,80,80,80,80,80,80,80,80,80,80,80,80,80,80,80,80,80],"card_choices":[{"not_picked":["Thunderclap","Bloodletting"],"picked":"Cleave","floor":1},{"not_picked":["Blood for Blood","Sever Soul"],"picked":"Headbutt","floor":3},{"not_picked":["Perfected Strike","Corruption"],"picked":"Inflame","floor":4},{"not_picked":["Flex","Thunderclap"],"picked":"Armaments","floor":5},{"not_picked":["Hemokinesis","Searing Blow"],"picked":"Reaper","floor":10},{"not_picked":["Heavy Blade","Pummel"],"picked":"Whirlwind","floor":11},{"not_picked":["Flex","Burning Pact"],"picked":"Iron Wave","floor":14},{"not_picked":["Bludgeon","Berserk"],"picked":"Dark Embrace","floor":16},{"not_picked":["Evolve","Anger"],"picked":"Armaments","floor":18},{"not_picked":["Feel No Pain","Clash"],"picked":"Infernal Blade","floor":19},{"not_picked":["Wild Strike","Thunderclap"],"picked":"Metallicize","floor":20},{"not_picked":["Heavy Blade+1","Sever Soul"],"picked":"Feel No Pain+1","floor":21},{"not_picked":["Demon Form","Heavy Blade"],"picked":"Sword Boomerang","floor":28},{"not_picked":["Anger+1","Twin Strike"],"picked":"Ghostly Armor+1","floor":29}],"player_experience":170724,"relics_obtained":[{"floor":9,"key":"Pantograph"},{"floor":11,"key":"Vajra"},{"floor":26,"key":"Ornamental Fan"}],"event_choices":[{"damage_healed":0,"gold_gain":0,"player_choice":"1 cards matched","damage_taken":0,"max_hp_gain":0,"max_hp_loss":0,"event_name":"Match and Keep!","floor":7,"gold_loss":0,"cards_obtained":["Deep Breath"]},{"damage_healed":0,"gold_gain":0,"player_choice":"Entered Light","damage_taken":16,"max_hp_gain":0,"max_hp_loss":0,"event_name":"Shining Light","floor":12,"gold_loss":0,"cards_upgraded":["Strike_R","Defend_R"]},{"damage_healed":0,"gold_gain":0,"player_choice":"Forge","damage_taken":0,"max_hp_gain":0,"max_hp_loss":0,"event_name":"Accursed Blacksmith","floor":13,"gold_loss":0,"cards_upgraded":["Inflame"]},{"damage_healed":0,"gold_gain":0,"player_choice":"Traded Relic","damage_taken":0,"relics_obtained":["Nloth\u0027s Gift"],"max_hp_gain":0,"max_hp_loss":0,"event_name":"N\u0027loth","floor":23,"relics_lost":["Vajra"],"gold_loss":0}],"is_beta":false,"boss_relics":[{"not_picked":["Coffee Dripper","Pandora\u0027s Box"],"picked":"Philosopher\u0027s Stone"}],"items_purged_floors":[22],"is_endless":false,"potions_floor_spawned":[4,14,16,20,21],"killed_by":"Sentry and Sphere","ascension_level":0}