{"gold_per_floor":[111,131,146,146,156,156,81,108,108,108,143,143,205,216,216,287,287,303,303,303,1,1,1,34,34,87,119,37,37,55,110,110,110],"floor_reached":33,"playtime":976,"items_purged":["Decay"],"score":566,"play_id":"838047b1-1a80-445b-94df-fdbed5282b99","local_time":"20190625190712","is_ascension_mode":true,"campfire_choices":[{"data":"Hemokinesis","floor":6.0,"key":"SMITH"},{"data":"Feed","floor":10.0,"key":"SMITH"},{"floor":12.0,"key":"REST"},{"data":"Metallicize","floor":15.0,"key":"SMITH"},{"floor":23,"key":"REST"},{"floor":25,"key":"REST"},{"floor":29,"key":"REST"},{"data":"Corruption","floor":32,"key":"SMITH"}],"neow_cost":"NONE","seed_source_timestamp":1033415645730360,"circlet_count":0,"master_deck":["AscendersBane","Strike_R+1","Strike_R+1","Strike_R+1","Defend_R+1","Defend_R+1","Defend_R+1","Defend_R+1","Bash+1","Clothesline","Cleave","Hemokinesis+1","Feed+1","Metallicize+1","Anger","Double Tap","Immolate+1","Headbutt+1","Warcry","Disarm","Necronomicurse","Shrug It Off+1","Carnage","Corruption+1","Burning Pact","Metallicize+1"],"special_seed":0,"relics":["Burning Blood","Dodecahedron","Strawberry","Blood Vial","Orrery","Happy Flower","Necronomicon","Oddly Smooth Stone","Omamori","Whetstone","Tiny Chest"],"potions_floor_usage":[16,27,33],"damage_taken":[{"damage":0.0,"enemies":"Cultist","floor":1.0,"turns":3.0},{"damage":4.0,"enemies":"Jaw Worm","floor":2.0,"turns":4.0},{"damage":0.0,"enemies":"Small Slimes","floor":3.0,"turns":3.0},{"damage":28.0,"enemies":"Exordium Thugs","floor":5.0,"turns":5.0},{"damage":20.0,"enemies":"Gremlin Nob","floor":8.0,"turns":3.0},{"damage":34.0,"enemies":"3 Sentries","floor":11.0,"turns":9.0},{"damage":29.0,"enemies":"Lagavulin Event","floor":13.0,"turns":5.0},{"damage":6.0,"enemies":"2 Fungi Beasts","floor":14.0,"turns":3.0},{"damage":26,"enemies":"Hexaghost","floor":16,"turns":9},{"damage":37,"enemies":"Shell Parasite","floor":18,"turns":5},{"damage":37,"enemies":"Book of Stabbing","floor":24,"turns":5},{"damage":26,"enemies":"Slavers","floor":27,"turns":3},{"damage":4,"enemies":"Spheric Guardian","floor":30,"turns":3},{"damage":16,"enemies":"Gremlin Leader","floor":31,"turns":4},{"damage":69,"enemies":"Automaton","floor":33,"turns":9}],"seed_played":"-6847914559420784629","potions_obtained":[{"floor":8.0,"key":"Weak Potion"},{"floor":11.0,"key":"SteroidPotion"},{"floor":16,"key":"Energy Potion"},{"floor":24,"key":"AttackPotion"}],"is_trial":false,"path_per_floor":["M","M","M","?","M","R","?","E","T","R","E","R","?","M","R","B",null,"M","?","?","$","?","R","E","R","T","E","$","R","M","E","R","B"],"character_chosen":"IRONCLAD","items_purchased":["Happy Flower","Disarm","Corruption"],"campfire_rested":4,"item_purchase_floors":[21,21,28],"current_hp_per_floor":[74,75,75,75,53,53,53,39,39,39,22,47,24,30,30,12,71,46,46,46,46,25,53,24,52,52,38,38,67,71,67,67,0],"gold":110,"neow_bonus":"UPGRADE_CARD","is_prod":false,"is_daily":false,"chose_seed":false,"campfire_upgraded":4,"win_rate":0,"timestamp":1561504032,"path_taken":["M","M","?","?","M","R","?","E","T","R","E","R","?","?","R","BOSS","M","?","?","$","?","R","E","R","T","E","$","R","M","E","R","BOSS"],"build_version":"2019-06-24","purchased_purges":1,"victory":false,"max_hp_per_floor":[75,75,75,75,75,75,75,75,75,75,86,86,86,90,90,90,90,94,94,94,94,94,94,94,94,94,98,98,98,98,102,102,102],"card_choices":[{"not_picked":["Armaments","Warcry"],"picked":"Clothesline","floor":1.0},{"not_picked":["Burning Pact","Pommel Strike"],"picked":"Cleave","floor":2.0},{"not_picked":["Havoc","Pummel","Dropkick"],"picked":"SKIP","floor":3.0},{"not_picked":["Fire Breathing","Uppercut"],"picked":"Hemokinesis","floor":5.0},{"not_picked":["Anger","Cleave"],"picked":"Feed","floor":8.0},{"not_picked":["Rage","Sentinel"],"picked":"Metallicize","floor":11.0},{"not_picked":["Clothesline","Metallicize"],"picked":"Anger","floor":14.0},{"not_picked":["Dark Embrace","Brutality"],"picked":"Double Tap","floor":16},{"not_picked":["Feel No Pain","Anger"],"picked":"Immolate","floor":17},{"not_picked":["Havoc","Bloodletting"],"picked":"Headbutt","floor":17},{"not_picked":["Armaments","Clash"],"picked":"Warcry","floor":17},{"not_picked":["Heavy Blade","Infernal Blade","Metallicize"],"picked":"SKIP","floor":18},{"not_picked":["Clothesline","Feel No Pain+1"],"picked":"Shrug It Off+1","floor":24},{"not_picked":["Second Wind","Sword Boomerang"],"picked":"Carnage","floor":27},{"not_picked":["Pommel Strike+1","Perfected Strike+1"],"picked":"Burning Pact","floor":30},{"not_picked":["Entrench","Perfected Strike"],"picked":"Metallicize+1","floor":31}],"player_experience":2567097,"relics_obtained":[{"floor":8.0,"key":"Dodecahedron"},{"floor":11.0,"key":"Strawberry"},{"floor":13.0,"key":"Blood Vial"},{"floor":22,"key":"Necronomicon"},{"floor":24,"key":"Oddly Smooth Stone"},{"floor":26,"key":"Omamori"},{"floor":27,"key":"Whetstone"},{"floor":31,"key":"Tiny Chest"}],"event_choices":[{"cards_removed":["Strike_R"],"damage_healed":0.0,"max_hp_gain":0.0,"max_hp_loss":0.0,"gold_gain":0.0,"event_name":"Living Wall","player_choice":"Forget","floor":4.0,"gold_loss":0.0,"damage_taken":0.0},{"cards_removed":["Strike_R"],"damage_healed":0.0,"max_hp_gain":0.0,"max_hp_loss":0.0,"gold_gain":0.0,"event_name":"The Cleric","player_choice":"Card Removal","floor":7.0,"gold_loss":75.0,"damage_taken":0.0},{"damage_healed":0.0,"max_hp_gain":0.0,"max_hp_loss":0.0,"gold_gain":0.0,"event_name":"Dead Adventurer","player_choice":"Searched \u00271\u0027 times","floor":13.0,"gold_loss":0.0,"damage_taken":0.0},{"damage_healed":0,"gold_gain":0,"player_choice":"Smashed Altar","damage_taken":0,"max_hp_gain":0,"max_hp_loss":0,"event_name":"Forgotten Altar","floor":19,"gold_loss":0,"cards_obtained":["Decay"]},{"damage_healed":0,"gold_gain":0,"player_choice":"Simplicity","damage_taken":0,"max_hp_gain":0,"max_hp_loss":0,"event_name":"Back to Basics","floor":20,"gold_loss":0,"cards_upgraded":["Strike_R","Strike_R","Strike_R","Defend_R","Defend_R","Defend_R","Defend_R"]},{"damage_healed":0,"gold_gain":0,"player_choice":"Obtained Book","damage_taken":21,"max_hp_gain":0,"max_hp_loss":0,"event_name":"Cursed Tome","floor":22,"gold_loss":0}],"is_beta":true,"boss_relics":[{"not_picked":["Lizard Tail","Eternal Feather"],"picked":"Orrery"}],"items_purged_floors":[21],"is_endless":false,"potions_floor_spawned":[8,11,16,24],"killed_by":"Automaton","ascension_level":15}