{"gold_per_floor":[113,131,147,29,44,44,71,71,94,94,269,46,78,92,92,193,193,207,70,70,170,189,189],"floor_reached":23,"playtime":1499,"items_purged":["Doubt"],"score":224,"play_id":"ece8b605-c067-4ba2-a421-fca5ec04752b","local_time":"20190325205713","is_ascension_mode":false,"campfire_choices":[{"data":"Loop","floor":6,"key":"SMITH"},{"data":"Fusion","floor":8,"key":"SMITH"},{"data":"Zap","floor":10,"key":"SMITH"},{"data":"Consume","floor":15,"key":"SMITH"}],"neow_cost":"NONE","seed_source_timestamp":204735563748400,"circlet_count":0,"master_deck":["Strike_B","Strike_B+1","Strike_B+1","Strike_B","Defend_B","Defend_B","Defend_B","Defend_B","Zap+1","Dualcast","Fusion+1","Steam","Chill","Loop+1","Conserve Battery","Reprogram","Leap","Thunder Strike","Consume+1","Fission","Coolheaded","Leap","Barrage","Cold Snap","Turbo","Stack+1","Seek","Darkness"],"relics":["Cracked Core","Whetstone","Oddly Smooth Stone","Bronze Scales","Art of War","Blood Vial","Orrery"],"potions_floor_usage":[13,23],"damage_taken":[{"damage":0,"enemies":"Cultist","floor":1,"turns":3},{"damage":6,"enemies":"Jaw Worm","floor":2,"turns":3},{"damage":0,"enemies":"Small Slimes","floor":3,"turns":2},{"damage":8,"enemies":"Red Slaver","floor":5,"turns":5},{"damage":21,"enemies":"3 Sentries","floor":7,"turns":14},{"damage":0,"enemies":"Gremlin Nob","floor":13,"turns":4},{"damage":1,"enemies":"Exordium Wildlife","floor":14,"turns":5},{"damage":19,"enemies":"Hexaghost","floor":16,"turns":12},{"damage":10,"enemies":"Shell Parasite","floor":18,"turns":8},{"damage":0,"enemies":"Spheric Guardian","floor":22,"turns":3},{"damage":75,"enemies":"Gremlin Leader","floor":23,"turns":10}],"seed_played":"-9098407441848900614","potions_obtained":[{"floor":1,"key":"EssenceOfSteel"},{"floor":13,"key":"AttackPotion"},{"floor":18,"key":"Poison Potion"}],"is_trial":false,"path_per_floor":["M","M","M","$","M","R","E","R","T","R","?","$","E","M","R","B",null,"M","$","?","?","M","E"],"character_chosen":"DEFECT","items_purchased":["Loop","Conserve Battery","Art of War","Seek"],"campfire_rested":0,"item_purchase_floors":[4,4,12,19],"current_hp_per_floor":[75,69,69,69,61,61,40,40,40,40,40,40,40,41,41,24,75,65,65,65,65,67,0],"gold":189,"neow_bonus":"RANDOM_COMMON_RELIC","is_prod":false,"is_daily":false,"chose_seed":false,"campfire_upgraded":4,"win_rate":0,"timestamp":1553543833,"path_taken":["M","M","M","$","M","R","E","R","T","R","?","$","E","M","R","BOSS","M","$","?","?","M","E"],"build_version":"2019-01-23","purchased_purges":1,"victory":false,"max_hp_per_floor":[75,75,75,75,75,75,75,75,75,75,75,75,75,75,75,75,75,75,75,75,75,75,75],"card_choices":[{"not_picked":["Skim","Compile Driver"],"picked":"Fusion","floor":1},{"not_picked":["Barrage","Self Repair"],"picked":"Steam","floor":2},{"not_picked":["Skim","Hologram"],"picked":"Chill","floor":3},{"not_picked":["Beam Cell","Go for the Eyes"],"picked":"Reprogram","floor":5},{"not_picked":["Gash","Aggregate"],"picked":"Leap","floor":7},{"not_picked":["Turbo","Ball Lightning"],"picked":"Thunder Strike","floor":13},{"not_picked":["Tempest","Compile Driver"],"picked":"Consume","floor":14},{"not_picked":["Biased Cognition","Rainbow"],"picked":"Fission","floor":16},{"not_picked":["Conserve Battery","Undo"],"picked":"Coolheaded","floor":17},{"not_picked":["Sunder","Lockon"],"picked":"Leap","floor":17},{"not_picked":["Rebound","Coolheaded"],"picked":"Barrage","floor":17},{"not_picked":["Conserve Battery","Streamline"],"picked":"Cold Snap","floor":17},{"not_picked":["Leap","Coolheaded"],"picked":"Turbo","floor":17},{"not_picked":["Ball Lightning","Storm"],"picked":"Stack+1","floor":18},{"not_picked":["Consume+1","Beam Cell+1"],"picked":"Darkness","floor":22}],"player_experience":265079,"relics_obtained":[{"floor":7,"key":"Oddly Smooth Stone"},{"floor":9,"key":"Bronze Scales"},{"floor":13,"key":"Blood Vial"}],"event_choices":[{"damage_healed":0,"gold_gain":175,"player_choice":"AGREE","damage_taken":0,"max_hp_gain":0,"max_hp_loss":0,"event_name":"Liars Game","floor":11,"gold_loss":0,"cards_obtained":["Doubt"]},{"damage_healed":0,"gold_gain":0,"player_choice":"Ignored","damage_taken":0,"max_hp_gain":0,"max_hp_loss":0,"event_name":"Beggar","floor":20,"gold_loss":0},{"damage_healed":0,"gold_gain":100,"player_choice":"Pray","damage_taken":0,"max_hp_gain":0,"max_hp_loss":0,"event_name":"Golden Shrine","floor":21,"gold_loss":0}],"is_beta":false,"boss_relics":[{"not_picked":["Lizard Tail","Black Star"],"picked":"Orrery"}],"items_purged_floors":[12],"is_endless":false,"potions_floor_spawned":[1,13,18],"killed_by":"Gremlin Leader","ascension_level":0}