{"gold_per_floor":[114,129,144,159,159,159,189,189,189,204,219,249,249,264,264,364,414,429,429,37,37,52,82,97,97,97,112,127,142,142,157,157,257,257,272,317,317,64,79,109,124,154,154,154,154,169,21,36,36,36],"floor_reached":51,"playtime":4456,"items_purged":["Sunder"],"score":770,"play_id":"668ad491-0981-4fab-95c2-45c2fc2c2f1e","local_time":"20181226192106","daily_mods":["Chimera","Vintage","DeadlyEvents"],"is_ascension_mode":false,"campfire_choices":[{"data":"Zap","floor":6,"key":"SMITH"},{"floor":8,"key":"REST"},{"data":"Cold Snap","floor":15,"key":"SMITH"},{"floor":25,"key":"REST"},{"floor":30,"key":"REST"},{"floor":32,"key":"REST"},{"floor":45,"key":"REST"},{"floor":49,"key":"REST"}],"neow_cost":"","seed_source_timestamp":16688056514000,"circlet_count":0,"master_deck":["Survivor","Zap+1","Strike_R+1","Strike_G+1","Strike_B+1","Defend_R","Defend_G","Defend_B","Cold Snap+1","Melter","White Noise","Violence","Hello World","Core Surge","Redo+1","Steam+1","Conserve Battery+1","Buffer+1","Apotheosis+1","Force Field+1","Conserve Battery+1","Redo+1","Hello World+1","Cold Snap+1"],"special_seed":17891,"relics":["Cracked Core","Bottled Lightning","Bag of Preparation","Question Card","Girya","Singing Bowl","Pear","Shuriken","Vajra","Dream Catcher","Nunchaku","Unceasing Top","Tiny House","Pen Nib","MutagenicStrength","Strange Spoon","Whetstone","Mercury Hourglass","Toxic Egg 2","Bronze Scales","Mummified Hand","Frozen Egg 2","Letter Opener","Boot","Inserter","Anchor","Tiny Chest","Blood Vial","Orichalcum","Omamori","Dodecahedron","Sundial","Strawberry","Symbiotic Virus","Art of War"],"potions_floor_usage":[7,17,23,31,33,40,42,50,50],"damage_taken":[{"damage":4,"enemies":"Cultist","floor":1,"turns":4},{"damage":1,"enemies":"Jaw Worm","floor":2,"turns":5},{"damage":2,"enemies":"Small Slimes","floor":3,"turns":5},{"damage":4,"enemies":"3 Louse","floor":4,"turns":5},{"damage":19,"enemies":"3 Sentries","floor":7,"turns":8},{"damage":0,"enemies":"Blue Slaver","floor":10,"turns":3},{"damage":3,"enemies":"Red Slaver","floor":11,"turns":3},{"damage":9,"enemies":"Lagavulin","floor":12,"turns":6},{"damage":0,"enemies":"Large Slime","floor":14,"turns":6},{"damage":29,"enemies":"Slime Boss","floor":16,"turns":12},{"damage":2,"enemies":"Shell Parasite","floor":18,"turns":4},{"damage":35,"enemies":"3 Byrds","floor":22,"turns":5},{"damage":42,"enemies":"Slavers","floor":23,"turns":5},{"damage":15,"enemies":"Snecko","floor":24,"turns":6},{"damage":0,"enemies":"Sentry and Sphere","floor":27,"turns":1},{"damage":0,"enemies":"Cultist and Chosen","floor":28,"turns":4},{"damage":0,"enemies":"Snake Plant","floor":29,"turns":2},{"damage":20,"enemies":"Centurion and Healer","floor":31,"turns":3},{"damage":67,"enemies":"Champ","floor":33,"turns":11},{"damage":0,"enemies":"3 Darklings","floor":35,"turns":4},{"damage":0,"enemies":"3 Shapes","floor":36,"turns":3},{"damage":0,"enemies":"Sphere and 2 Shapes","floor":39,"turns":3},{"damage":36,"enemies":"Nemesis","floor":40,"turns":7},{"damage":4,"enemies":"Transient","floor":41,"turns":5},{"damage":15,"enemies":"Reptomancer","floor":42,"turns":6},{"damage":14,"enemies":"Writhing Mass","floor":46,"turns":4},{"damage":14,"enemies":"Spire Growth","floor":48,"turns":4},{"damage":9,"enemies":"Awakened One","floor":50,"turns":10}],"seed_played":"4795555821384986317","potions_obtained":[{"floor":3,"key":"Fire Potion"},{"floor":7,"key":"LiquidBronze"},{"floor":12,"key":"Energy Potion"},{"floor":16,"key":"PowerPotion"},{"floor":17,"key":"Fruit Juice"},{"floor":22,"key":"Swift Potion"},{"floor":27,"key":"Dexterity Potion"},{"floor":29,"key":"PowerPotion"},{"floor":33,"key":"SkillPotion"},{"floor":39,"key":"SteroidPotion"},{"floor":40,"key":"LiquidBronze"},{"floor":42,"key":"LiquidBronze"}],"is_trial":false,"path_per_floor":["M","M","M","M","?","R","E","R","T","M","M","E","?","M","R","B",null,"M","?","$","?","M","E","M","R","T","M","M","M","R","M","R","B",null,"M","M","?","$","M","E","M","E","T","T","R","M","$","M","R","B",null],"character_chosen":"DEFECT","items_purchased":["Strange Spoon","Violence","Apotheosis+1","Sunder","Hello World+1"],"campfire_rested":6,"item_purchase_floors":[20,20,38,38,47],"current_hp_per_floor":[71,70,68,64,52,52,43,68,68,68,65,56,84,84,84,57,97,95,95,95,95,60,18,3,32,32,32,32,32,61,41,70,3,97,97,97,97,97,97,61,59,46,46,53,84,72,72,60,91,84],"gold":36,"neow_bonus":"","is_prod":false,"is_daily":true,"chose_seed":false,"campfire_upgraded":2,"win_rate":0.0,"timestamp":1545848466,"path_taken":["M","M","M","?","?","R","?","R","T","M","?","?","?","M","R","BOSS","M","?","$","?","M","E","M","R","T","M","M","M","R","?","R","BOSS","M","M","?","$","M","E","M","?","T","?","R","M","$","M","R","BOSS"],"build_version":"2018-12-20","purchased_purges":1,"victory":true,"max_hp_per_floor":[75,75,75,75,75,75,85,85,85,85,85,85,85,85,85,87,97,97,97,97,97,97,97,97,97,97,97,97,97,97,97,97,97,97,97,97,97,97,97,97,97,97,97,104,104,104,104,104,104,104],"card_choices":[{"not_picked":["Go for the Eyes","Reinforced Body","Auto Shields"],"picked":"Cold Snap","floor":7},{"not_picked":["Loop","Leap","Conserve Battery"],"picked":"Melter","floor":12},{"not_picked":["Echo Form","All For One","Biased Cognition","Fission"],"picked":"Singing Bowl","floor":16},{"not_picked":["Gash","Heatsinks","FTL"],"picked":"White Noise","floor":17},{"not_picked":["Leap","Lockon","Compile Driver"],"picked":"Core Surge","floor":23},{"not_picked":["Reprogram+1","Beam Cell","Leap+1"],"picked":"Redo+1","floor":25},{"not_picked":["Skim+1","Coolheaded+1","Storm+1"],"picked":"Steam+1","floor":30},{"not_picked":["Go for the Eyes","Stack+1","Reboot+1"],"picked":"Conserve Battery+1","floor":32},{"not_picked":["Rainbow+1","Thunder Strike","Hyperbeam"],"picked":"Buffer+1","floor":33},{"not_picked":["Consume+1","Gash+1","Auto Shields+1"],"picked":"Force Field+1","floor":40},{"not_picked":["White Noise+1","Auto Shields+1","Melter+1"],"picked":"Conserve Battery+1","floor":42},{"not_picked":["Undo+1","Go for the Eyes+1","Hologram+1"],"picked":"Redo+1","floor":45},{"not_picked":["Steam+1","Gash","Go for the Eyes"],"picked":"Cold Snap+1","floor":49}],"player_experience":36663,"relics_obtained":[{"floor":1,"key":"Bottled Lightning"},{"floor":2,"key":"Bag of Preparation"},{"floor":3,"key":"Question Card"},{"floor":4,"key":"Girya"},{"floor":7,"key":"Pear"},{"floor":9,"key":"Shuriken"},{"floor":10,"key":"Vajra"},{"floor":11,"key":"Dream Catcher"},{"floor":12,"key":"Nunchaku"},{"floor":14,"key":"Unceasing Top"},{"floor":18,"key":"Pen Nib"},{"floor":22,"key":"Whetstone"},{"floor":23,"key":"Mercury Hourglass"},{"floor":24,"key":"Toxic Egg 2"},{"floor":26,"key":"Bronze Scales"},{"floor":27,"key":"Mummified Hand"},{"floor":28,"key":"Frozen Egg 2"},{"floor":29,"key":"Letter Opener"},{"floor":31,"key":"Boot"},{"floor":35,"key":"Anchor"},{"floor":36,"key":"Tiny Chest"},{"floor":39,"key":"Blood Vial"},{"floor":40,"key":"Orichalcum"},{"floor":41,"key":"Omamori"},{"floor":42,"key":"Dodecahedron"},{"floor":43,"key":"Sundial"},{"floor":44,"key":"Strawberry"},{"floor":46,"key":"Symbiotic Virus"},{"floor":48,"key":"Art of War"}],"event_choices":[{"damage_healed":0,"gold_gain":0,"player_choice":"Success","damage_taken":12,"relics_obtained":["Singing Bowl"],"max_hp_gain":0,"max_hp_loss":0,"event_name":"Scrap Ooze","floor":5,"gold_loss":0},{"damage_healed":28,"gold_gain":0,"player_choice":"Banana","damage_taken":0,"max_hp_gain":0,"max_hp_loss":0,"event_name":"Big Fish","floor":13,"gold_loss":0},{"damage_healed":0,"gold_gain":0,"player_choice":"Inject Mutagens","damage_taken":0,"relics_obtained":["MutagenicStrength"],"max_hp_gain":0,"max_hp_loss":0,"event_name":"Drug Dealer","floor":19,"gold_loss":0},{"damage_healed":0,"gold_gain":0,"player_choice":"Read","damage_taken":0,"max_hp_gain":0,"max_hp_loss":0,"event_name":"The Library","floor":21,"gold_loss":0,"cards_obtained":["Hello World"]},{"cards_removed":["Bash"],"damage_healed":0,"gold_gain":0,"player_choice":"Purged","damage_taken":0,"max_hp_gain":0,"max_hp_loss":0,"event_name":"Purifier","floor":37,"gold_loss":0}],"is_beta":false,"boss_relics":[{"not_picked":["Runic Pyramid","Black Star"],"picked":"Tiny House"},{"not_picked":["Philosopher\u0027s Stone","Snecko Eye"],"picked":"Inserter"}],"items_purged_floors":[47],"is_endless":false,"potions_floor_spawned":[3,7,12,16,22,27,29,33,39,40,41,42],"ascension_level":0}