{"gold_per_floor":[212,34,34,53,3,3,18,49,49,49,119,119,138,9,9,113,113,130,148,148,248,248,248,260,260,260,260,185,216,31,83,83,184,184,194,204,204,204,48,74,74,74,101,120,120,120],"floor_reached":46,"playtime":2809,"items_purged":["Defend_R"],"score":530,"play_id":"97ff4b72-f41c-4568-899b-8fa9054e23be","local_time":"20190117211950","is_ascension_mode":false,"campfire_choices":[{"data":"Pommel Strike","floor":6,"key":"SMITH"},{"data":"Feed","floor":10,"key":"SMITH"},{"data":"Infernal Blade","floor":15,"key":"SMITH"},{"data":"Impervious","floor":23,"key":"SMITH"},{"data":"Havoc","floor":25,"key":"SMITH"},{"data":"Offering","floor":27,"key":"SMITH"},{"data":"Bludgeon","floor":32,"key":"SMITH"},{"floor":41,"key":"RECALL"},{"data":"Metallicize","floor":42,"key":"SMITH"}],"neow_cost":"NONE","seed_source_timestamp":88017047082500,"circlet_count":0,"master_deck":["Bash+1","Metallicize+1","Pommel Strike+1","Intimidate","Uppercut","Feed+1","Infernal Blade+1","Shrug It Off","Reaper","Feel No Pain","Feel No Pain","Entrench","Offering+1","Havoc+1","Impervious+1","Body Slam+1","Second Wind","Inflame","Uppercut+1","Bludgeon+1","HandOfGreed","Sword Boomerang","Exhume","Sentinel+1","Bloodletting+1","Blood for Blood+1","Clothesline+1"],"relics":["Burning Blood","Blood Vial","Bottled Flame","Question Card","Calipers","Pandora\u0027s Box","WingedGreaves","Letter Opener","StoneCalendar","Ancient Tea Set","Du-Vu Doll","Pear","Black Star","CultistMask","Vajra","Darkstone Periapt","Toxic Egg 2"],"potions_floor_usage":[16,16,21,29,33,46,46],"damage_taken":[{"damage":0,"enemies":"Small Slimes","floor":1,"turns":3},{"damage":0,"enemies":"2 Louse","floor":4,"turns":3},{"damage":3,"enemies":"Jaw Worm","floor":7,"turns":3},{"damage":27,"enemies":"3 Sentries","floor":8,"turns":8},{"damage":6,"enemies":"Looter","floor":13,"turns":4},{"damage":57,"enemies":"Hexaghost","floor":16,"turns":12},{"damage":16,"enemies":"Spheric Guardian","floor":18,"turns":6},{"damage":7,"enemies":"Shell Parasite","floor":19,"turns":3},{"damage":23,"enemies":"Colosseum Slavers","floor":21,"turns":6},{"damage":47,"enemies":"Colosseum Nobs","floor":21,"turns":7},{"damage":14,"enemies":"Snake Plant","floor":24,"turns":3},{"damage":17,"enemies":"Book of Stabbing","floor":29,"turns":6},{"damage":25,"enemies":"Slavers","floor":31,"turns":6},{"damage":32,"enemies":"Champ","floor":33,"turns":10},{"damage":6,"enemies":"3 Shapes","floor":35,"turns":2},{"damage":12,"enemies":"Orb Walker","floor":36,"turns":4},{"damage":59,"enemies":"Reptomancer","floor":40,"turns":7},{"damage":26,"enemies":"Writhing Mass","floor":44,"turns":5},{"damage":81,"enemies":"Awakened One","floor":46,"turns":9}],"seed_played":"4184415751686233619","potions_obtained":[{"floor":7,"key":"Strength Potion"},{"floor":8,"key":"Dexterity Potion"},{"floor":13,"key":"BloodPotion"},{"floor":21,"key":"Block Potion"},{"floor":29,"key":"Dexterity Potion"},{"floor":35,"key":"SpeedPotion"},{"floor":44,"key":"Swift Potion"}],"is_trial":false,"path_per_floor":["M","$","?","M","?","R","M","E","T","R","?","T","M","$","R","B",null,"M","M","?","?","?","R","M","R","T","R","?","E","$","E","R","B",null,"M","M","?","?","$","E","R","R","T","M","?","B"],"character_chosen":"IRONCLAD","items_purchased":["Blood Vial","Pommel Strike","Shrug It Off","HandOfGreed","Vajra"],"campfire_rested":0,"item_purchase_floors":[2,2,14,30,39],"current_hp_per_floor":[80,80,80,80,80,80,80,59,59,59,59,59,65,65,65,28,88,78,79,79,49,49,49,53,53,53,53,53,57,57,72,72,48,114,118,112,112,112,112,86,86,86,86,68,68,0],"gold":120,"neow_bonus":"HUNDRED_GOLD","is_prod":false,"is_daily":false,"chose_seed":false,"campfire_upgraded":8,"win_rate":0,"timestamp":1547756390,"path_taken":["M","$","?","M","?","R","M","E","T","R","?","?","M","$","R","BOSS","M","M","?","?","?","R","M","R","T","R","?","E","$","E","R","BOSS","M","M","?","?","$","E","R","R","T","?","?","BOSS"],"build_version":"2019-01-10","purchased_purges":1,"victory":false,"max_hp_per_floor":[80,80,80,80,80,80,80,80,80,80,80,80,84,84,84,88,88,88,88,88,92,92,92,96,96,96,96,96,100,100,114,114,114,114,118,118,118,118,118,118,118,118,118,118,118,118],"card_choices":[{"not_picked":["Thunderclap","Bloodletting"],"picked":"Metallicize","floor":1},{"not_picked":["Havoc","Sword Boomerang"],"picked":"Intimidate","floor":4},{"not_picked":["Warcry","Dropkick"],"picked":"Uppercut","floor":7},{"not_picked":["Bloodletting","Burning Pact"],"picked":"Feed","floor":8},{"not_picked":["Clothesline","Pommel Strike","Perfected Strike"],"picked":"Infernal Blade","floor":13},{"not_picked":["Brutality","Limit Break","Feed"],"picked":"Reaper","floor":16},{"not_picked":["Armaments","Anger","Sword Boomerang"],"picked":"Body Slam+1","floor":18},{"not_picked":["Clash","Warcry","Iron Wave+1"],"picked":"Second Wind","floor":19},{"not_picked":["Wild Strike","Shrug It Off","Whirlwind+1"],"picked":"Iron Wave+1","floor":21},{"not_picked":["Seeing Red","True Grit","Hemokinesis"],"picked":"Uppercut+1","floor":24},{"not_picked":["Shrug It Off","Headbutt","Metallicize"],"picked":"Bludgeon","floor":29},{"not_picked":["Inflame+1","Armaments","Body Slam"],"picked":"Sword Boomerang","floor":31},{"not_picked":["Reaper","Limit Break","Feed"],"picked":"Exhume","floor":33},{"not_picked":["Havoc","Shrug It Off","Dropkick+1"],"picked":"Sentinel+1","floor":35},{"not_picked":["Clash+1","Ghostly Armor","Perfected Strike"],"picked":"Bloodletting+1","floor":36},{"not_picked":["Pommel Strike","Seeing Red","Havoc+1"],"picked":"Blood for Blood+1","floor":40},{"not_picked":["Perfected Strike+1","Clash","Reckless Charge+1"],"picked":"Clothesline+1","floor":44}],"player_experience":183922,"relics_obtained":[{"floor":8,"key":"Bottled Flame"},{"floor":9,"key":"Question Card"},{"floor":12,"key":"Calipers"},{"floor":21,"key":"WingedGreaves"},{"floor":21,"key":"Letter Opener"},{"floor":26,"key":"Ancient Tea Set"},{"floor":29,"key":"Du-Vu Doll"},{"floor":31,"key":"Pear"},{"floor":40,"key":"Darkstone Periapt"},{"floor":40,"key":"Toxic Egg 2"}],"event_choices":[{"damage_healed":0,"gold_gain":0,"player_choice":"Grow","damage_taken":0,"max_hp_gain":0,"max_hp_loss":0,"event_name":"Living Wall","floor":3,"gold_loss":0,"cards_upgraded":["Bash"]},{"cards_removed":["Strike_R"],"damage_healed":0,"gold_gain":0,"player_choice":"Card Removal","damage_taken":0,"max_hp_gain":0,"max_hp_loss":0,"event_name":"The Cleric","floor":5,"gold_loss":50},{"damage_healed":0,"gold_gain":70,"player_choice":"Gained Gold","damage_taken":0,"max_hp_gain":0,"max_hp_loss":0,"event_name":"Golden Wing","floor":11,"gold_loss":0},{"damage_healed":0,"gold_gain":0,"player_choice":"Read","damage_taken":0,"max_hp_gain":0,"max_hp_loss":0,"event_name":"The Library","floor":20,"gold_loss":0,"cards_obtained":["Inflame"]},{"damage_healed":0,"gold_gain":0,"player_choice":"Fight","damage_taken":0,"max_hp_gain":0,"max_hp_loss":0,"event_name":"Colosseum","floor":21,"gold_loss":0},{"damage_healed":0,"gold_gain":0,"player_choice":"Fought Nobs","damage_taken":0,"max_hp_gain":0,"max_hp_loss":0,"event_name":"Colosseum","floor":21,"gold_loss":0},{"damage_healed":0,"gold_gain":0,"player_choice":"Opened","damage_taken":0,"relics_obtained":["StoneCalendar"],"max_hp_gain":0,"max_hp_loss":0,"event_name":"The Mausoleum","floor":22,"gold_loss":0},{"cards_removed":["Twin Strike"],"damage_healed":0,"gold_gain":0,"player_choice":"Gave Gold","damage_taken":0,"max_hp_gain":0,"max_hp_loss":0,"event_name":"Beggar","floor":28,"gold_loss":75},{"cards_removed":["Iron Wave"],"damage_healed":0,"gold_gain":0,"player_choice":"Removed Attack","damage_taken":0,"max_hp_gain":0,"max_hp_loss":0,"event_name":"Falling","floor":37,"gold_loss":0},{"damage_healed":0,"gold_gain":0,"player_choice":"Trade","damage_taken":0,"relics_obtained":["CultistMask"],"max_hp_gain":0,"max_hp_loss":0,"event_name":"FaceTrader","floor":38,"gold_loss":0},{"damage_healed":0,"gold_gain":0,"player_choice":"Took Portal","damage_taken":0,"max_hp_gain":0,"max_hp_loss":0,"event_name":"SecretPortal","floor":45,"gold_loss":0}],"is_beta":false,"boss_relics":[{"not_picked":["Eternal Feather","Orrery"],"picked":"Pandora\u0027s Box"},{"not_picked":["White Beast Statue","Coffee Dripper"],"picked":"Black Star"}],"items_purged_floors":[14],"is_endless":false,"potions_floor_spawned":[7,8,13,21,21,29,35,44],"killed_by":"Awakened One","ascension_level":0}