{"gold_per_floor":[116,116,136,136,87,87,118,118,141,172,240,271,283,305,317,400,412,443,405,263,251,268,268,302,282,353,378,390,390,404,417,417,491,491,506,520,520,539,551,551,576,588,612,623,634,634,653,161,161,161,161,161,53,83,83],"floor_reached":56,"playtime":1938,"items_purged":["Strike_R"],"score":1983,"play_id":"e758ce10-bc9b-4707-8faf-78d6366800fb","local_time":"20190811152952","is_ascension_mode":true,"campfire_choices":[{"data":"Bash","floor":6.0,"key":"SMITH"},{"data":"Flame Barrier","floor":8.0,"key":"SMITH"},{"data":"Uppercut","floor":13.0,"key":"SMITH"},{"data":"Metallicize","floor":15.0,"key":"SMITH"},{"data":"Corruption","floor":23.0,"key":"SMITH"},{"data":"Demon Form","floor":29.0,"key":"SMITH"},{"data":"Feed","floor":32.0,"key":"SMITH"},{"floor":40.0,"key":"REST"},{"floor":46.0,"key":"RECALL"},{"floor":49.0,"key":"REST"},{"data":"Impervious","floor":52.0,"key":"SMITH"}],"neow_cost":"NONE","seed_source_timestamp":2754229117397563,"circlet_count":0,"master_deck":["AscendersBane","Strike_R","Strike_R","Strike_R","Defend_R","Defend_R","Defend_R","Defend_R","Bash+1","Cleave","Metallicize+1","Flame Barrier+1","Anger","Uppercut+1","Demon Form+1","Twin Strike","Feed+1","Shrug It Off","Corruption+1","Pummel","Disarm+1","Seeing Red","Immolate","Limit Break","Exhume","Heavy Blade+1","Bloodletting+1","Shrug It Off","Impervious+1","Exhume"],"special_seed":0,"relics":["Burning Blood","Strawberry","Ornamental Fan","Bag of Preparation","MawBank","Tiny Chest","Runic Pyramid","Omamori","Pantograph","Turnip","Busted Crown","The Courier","Vajra","Du-Vu Doll","Boot"],"potions_floor_usage":[55],"damage_taken":[{"damage":6.0,"enemies":"Cultist","floor":1.0,"turns":4.0},{"damage":6.0,"enemies":"Small Slimes","floor":3.0,"turns":4.0},{"damage":23.0,"enemies":"Lagavulin","floor":7.0,"turns":5.0},{"damage":0.0,"enemies":"2 Louse","floor":10.0,"turns":2.0},{"damage":18.0,"enemies":"3 Sentries","floor":11.0,"turns":8.0},{"damage":11.0,"enemies":"Lots of Slimes","floor":12.0,"turns":4.0},{"damage":4.0,"enemies":"Looter","floor":14.0,"turns":4.0},{"damage":16.0,"enemies":"The Guardian","floor":16.0,"turns":10.0},{"damage":6.0,"enemies":"Spheric Guardian","floor":18.0,"turns":6.0},{"damage":18.0,"enemies":"2 Thieves","floor":21.0,"turns":4.0},{"damage":0.0,"enemies":"Chosen and Byrds","floor":22.0,"turns":6.0},{"damage":30.0,"enemies":"Book of Stabbing","floor":24.0,"turns":7.0},{"damage":23.0,"enemies":"Slavers","floor":27.0,"turns":7.0},{"damage":6.0,"enemies":"3 Cultists","floor":28.0,"turns":5.0},{"damage":18.0,"enemies":"Shelled Parasite and Fungi","floor":30.0,"turns":5.0},{"damage":0.0,"enemies":"Snake Plant","floor":31.0,"turns":4.0},{"damage":22.0,"enemies":"Champ","floor":33.0,"turns":8.0},{"damage":36.0,"enemies":"3 Shapes","floor":35.0,"turns":7.0},{"damage":4.0,"enemies":"Orb Walker","floor":36.0,"turns":3.0},{"damage":19.0,"enemies":"Jaw Worm Horde","floor":38.0,"turns":4.0},{"damage":35.0,"enemies":"4 Shapes","floor":39.0,"turns":8.0},{"damage":31.0,"enemies":"Nemesis","floor":41.0,"turns":5.0},{"damage":19.0,"enemies":"Spire Growth","floor":42.0,"turns":4.0},{"damage":28.0,"enemies":"Sphere and 2 Shapes","floor":44.0,"turns":6.0},{"damage":3.0,"enemies":"3 Darklings","floor":45.0,"turns":4.0},{"damage":8.0,"enemies":"4 Shapes","floor":47.0,"turns":5.0},{"damage":70.0,"enemies":"Awakened One","floor":50.0,"turns":7.0},{"damage":27.0,"enemies":"Shield and Spear","floor":54.0,"turns":6.0},{"damage":115,"enemies":"The Heart","floor":55,"turns":7}],"seed_played":"-8732801649519760351","potions_obtained":[{"floor":3.0,"key":"Regen Potion"},{"floor":10.0,"key":"Energy Potion"},{"floor":12.0,"key":"Explosive Potion"},{"floor":14.0,"key":"Weak Potion"},{"floor":21.0,"key":"Poison Potion"},{"floor":25.0,"key":"Block Potion"},{"floor":27.0,"key":"AttackPotion"},{"floor":30.0,"key":"Weak Potion"},{"floor":31.0,"key":"SkillPotion"},{"floor":38.0,"key":"FearPotion"},{"floor":39.0,"key":"FearPotion"},{"floor":45.0,"key":"Strength Potion"},{"floor":47.0,"key":"PowerPotion"},{"floor":54.0,"key":"Energy Potion"}],"is_trial":false,"path_per_floor":["M","T","M","?","$","R","E","R","T","M","E","M","R","M","R","B",null,"M","?","$","M","M","R","E","?","T","E","M","R","M","M","R","B",null,"M","M","?","M","M","R","E","M","T","M","M","R","M","$","R","B",null,"R","$","E","B",null],"character_chosen":"IRONCLAD","items_purchased":["AttackPotion","Corruption","Vajra","Du-Vu Doll","Shrug It Off","Impervious","Exhume"],"campfire_rested":2,"item_purchase_floors":[5,20,48,48,48,48,53],"current_hp_per_floor":[75,75,75,75,75,75,58,58,58,64,67,62,62,64,64,54,75,78,78,78,69,78,78,57,57,57,43,46,46,37,46,46,59,97,75,81,81,72,51,91,70,57,57,43,50,50,56,56,103,68,139,139,139,126,42],"gold":83,"neow_bonus":"RANDOM_COMMON_RELIC","is_prod":false,"is_daily":false,"chose_seed":false,"campfire_upgraded":8,"win_rate":0,"timestamp":1565551792,"path_taken":["M","?","M","?","$","R","E","R","T","M","E","M","R","M","R","BOSS","M","?","$","M","?","R","E","?","T","E","M","R","?","M","R","BOSS","M","M","?","M","M","R","E","M","T","?","M","R","M","$","R","BOSS","R","$","E","BOSS"],"build_version":"2019-07-17","purchased_purges":1,"victory":true,"max_hp_per_floor":[82,82,82,82,82,82,82,82,82,82,82,82,82,82,82,82,82,85,85,85,88,91,91,94,94,94,97,100,100,103,106,106,110,110,118,122,122,126,134,134,138,138,138,146,150,150,158,158,158,162,162,162,162,170,170],"card_choices":[{"not_picked":["Clothesline","Pummel"],"picked":"Cleave","floor":1.0},{"not_picked":["Thunderclap","Warcry"],"picked":"Metallicize","floor":3.0},{"not_picked":["Power Through","Pommel Strike"],"picked":"Flame Barrier","floor":7.0},{"not_picked":["Intimidate","Headbutt"],"picked":"Anger","floor":10.0},{"not_picked":["Havoc","Heavy Blade"],"picked":"Uppercut","floor":11.0},{"not_picked":["Burning Pact","Dropkick"],"picked":"Demon Form","floor":12.0},{"not_picked":["Heavy Blade","Sever Soul"],"picked":"Twin Strike","floor":14.0},{"not_picked":["Berserk","Demon Form"],"picked":"Feed","floor":16.0},{"not_picked":["Dual Wield","Infernal Blade"],"picked":"Shrug It Off","floor":18.0},{"not_picked":["Wild Strike","Twin Strike"],"picked":"Pummel","floor":21.0},{"not_picked":["Battle Trance","Rampage"],"picked":"Disarm+1","floor":22.0},{"not_picked":["True Grit","Iron Wave"],"picked":"Seeing Red","floor":24.0},{"not_picked":["Clothesline","True Grit"],"picked":"Immolate","floor":27.0},{"not_picked":["Twin Strike","Warcry","Fire Breathing"],"picked":"SKIP","floor":28.0},{"not_picked":["Sever Soul","Dual Wield"],"picked":"Limit Break","floor":30.0},{"not_picked":["Anger","Power Through","Thunderclap"],"picked":"SKIP","floor":31.0},{"not_picked":["Feed","Barricade"],"picked":"Exhume","floor":33.0},{"not_picked":[],"picked":"Heavy Blade+1","floor":35.0},{"not_picked":["Clothesline"],"picked":"SKIP","floor":36.0},{"not_picked":[],"picked":"Bloodletting+1","floor":38.0},{"not_picked":["Dropkick"],"picked":"SKIP","floor":39.0},{"not_picked":["Armaments"],"picked":"SKIP","floor":41.0},{"not_picked":["True Grit"],"picked":"SKIP","floor":42.0},{"not_picked":["Anger"],"picked":"SKIP","floor":44.0},{"not_picked":["Flex"],"picked":"SKIP","floor":45.0},{"not_picked":["Armaments"],"picked":"SKIP","floor":47.0},{"not_picked":["Infernal Blade"],"picked":"SKIP","floor":54.0}],"player_experience":2666884,"relics_obtained":[{"floor":2.0,"key":"Ornamental Fan"},{"floor":7.0,"key":"Bag of Preparation"},{"floor":9.0,"key":"MawBank"},{"floor":11.0,"key":"Tiny Chest"},{"floor":24.0,"key":"Omamori"},{"floor":26.0,"key":"Pantograph"},{"floor":27.0,"key":"Turnip"},{"floor":41.0,"key":"The Courier"},{"floor":54.0,"key":"Boot"}],"event_choices":[{"cards_removed":["Strike_R"],"damage_healed":0.0,"max_hp_gain":0.0,"max_hp_loss":0.0,"gold_gain":0.0,"event_name":"Living Wall","player_choice":"Forget","floor":4.0,"gold_loss":0.0,"damage_taken":0.0},{"damage_healed":0.0,"max_hp_gain":0.0,"max_hp_loss":0.0,"gold_gain":0.0,"event_name":"The Joust","player_choice":"Bet on Murderer","floor":19.0,"gold_loss":50.0,"damage_taken":0.0},{"damage_healed":0.0,"max_hp_gain":0.0,"max_hp_loss":0.0,"gold_gain":0.0,"event_name":"The Woman in Blue","player_choice":"Bought 1 Potion","floor":25.0,"gold_loss":0.0,"damage_taken":0.0},{"damage_healed":0.0,"max_hp_gain":0.0,"max_hp_loss":0.0,"gold_gain":0.0,"event_name":"SecretPortal","player_choice":"Ignored","floor":37.0,"gold_loss":0.0,"damage_taken":0.0}],"is_beta":false,"boss_relics":[{"not_picked":["Runic Cube","Tiny House"],"picked":"Runic Pyramid"},{"not_picked":["Pandora\u0027s Box","Calling Bell"],"picked":"Busted Crown"}],"items_purged_floors":[20],"is_endless":false,"potions_floor_spawned":[3,10,12,14,21,22,27,30,31,38,39,45,47,54],"ascension_level":15}