{"gold_per_floor":[110,110,13,30,49,49,78,78,78,98,109,122,47,60,60,163,163,178,30,30,44,44,44,56,56,56,67,83,83,93,105,105,200,200,214,234,251,262,262],"floor_reached":39,"playtime":3239,"items_purged":["Defend_R","Strike_R"],"score":391,"play_id":"ee5bbf28-0fa2-47bd-83fe-29fd58ba20d4","local_time":"20190118140631","is_ascension_mode":false,"campfire_choices":[{"data":"Bash","floor":6,"key":"SMITH"},{"data":"True Grit","floor":8,"key":"SMITH"},{"data":"Flame Barrier","floor":15,"key":"SMITH"},{"data":"Exhume","floor":23,"key":"SMITH"},{"data":"J.A.X.","floor":25,"key":"SMITH"},{"data":"Shrug It Off","floor":29,"key":"SMITH"},{"data":"Shrug It Off","floor":32,"key":"SMITH"}],"neow_cost":"NONE","seed_source_timestamp":147991256066100,"circlet_count":0,"master_deck":["Strike_R","Strike_R","Strike_R","Defend_R","Defend_R","Defend_R","Bash+1","Twin Strike","Offering","True Grit+1","Rampage","Shrug It Off+1","Disarm","Inflame","Flame Barrier+1","True Grit+1","Twin Strike","Exhume+1","Sword Boomerang","J.A.X.+1","Sentinel+1","Pummel","Shrug It Off+1","Juggernaut","Iron Wave+1","Battle Trance","Exhume","Iron Wave+1","Carnage+1","Disarm","Entrench"],"relics":["Burning Blood","PreservedInsect","Mummified Hand","Letter Opener","Runic Cube","Bottled Flame","Cursed Key"],"potions_floor_usage":[28,33],"damage_taken":[{"damage":1,"enemies":"Cultist","floor":1,"turns":4},{"damage":3,"enemies":"Small Slimes","floor":4,"turns":3},{"damage":6,"enemies":"Jaw Worm","floor":5,"turns":3},{"damage":21,"enemies":"3 Sentries","floor":7,"turns":8},{"damage":6,"enemies":"Gremlin Gang","floor":10,"turns":5},{"damage":0,"enemies":"2 Fungi Beasts","floor":11,"turns":4},{"damage":5,"enemies":"Looter","floor":12,"turns":3},{"damage":6,"enemies":"Exordium Thugs","floor":14,"turns":4},{"damage":24,"enemies":"The Guardian","floor":16,"turns":10},{"damage":25,"enemies":"Spheric Guardian","floor":18,"turns":6},{"damage":9,"enemies":"Chosen","floor":21,"turns":3},{"damage":13,"enemies":"3 Cultists","floor":24,"turns":4},{"damage":8,"enemies":"Snecko","floor":27,"turns":5},{"damage":7,"enemies":"Snake Plant","floor":28,"turns":3},{"damage":5,"enemies":"Centurion and Healer","floor":30,"turns":9},{"damage":7,"enemies":"3 Cultists","floor":31,"turns":5},{"damage":25,"enemies":"Champ","floor":33,"turns":8},{"damage":8,"enemies":"3 Shapes","floor":35,"turns":5},{"damage":27,"enemies":"3 Darklings","floor":36,"turns":7},{"damage":20,"enemies":"Maw","floor":37,"turns":9},{"damage":24,"enemies":"4 Shapes","floor":38,"turns":6},{"damage":38,"enemies":"Transient","floor":39,"turns":5}],"seed_played":"-1269781498552547448","potions_obtained":[{"floor":1,"key":"LiquidBronze"},{"floor":5,"key":"SkillPotion"},{"floor":16,"key":"Block Potion"},{"floor":31,"key":"SpeedPotion"},{"floor":37,"key":"Weak Potion"}],"is_trial":false,"path_per_floor":["M","?","$","M","M","R","E","R","T","M","M","M","$","M","R","B",null,"M","$","?","M","?","R","M","R","T","M","M","R","M","M","R","B",null,"M","M","M","M","M"],"character_chosen":"IRONCLAD","items_purchased":["True Grit","Strength Potion","Sword Boomerang"],"campfire_rested":0,"item_purchase_floors":[3,3,19],"current_hp_per_floor":[80,80,80,80,80,80,65,65,65,65,71,72,72,72,72,54,80,61,61,61,58,58,58,51,51,51,49,48,48,49,48,48,29,80,78,57,43,25,0],"gold":262,"neow_bonus":"RANDOM_COMMON_RELIC","is_prod":false,"is_daily":false,"chose_seed":false,"campfire_upgraded":7,"win_rate":0,"timestamp":1547816791,"path_taken":["M","?","$","M","M","R","E","R","T","M","M","M","$","M","R","BOSS","M","$","?","M","?","R","M","R","T","M","M","R","M","M","R","BOSS","M","M","M","M","M"],"build_version":"2019-01-17v2","purchased_purges":2,"victory":false,"max_hp_per_floor":[80,80,80,80,80,80,80,80,80,80,80,80,80,80,80,80,80,80,80,80,80,80,80,80,80,80,80,80,80,80,80,80,80,80,80,80,80,80,80],"card_choices":[{"not_picked":["Fire Breathing","Perfected Strike"],"picked":"Twin Strike","floor":1},{"not_picked":["Power Through","Wild Strike"],"picked":"Rampage","floor":4},{"not_picked":["Rampage","Warcry"],"picked":"Shrug It Off","floor":5},{"not_picked":["Cleave","Pummel"],"picked":"Disarm","floor":7},{"not_picked":["Anger","Intimidate"],"picked":"Inflame","floor":10},{"not_picked":["Combust","Flex"],"picked":"Flame Barrier","floor":11},{"not_picked":["Body Slam","Fiend Fire"],"picked":"True Grit","floor":12},{"not_picked":["Dropkick","Intimidate"],"picked":"Twin Strike","floor":14},{"not_picked":["Fiend Fire","Bludgeon"],"picked":"Exhume","floor":16},{"not_picked":["Wild Strike","Heavy Blade","Anger"],"picked":"SKIP","floor":18},{"not_picked":["Headbutt","Thunderclap+1"],"picked":"Sentinel+1","floor":21},{"not_picked":["Battle Trance","Combust"],"picked":"Pummel","floor":24},{"not_picked":["Entrench","Headbutt"],"picked":"Shrug It Off","floor":27},{"not_picked":["Clothesline","Pommel Strike+1"],"picked":"Juggernaut","floor":28},{"not_picked":["Twin Strike","Flex"],"picked":"Iron Wave+1","floor":30},{"not_picked":["Armaments+1","Wild Strike"],"picked":"Battle Trance","floor":31},{"not_picked":["Brutality","Offering"],"picked":"Exhume","floor":33},{"not_picked":["Body Slam","Clothesline"],"picked":"Iron Wave+1","floor":35},{"not_picked":["Headbutt","Anger"],"picked":"Carnage+1","floor":36},{"not_picked":["Thunderclap","Twin Strike"],"picked":"Disarm","floor":37},{"not_picked":["Perfected Strike","Cleave+1"],"picked":"Entrench","floor":38}],"player_experience":194428,"relics_obtained":[{"floor":7,"key":"Mummified Hand"},{"floor":9,"key":"Letter Opener"},{"floor":26,"key":"Bottled Flame"}],"event_choices":[{"damage_healed":0,"gold_gain":0,"cards_transformed":["Strike_R"],"player_choice":"Change","damage_taken":0,"max_hp_gain":0,"max_hp_loss":0,"event_name":"Living Wall","floor":2,"gold_loss":0,"cards_obtained":["Offering"]},{"damage_healed":0,"gold_gain":0,"player_choice":"Obtain J.A.X.","damage_taken":0,"max_hp_gain":0,"max_hp_loss":0,"event_name":"Drug Dealer","floor":20,"gold_loss":0,"cards_obtained":["J.A.X."]},{"damage_healed":0,"gold_gain":0,"player_choice":"Forge","damage_taken":0,"max_hp_gain":0,"max_hp_loss":0,"event_name":"Accursed Blacksmith","floor":22,"gold_loss":0,"cards_upgraded":["True Grit"]}],"is_beta":false,"boss_relics":[{"not_picked":["Black Star","Black Blood"],"picked":"Runic Cube"},{"not_picked":["Velvet Choker","Coffee Dripper"],"picked":"Cursed Key"}],"items_purged_floors":[13,19],"is_endless":false,"potions_floor_spawned":[1,5,10,12,16,24,27,31,37],"killed_by":"Transient","ascension_level":0}