{"gold_per_floor":[112,112,112,112,133,173,173,204,204,354,354,377,159,234,234,234],"floor_reached":16,"playtime":449,"items_purged":["Doubt"],"score":229,"play_id":"5f7920fe-cc3c-43b1-a3c4-e7effd2a1c63","local_time":"20190718223634","is_ascension_mode":true,"campfire_choices":[{"data":"Inflame","floor":7,"key":"SMITH"},{"data":"hubris:DuctTapeCard","floor":15,"key":"SMITH"}],"neow_cost":"NONE","seed_source_timestamp":707778024559759,"circlet_count":0,"master_deck":["AscendersBane","Strike_R","Strike_R","Strike_R","Strike_R","Strike_R+1","Defend_R","Defend_R","Defend_R","Defend_R","Bash+1","Flame Barrier","Inflame+1","hubris:DuctTapeCard+2","Uppercut"],"relics":["Burning Blood","NeowsBlessing","Golden Idol","Matryoshka","hubris:TenFootPole","Gremlin Horn","Orichalcum","hubris:MysteriousPyramids","Whetstone","hubris:DuctTape","Oddly Smooth Stone"],"potions_floor_usage":[],"damage_taken":[{"damage":0,"enemies":"2 Louse","floor":1,"turns":1},{"damage":0,"enemies":"Small Slimes","floor":5,"turns":1},{"damage":0,"enemies":"3 Sentries","floor":6,"turns":2},{"damage":31,"enemies":"Lagavulin","floor":8,"turns":8},{"damage":0,"enemies":"Cultist","floor":12,"turns":4},{"damage":19,"enemies":"Slime Boss","floor":16,"turns":3}],"seed_played":"-4482817249224304072","potions_obtained":[{"floor":6,"key":"SteroidPotion"}],"is_trial":false,"path_per_floor":["M","?","?","?","M","E","R","E","T","?","T","M","$","?","R","B"],"character_chosen":"IRONCLAD","items_purchased":["Oddly Smooth Stone"],"campfire_rested":0,"item_purchase_floors":[13],"current_hp_per_floor":[74,48,30,30,36,42,42,17,17,17,17,23,23,18,18,0],"gold":234,"neow_bonus":"THREE_ENEMY_KILL","is_prod":false,"is_daily":false,"chose_seed":false,"campfire_upgraded":2,"win_rate":0,"timestamp":1563503794,"path_taken":["M","?","?","?","?","E","R","E","T","?","?","M","$","?","R","BOSS"],"build_version":"2019-07-17","purchased_purges":1,"victory":false,"max_hp_per_floor":[75,75,75,75,75,75,75,75,75,75,75,75,75,75,75,75],"card_choices":[{"not_picked":["Clash","Thunderclap"],"picked":"Flame Barrier","floor":1},{"not_picked":["Rampage","Iron Wave"],"picked":"Inflame","floor":5},{"not_picked":["Flex","Perfected Strike","Dark Embrace"],"picked":"SKIP","floor":6},{"not_picked":["Rage","Dropkick"],"picked":"Armaments","floor":8},{"not_picked":["True Grit","Sword Boomerang"],"picked":"Uppercut","floor":12}],"player_experience":2603768,"relics_obtained":[{"floor":6,"key":"hubris:TenFootPole"},{"floor":8,"key":"Gremlin Horn"},{"floor":9,"key":"Orichalcum"},{"floor":9,"key":"hubris:MysteriousPyramids"},{"floor":11,"key":"Whetstone"},{"floor":11,"key":"hubris:DuctTape"}],"event_choices":[{"damage_healed":0,"gold_gain":0,"player_choice":"Take Damage","damage_taken":26,"relics_obtained":["Golden Idol"],"max_hp_gain":0,"max_hp_loss":0,"event_name":"Golden Idol","floor":2,"gold_loss":0},{"damage_healed":0,"gold_gain":0,"player_choice":"Success","damage_taken":18,"relics_obtained":["Matryoshka"],"max_hp_gain":0,"max_hp_loss":0,"event_name":"Scrap Ooze","floor":3,"gold_loss":0},{"damage_healed":0,"gold_gain":150,"player_choice":"AGREE","damage_taken":0,"max_hp_gain":0,"max_hp_loss":0,"event_name":"Liars Game","floor":10,"gold_loss":0,"cards_obtained":["Doubt"]},{"damage_healed":0,"gold_gain":75,"player_choice":"Gather Gold","damage_taken":11,"max_hp_gain":0,"max_hp_loss":0,"event_name":"World of Goop","floor":14,"gold_loss":0}],"is_beta":false,"boss_relics":[],"items_purged_floors":[13],"is_endless":false,"potions_floor_spawned":[6],"killed_by":"Slime Boss","ascension_level":15}