{"gold_per_floor":[116,135,154,79,94,94,112,112,136,168,35,46,46,62,62,166,166,166,166,166,166,41,41,41,41,41,41,41,41,41,41,41,41,41,41,41,41,41,41,41,41,0,0,0,0,0,0,0,0,0],"floor_reached":51,"playtime":5005,"items_purged":["Strike_R","Strike_R","Strike_R"],"score":751,"play_id":"f0bc7c97-b4be-4704-9681-ebe9052aa630","local_time":"20190825040606","is_ascension_mode":false,"campfire_choices":[{"data":"Barricade","floor":6,"key":"SMITH"},{"data":"True Grit","floor":8,"key":"SMITH"},{"data":"Body Slam","floor":15,"key":"SMITH"},{"data":"Whirlwind","floor":23,"key":"SMITH"},{"data":"Shrug It Off","floor":25,"key":"SMITH"},{"data":"Pommel Strike","floor":32,"key":"SMITH"},{"data":"Shrug It Off","floor":41,"key":"SMITH"},{"data":"Master of Strategy","floor":47,"key":"SMITH"},{"data":"Bash","floor":49,"key":"SMITH"}],"neow_cost":"TEN_PERCENT_HP_LOSS","seed_source_timestamp":101187419306500,"circlet_count":0,"master_deck":["Strike_R","Strike_R","Defend_R","Defend_R","Defend_R","Defend_R","Bash+1","Barricade+1","Rampage","Shrug It Off+1","True Grit+1","Body Slam+1","Whirlwind+1","Offering+1","Shrug It Off+1","Entrench+1","Pommel Strike+1","Shrug It Off+1","Shrug It Off+1","Parasite","Master of Strategy+1"],"relics":["Burning Blood","Strawberry","Bronze Scales","Centennial Puzzle","Ectoplasm","Orichalcum","Ancient Tea Set","Tiny House","Champion Belt","Juzu Bracelet","Red Mask","Self Forming Clay","Unceasing Top"],"potions_floor_usage":[14,18,33,33,33,50,50,50],"damage_taken":[{"damage":3,"enemies":"2 Louse","floor":1,"turns":3},{"damage":17,"enemies":"Jaw Worm","floor":2,"turns":8},{"damage":1,"enemies":"Cultist","floor":3,"turns":3},{"damage":6,"enemies":"Large Slime","floor":5,"turns":6},{"damage":7,"enemies":"Blue Slaver","floor":7,"turns":6},{"damage":21,"enemies":"3 Sentries","floor":10,"turns":15},{"damage":0,"enemies":"2 Fungi Beasts","floor":12,"turns":4},{"damage":18,"enemies":"Exordium Wildlife","floor":14,"turns":7},{"damage":30,"enemies":"Slime Boss","floor":16,"turns":13},{"damage":7,"enemies":"Spheric Guardian","floor":18,"turns":5},{"damage":6,"enemies":"Shell Parasite","floor":19,"turns":5},{"damage":17,"enemies":"Snake Plant","floor":20,"turns":3},{"damage":6,"enemies":"Centurion and Healer","floor":21,"turns":9},{"damage":6,"enemies":"Snecko","floor":27,"turns":3},{"damage":6,"enemies":"Gremlin Leader","floor":28,"turns":7},{"damage":6,"enemies":"Chosen and Byrds","floor":29,"turns":4},{"damage":6,"enemies":"Cultist and Chosen","floor":31,"turns":5},{"damage":28,"enemies":"Automaton","floor":33,"turns":9},{"damage":4,"enemies":"Orb Walker","floor":35,"turns":4},{"damage":6,"enemies":"3 Shapes","floor":36,"turns":5},{"damage":6,"enemies":"Writhing Mass","floor":37,"turns":5},{"damage":15,"enemies":"2 Orb Walkers","floor":38,"turns":7},{"damage":6,"enemies":"Reptomancer","floor":40,"turns":9},{"damage":6,"enemies":"Mind Bloom Boss Battle","floor":46,"turns":6},{"damage":6,"enemies":"Spire Growth","floor":48,"turns":3},{"damage":24,"enemies":"Awakened One","floor":50,"turns":11}],"seed_played":"-5191450858517363102","potions_obtained":[{"floor":2,"key":"BloodPotion"},{"floor":3,"key":"SpeedPotion"},{"floor":12,"key":"Energy Potion"},{"floor":14,"key":"Ancient Potion"},{"floor":18,"key":"LiquidBronze"},{"floor":19,"key":"SpeedPotion"},{"floor":28,"key":"EssenceOfSteel"},{"floor":33,"key":"EssenceOfSteel"},{"floor":34,"key":"PowerPotion"},{"floor":35,"key":"Dexterity Potion"}],"is_trial":false,"path_per_floor":["M","M","M","$","M","R","M","R","T","E","$","M","?","M","R","B",null,"M","M","M","M","$","R","?","R","T","M","E","M","?","M","R","B",null,"M","M","M","?","?","E","R","?","T","?","?","?","R","M","R","B",null],"character_chosen":"IRONCLAD","items_purchased":["Whirlwind"],"campfire_rested":0,"item_purchase_floors":[11],"current_hp_per_floor":[72,61,66,66,66,66,65,65,72,57,57,63,30,37,37,13,79,78,78,67,67,67,67,67,67,67,67,67,67,67,67,67,45,84,84,84,84,75,75,75,75,75,75,75,75,75,75,75,75,57],"gold":0,"neow_bonus":"THREE_RARE_CARDS","is_prod":false,"is_daily":false,"chose_seed":false,"campfire_upgraded":9,"win_rate":0.0,"timestamp":1566720366,"path_taken":["M","M","M","$","M","R","M","R","T","E","$","M","?","M","R","BOSS","M","M","M","M","$","R","?","R","T","M","E","M","?","?","R","BOSS","M","M","M","?","?","E","R","?","T","?","?","?","R","M","R","BOSS"],"build_version":"2019-07-17","purchased_purges":3,"victory":true,"max_hp_per_floor":[72,72,72,72,72,72,72,72,79,79,79,79,79,79,79,79,79,79,79,79,79,79,79,79,79,79,79,79,79,79,79,79,79,84,84,84,84,84,84,84,84,84,84,84,80,80,80,80,80,80],"card_choices":[{"not_picked":["Demon Form","Berserk"],"picked":"Barricade","floor":0},{"not_picked":["Clothesline","Headbutt"],"picked":"Rampage","floor":1},{"not_picked":["Combust","Bloodletting","Thunderclap"],"picked":"SKIP","floor":2},{"not_picked":["Anger","Clothesline"],"picked":"Shrug It Off","floor":3},{"not_picked":["Perfected Strike","Inflame","Sever Soul"],"picked":"SKIP","floor":5},{"not_picked":["Infernal Blade","Perfected Strike"],"picked":"True Grit","floor":7},{"not_picked":["Thunderclap","Clash"],"picked":"Body Slam","floor":10},{"not_picked":["Sword Boomerang","Feed","Whirlwind"],"picked":"SKIP","floor":12},{"not_picked":["Rampage","Searing Blow","Perfected Strike"],"picked":"SKIP","floor":14},{"not_picked":["Reaper","Dark Embrace"],"picked":"Offering","floor":16},{"not_picked":["Clash","Armaments+1"],"picked":"Ghostly Armor+1","floor":18},{"not_picked":["Spot Weakness","Twin Strike+1"],"picked":"Shrug It Off","floor":19},{"not_picked":["Cleave","Twin Strike","Heavy Blade"],"picked":"SKIP","floor":20},{"not_picked":["Second Wind","Anger","Warcry+1"],"picked":"SKIP","floor":21},{"not_picked":["Reckless Charge+1","Hemokinesis+1","Feed"],"picked":"SKIP","floor":27},{"not_picked":["Anger","Shockwave"],"picked":"Entrench","floor":28},{"not_picked":["Intimidate","Armaments","Carnage"],"picked":"SKIP","floor":29},{"not_picked":["Twin Strike","Headbutt"],"picked":"Pommel Strike","floor":31},{"not_picked":["Armaments","Headbutt+1"],"picked":"Shrug It Off+1","floor":35},{"not_picked":["Clash","Pommel Strike+1"],"picked":"Shrug It Off+1","floor":36},{"not_picked":["Cleave","Reckless Charge","Clothesline+1"],"picked":"SKIP","floor":37},{"not_picked":["HandOfGreed","Apotheosis"],"picked":"Master of Strategy","floor":39},{"not_picked":["Reckless Charge","Ghostly Armor","Thunderclap+1"],"picked":"SKIP","floor":40},{"not_picked":["Armaments+1","True Grit+1","Intimidate"],"picked":"SKIP","floor":48}],"player_experience":62662,"relics_obtained":[{"floor":9,"key":"Strawberry"},{"floor":10,"key":"Bronze Scales"},{"floor":26,"key":"Orichalcum"},{"floor":28,"key":"Ancient Tea Set"},{"floor":38,"key":"Champion Belt"},{"floor":40,"key":"Juzu Bracelet"},{"floor":43,"key":"Self Forming Clay"},{"floor":46,"key":"Unceasing Top"}],"event_choices":[{"damage_healed":0,"gold_gain":0,"player_choice":"Success","damage_taken":33,"relics_obtained":["Centennial Puzzle"],"max_hp_gain":0,"max_hp_loss":0,"event_name":"Scrap Ooze","floor":13,"gold_loss":0},{"damage_healed":0,"gold_gain":0,"player_choice":"Ignored","damage_taken":0,"max_hp_gain":0,"max_hp_loss":0,"event_name":"Ghosts","floor":24,"gold_loss":0},{"damage_healed":0,"gold_gain":0,"player_choice":"Forge","damage_taken":0,"max_hp_gain":0,"max_hp_loss":0,"event_name":"Accursed Blacksmith","floor":30,"gold_loss":0,"cards_upgraded":["Entrench"]},{"damage_healed":0,"gold_gain":0,"player_choice":"Fight","damage_taken":0,"max_hp_gain":0,"max_hp_loss":0,"event_name":"Mysterious Sphere","floor":38,"gold_loss":0},{"damage_healed":0,"gold_gain":0,"player_choice":"Memory 1","damage_taken":0,"max_hp_gain":0,"max_hp_loss":0,"event_name":"SensoryStone","floor":39,"gold_loss":0},{"damage_healed":0,"gold_gain":0,"player_choice":"Paid","damage_taken":0,"relics_obtained":["Red Mask"],"max_hp_gain":0,"max_hp_loss":0,"event_name":"Tomb of Lord Red Mask","floor":42,"gold_loss":41},{"cards_removed":["Ghostly Armor"],"damage_healed":0,"gold_gain":0,"player_choice":"Removed Skill","damage_taken":0,"max_hp_gain":0,"max_hp_loss":0,"event_name":"Falling","floor":44,"gold_loss":0},{"damage_healed":0,"gold_gain":0,"player_choice":"Max HP","damage_taken":0,"max_hp_gain":0,"max_hp_loss":4,"event_name":"Winding Halls","floor":45,"gold_loss":0},{"damage_healed":0,"gold_gain":0,"player_choice":"Fight","damage_taken":0,"max_hp_gain":0,"max_hp_loss":0,"event_name":"MindBloom","floor":46,"gold_loss":0}],"is_beta":false,"boss_relics":[{"not_picked":["Fusion Hammer","White Beast Statue"],"picked":"Ectoplasm"},{"not_picked":["Lizard Tail","Sozu"],"picked":"Tiny House"}],"items_purged_floors":[4,11,22],"is_endless":false,"potions_floor_spawned":[2,3,12,14,18,19,28,31,33,35,48],"ascension_level":0}