{"gold_per_floor":[115,115,131,131,149,149,174,191,215,215,140,140,166,166,166,270,270,281,281,181,181,195,195,195],"floor_reached":24,"playtime":888,"items_purged":["Strike_R","Strike_R"],"score":235,"play_id":"b1544695-3638-4a13-8115-26b608894e53","local_time":"20190825001400","is_ascension_mode":true,"campfire_choices":[{"data":"Body Slam","floor":6,"key":"SMITH"},{"floor":10,"key":"REST"},{"floor":15,"key":"REST"},{"data":"Shrug It Off","floor":23,"key":"SMITH"}],"neow_cost":"NONE","seed_source_timestamp":819578921323600,"circlet_count":0,"master_deck":["Strike_R","Strike_R","Defend_R","Defend_R","Defend_R","Defend_R","Bash","Body Slam+1","Shrug It Off+1","Barricade"],"relics":["Burning Blood","NeowsBlessing","Omamori","Happy Flower","Art of War","Runic Cube"],"potions_floor_usage":[7,14,14,16,16,16,22,22],"damage_taken":[{"damage":0,"enemies":"2 Louse","floor":1,"turns":1},{"damage":0,"enemies":"Cultist","floor":3,"turns":1},{"damage":0,"enemies":"Jaw Worm","floor":5,"turns":1},{"damage":75,"enemies":"Lagavulin","floor":7,"turns":9},{"damage":6,"enemies":"2 Fungi Beasts","floor":8,"turns":4},{"damage":32,"enemies":"Gremlin Nob","floor":13,"turns":4},{"damage":0,"enemies":"Exordium Thugs","floor":14,"turns":1},{"damage":52,"enemies":"The Guardian","floor":16,"turns":18},{"damage":40,"enemies":"Chosen","floor":18,"turns":8},{"damage":56,"enemies":"3 Byrds","floor":22,"turns":10},{"damage":19,"enemies":"Slavers","floor":24,"turns":1}],"seed_played":"1108065925256180365","potions_obtained":[{"floor":2,"key":"SmokeBomb"},{"floor":2,"key":"EntropicBrew"},{"floor":2,"key":"Explosive Potion"},{"floor":16,"key":"Regen Potion"},{"floor":22,"key":"Fruit Juice"}],"is_trial":false,"path_per_floor":["M","?","M","?","M","R","E","M","T","R","$","?","E","M","R","B",null,"M","?","$","?","M","R","E"],"character_chosen":"IRONCLAD","items_purchased":[],"campfire_rested":2,"item_purchase_floors":[],"current_hp_per_floor":[80,80,80,80,80,80,11,11,11,35,35,35,9,15,39,8,80,46,46,46,46,16,16,0],"gold":195,"neow_bonus":"THREE_ENEMY_KILL","is_prod":false,"is_daily":false,"chose_seed":false,"campfire_upgraded":2,"win_rate":0,"timestamp":1566684840,"path_taken":["M","?","?","?","M","R","E","M","T","R","$","?","E","M","R","BOSS","M","?","$","?","M","R","E"],"build_version":"2019-07-17","purchased_purges":2,"victory":false,"max_hp_per_floor":[80,80,80,80,80,80,80,80,80,80,80,80,80,80,80,80,80,80,80,80,80,85,85,85],"card_choices":[{"not_picked":["Clothesline","Hemokinesis","Fire Breathing"],"picked":"SKIP","floor":1},{"not_picked":["Flex","Body Slam","Thunderclap"],"picked":"SKIP","floor":3},{"not_picked":["Flex","Thunderclap"],"picked":"Body Slam","floor":3},{"not_picked":["Shrug It Off","Thunderclap","Power Through"],"picked":"SKIP","floor":5},{"not_picked":["Iron Wave","Clash","Headbutt"],"picked":"SKIP","floor":7},{"not_picked":["Feel No Pain","Exhume"],"picked":"Shrug It Off","floor":8},{"not_picked":["Thunderclap","Berserk","Cleave"],"picked":"SKIP","floor":13},{"not_picked":["Bludgeon","Demon Form"],"picked":"Barricade","floor":16},{"not_picked":["Sword Boomerang+1","Headbutt","Body Slam"],"picked":"SKIP","floor":18},{"not_picked":["Wild Strike","Rampage","Carnage+1"],"picked":"SKIP","floor":22}],"player_experience":194573,"relics_obtained":[{"floor":7,"key":"Omamori"},{"floor":9,"key":"Happy Flower"},{"floor":13,"key":"Art of War"}],"event_choices":[{"damage_healed":0,"gold_gain":0,"player_choice":"Got Potions","damage_taken":0,"max_hp_gain":0,"max_hp_loss":0,"event_name":"Lab","floor":2,"gold_loss":0},{"damage_healed":0,"gold_gain":0,"player_choice":"Ignored","damage_taken":0,"max_hp_gain":0,"max_hp_loss":0,"event_name":"Liars Game","floor":4,"gold_loss":0},{"damage_healed":0,"gold_gain":0,"player_choice":"Cursed","damage_taken":0,"max_hp_gain":0,"max_hp_loss":0,"event_name":"Wheel of Change","floor":12,"gold_loss":0,"cards_obtained":["Decay"]},{"damage_healed":0,"gold_gain":0,"player_choice":"Ignored","damage_taken":0,"max_hp_gain":0,"max_hp_loss":0,"event_name":"Vampires","floor":19,"gold_loss":0},{"cards_removed":["Strike_R"],"damage_healed":0,"gold_gain":0,"player_choice":"Elegance","damage_taken":0,"max_hp_gain":0,"max_hp_loss":0,"event_name":"Back to Basics","floor":21,"gold_loss":0}],"is_beta":false,"boss_relics":[{"not_picked":["Orrery","Velvet Choker"],"picked":"Runic Cube"}],"items_purged_floors":[11,20],"is_endless":false,"potions_floor_spawned":[3,5,14,16,22],"killed_by":"Slavers","ascension_level":3}