{"gold_per_floor":[114,8,20,81,81,81,97,116,142,171,171,57,70,87,87,190,190,204,214,61,81,81,112,112,112,189,200,113,113,113,163,163,163],"floor_reached":33,"playtime":4635,"items_purged":[],"score":265,"play_id":"1f9b3f9b-1ccd-4bb3-9f2c-7d09b5588c42","local_time":"20190818204744","is_ascension_mode":false,"campfire_choices":[{"data":"Clash","floor":6,"key":"SMITH"},{"floor":11,"key":"REST"},{"data":"Carnage","floor":15,"key":"SMITH"},{"floor":24,"key":"REST"},{"floor":30,"key":"REST"},{"data":"Anger","floor":32,"key":"SMITH"}],"neow_cost":"","seed_source_timestamp":57408032127400,"circlet_count":0,"master_deck":["Strike_R","Strike_R","Defend_R","Defend_R+1","Defend_R","Defend_R","Bash","Armaments","Clash+1","Discovery+1","Flex","Clothesline","Carnage+1","Dropkick","Shockwave","Pummel","Inflame","Seeing Red","Juggernaut","Anger","Thunderclap+1","Swift Strike","Rampage","Iron Wave","Anger+1","Iron Wave","Finesse","Demon Form","Fire Breathing"],"relics":["Burning Blood","Bag of Marbles","Boot","White Beast Statue","Pear","Gremlin Horn","Potion Belt"],"potions_floor_usage":[16,19,21,23,23,23,33],"damage_taken":[{"damage":1,"enemies":"Cultist","floor":1,"turns":4},{"damage":6,"enemies":"Jaw Worm","floor":3,"turns":3},{"damage":0,"enemies":"2 Louse","floor":7,"turns":3},{"damage":8,"enemies":"Red Slaver","floor":8,"turns":2},{"damage":13,"enemies":"Lagavulin","floor":10,"turns":4},{"damage":13,"enemies":"Large Slime","floor":13,"turns":3},{"damage":0,"enemies":"Blue Slaver","floor":14,"turns":2},{"damage":60,"enemies":"The Guardian","floor":16,"turns":9},{"damage":12,"enemies":"2 Thieves","floor":18,"turns":3},{"damage":14,"enemies":"Shell Parasite","floor":19,"turns":5},{"damage":27,"enemies":"Centurion and Healer","floor":21,"turns":3},{"damage":14,"enemies":"Slavers","floor":23,"turns":4},{"damage":27,"enemies":"Cultist and Chosen","floor":27,"turns":5},{"damage":80,"enemies":"Champ","floor":33,"turns":8}],"seed_played":"-4445934768329653479","potions_obtained":[{"floor":13,"key":"PowerPotion"},{"floor":14,"key":"Fire Potion"},{"floor":16,"key":"Weak Potion"},{"floor":18,"key":"Dexterity Potion"},{"floor":19,"key":"Fire Potion"},{"floor":21,"key":"Explosive Potion"},{"floor":23,"key":"Block Potion"},{"floor":27,"key":"GamblersBrew"}],"is_trial":false,"path_per_floor":["M","$","M","?","?","R","M","M","T","E","R","$","M","M","R","B",null,"M","M","$","M","?","E","R","?","T","M","$","?","R","T","R","B"],"character_chosen":"IRONCLAD","items_purchased":["Clash","Discovery","Shockwave","Pummel","Swift Strike","Rampage","Finesse"],"campfire_rested":3,"item_purchase_floors":[2,2,12,12,20,20,28],"current_hp_per_floor":[80,80,80,80,64,64,70,68,68,61,80,80,73,79,79,25,80,74,66,66,45,45,47,74,74,74,53,53,53,80,80,80,0],"gold":163,"neow_bonus":"","is_prod":false,"is_daily":false,"chose_seed":false,"campfire_upgraded":3,"win_rate":0.0,"timestamp":1566157664,"path_taken":["M","$","?","?","?","R","M","M","T","E","R","$","M","M","R","BOSS","M","M","$","M","?","E","R","?","T","?","$","?","R","?","R","BOSS"],"build_version":"2019-07-17","purchased_purges":0,"victory":false,"max_hp_per_floor":[80,80,80,80,80,80,80,80,80,80,80,80,80,80,80,80,80,80,80,80,80,80,90,90,90,90,90,90,90,90,90,90,90],"card_choices":[{"not_picked":["Body Slam","Twin Strike"],"picked":"Armaments","floor":1},{"not_picked":["Hemokinesis","Pommel Strike"],"picked":"Flex","floor":3},{"not_picked":["Headbutt","Shrug It Off"],"picked":"Clothesline","floor":7},{"not_picked":["Flex","Clothesline"],"picked":"Carnage","floor":8},{"not_picked":["Blood for Blood","Sword Boomerang"],"picked":"Dropkick","floor":10},{"not_picked":["Dual Wield","Dropkick"],"picked":"Inflame","floor":13},{"not_picked":["Warcry","Iron Wave"],"picked":"Seeing Red","floor":14},{"not_picked":["Demon Form","Feed"],"picked":"Juggernaut","floor":16},{"not_picked":["Whirlwind","Clothesline+1"],"picked":"Anger","floor":18},{"not_picked":["Flex","Shockwave"],"picked":"Thunderclap+1","floor":19},{"not_picked":["Body Slam","Armaments"],"picked":"Iron Wave","floor":21},{"not_picked":["Battle Trance","Clothesline"],"picked":"Anger","floor":23},{"not_picked":["Demon Form","Clash"],"picked":"Iron Wave","floor":27}],"player_experience":0,"relics_obtained":[{"floor":9,"key":"Bag of Marbles"},{"floor":10,"key":"Boot"},{"floor":23,"key":"Pear"},{"floor":26,"key":"Gremlin Horn"},{"floor":31,"key":"Potion Belt"}],"event_choices":[{"damage_healed":0,"gold_gain":61,"player_choice":"Gained Gold","damage_taken":0,"max_hp_gain":0,"max_hp_loss":0,"event_name":"Golden Wing","floor":4,"gold_loss":0},{"damage_healed":0,"gold_gain":0,"player_choice":"Entered Light","damage_taken":16,"max_hp_gain":0,"max_hp_loss":0,"event_name":"Shining Light","floor":5,"gold_loss":0,"cards_upgraded":["Defend_R","Discovery"]},{"damage_healed":0,"gold_gain":0,"player_choice":"Ignored","damage_taken":0,"max_hp_gain":0,"max_hp_loss":0,"event_name":"Ghosts","floor":22,"gold_loss":0},{"cards_removed":["Strike_R"],"damage_healed":0,"gold_gain":0,"player_choice":"Offered Basic","damage_taken":0,"max_hp_gain":0,"max_hp_loss":0,"event_name":"Bonfire Elementals","floor":25,"gold_loss":0},{"damage_healed":0,"gold_gain":0,"cards_transformed":["Strike_R","Strike_R"],"player_choice":"Became Test Subject","damage_taken":0,"max_hp_gain":0,"max_hp_loss":0,"event_name":"Drug Dealer","floor":29,"gold_loss":0,"cards_obtained":["Demon Form","Fire Breathing"]}],"is_beta":false,"boss_relics":[{"not_picked":["Runic Cube","Empty Cage"],"picked":"White Beast Statue"}],"items_purged_floors":[],"is_endless":false,"potions_floor_spawned":[13,14,16,18,19,21,23,27],"killed_by":"Champ","ascension_level":0}