{"gold_per_floor":[115,126,0,0,12,26,42,69,69,69,101,101,133,150,150,251,251,270,282,301,36,52,52,85,85,130,130,162,180,80,80,80,80],"floor_reached":33,"playtime":3524,"items_purged":["Defend_G","Strike_G"],"score":357,"play_id":"32351b4d-6b15-4b81-95c5-d724f9289bfd","local_time":"20181226180242","is_ascension_mode":false,"campfire_choices":[{"data":"Envenom","floor":10,"key":"SMITH"},{"data":"Bouncing Flask","floor":12,"key":"SMITH"},{"floor":15,"key":"REST"},{"floor":23,"key":"REST"},{"floor":25,"key":"REST"},{"floor":32,"key":"REST"}],"neow_cost":"NONE","seed_source_timestamp":16688056514000,"circlet_count":0,"master_deck":["Defend_G","Defend_G","Defend_G","Defend_G","Strike_G","Strike_G","Strike_G","Survivor","Neutralize","Escape Plan","Masterful Stab","Deadly Poison","Bouncing Flask+1","Deflect","Deadly Poison","Blur","Bane","Envenom+1","Venomology","Prepared","Bullet Time","Poisoned Stab"],"relics":["Ring of the Snake","WingedGreaves","Ninja Scroll","Torii","Mercury Hourglass","Runic Pyramid","Orichalcum","Anchor","PreservedInsect","Lantern","Sundial"],"potions_floor_usage":[11,11,13,16,20,20,29,29,33],"damage_taken":[{"damage":1,"enemies":"Jaw Worm","floor":1,"turns":6},{"damage":0,"enemies":"2 Louse","floor":2,"turns":3},{"damage":0,"enemies":"Cultist","floor":5,"turns":3},{"damage":2,"enemies":"3 Louse","floor":6,"turns":3},{"damage":0,"enemies":"Exordium Wildlife","floor":7,"turns":3},{"damage":5,"enemies":"Lagavulin","floor":8,"turns":5},{"damage":6,"enemies":"Gremlin Nob","floor":11,"turns":3},{"damage":20,"enemies":"3 Sentries","floor":13,"turns":8},{"damage":0,"enemies":"2 Fungi Beasts","floor":14,"turns":2},{"damage":0,"enemies":"Slime Boss","floor":16,"turns":6},{"damage":0,"enemies":"Chosen","floor":18,"turns":3},{"damage":0,"enemies":"Spheric Guardian","floor":19,"turns":3},{"damage":17,"enemies":"Shelled Parasite and Fungi","floor":20,"turns":5},{"damage":8,"enemies":"Snecko","floor":22,"turns":4},{"damage":43,"enemies":"Gremlin Leader","floor":24,"turns":9},{"damage":17,"enemies":"Slavers","floor":28,"turns":4},{"damage":6,"enemies":"Cultist and Chosen","floor":29,"turns":5},{"damage":50,"enemies":"Automaton","floor":33,"turns":6}],"seed_played":"-3737041913978683377","potions_obtained":[{"floor":5,"key":"Swift Potion"},{"floor":6,"key":"AttackPotion"},{"floor":8,"key":"Poison Potion"},{"floor":14,"key":"SteroidPotion"},{"floor":20,"key":"Swift Potion"},{"floor":24,"key":"Weak Potion"}],"is_trial":false,"path_per_floor":["M","M","$","?","M","M","M","E","T","R","E","R","E","M","R","B",null,"M","M","M","$","M","R","E","R","T","?","E","M","$","T","R","B"],"character_chosen":"THE_SILENT","items_purchased":["Bouncing Flask","Deflect","Poisoned Stab","Orichalcum"],"campfire_rested":4,"item_purchase_floors":[3,3,21,21],"current_hp_per_floor":[69,69,69,69,69,67,67,62,62,62,56,56,36,36,57,57,70,70,70,53,53,45,66,23,44,44,44,27,21,21,21,42,0],"gold":80,"neow_bonus":"TRANSFORM_CARD","is_prod":false,"is_daily":false,"chose_seed":false,"campfire_upgraded":2,"win_rate":0.0,"timestamp":1545843762,"path_taken":["M","M","$","?","M","M","M","E","T","R","E","R","E","M","R","BOSS","M","M","M","$","M","R","E","R","T","?","E","M","$","?","R","BOSS"],"build_version":"2018-12-20","purchased_purges":2,"victory":false,"max_hp_per_floor":[70,70,70,70,70,70,70,70,70,70,70,70,70,70,70,70,70,70,70,70,70,70,70,70,70,70,70,70,70,70,70,70,70],"card_choices":[{"not_picked":["Blade Dance","Dodge and Roll"],"picked":"Masterful Stab","floor":1},{"not_picked":["Well Laid Plans","Riddle With Holes"],"picked":"Deadly Poison","floor":2},{"not_picked":["Dagger Spray","Blur"],"picked":"Deadly Poison","floor":5},{"not_picked":["Dagger Spray","Blade Dance"],"picked":"Blur","floor":6},{"not_picked":["Prepared","Flechettes"],"picked":"Bane","floor":7},{"not_picked":["Acrobatics","Distraction"],"picked":"Envenom","floor":8},{"not_picked":["PiercingWail","Terror"],"picked":"Venomology","floor":11},{"not_picked":["Infinite Blades","Endless Agony","Flechettes"],"picked":"SKIP","floor":13},{"not_picked":["Choke","Outmaneuver"],"picked":"Prepared","floor":14},{"not_picked":["A Thousand Cuts","Die Die Die"],"picked":"Bullet Time","floor":16},{"not_picked":["Prepared","Dagger Spray","Deflect"],"picked":"SKIP","floor":18},{"not_picked":["Flying Knee","Quick Slash","Acrobatics"],"picked":"SKIP","floor":19},{"not_picked":["Flying Knee","Dagger Spray","Sucker Punch"],"picked":"SKIP","floor":20},{"not_picked":["Prepared","Expertise","Night Terror"],"picked":"SKIP","floor":22},{"not_picked":["Footwork","Riddle With Holes","Deflect"],"picked":"SKIP","floor":24},{"not_picked":["Flying Knee","Skewer+1","Blur"],"picked":"SKIP","floor":28},{"not_picked":["Quick Slash+1","Predator","PiercingWail+1"],"picked":"SKIP","floor":29}],"player_experience":33139,"relics_obtained":[{"floor":8,"key":"WingedGreaves"},{"floor":9,"key":"Ninja Scroll"},{"floor":11,"key":"Torii"},{"floor":13,"key":"Mercury Hourglass"},{"floor":24,"key":"Anchor"},{"floor":26,"key":"PreservedInsect"},{"floor":28,"key":"Lantern"},{"floor":31,"key":"Sundial"}],"event_choices":[{"damage_healed":0,"gold_gain":0,"player_choice":"Leave","damage_taken":0,"max_hp_gain":0,"max_hp_loss":0,"event_name":"The Cleric","floor":4,"gold_loss":0},{"damage_healed":0,"gold_gain":0,"player_choice":"Bought 0 Potions","damage_taken":0,"max_hp_gain":0,"max_hp_loss":0,"event_name":"The Woman in Blue","floor":27,"gold_loss":0}],"is_beta":false,"boss_relics":[{"not_picked":["Empty Cage","Snecko Eye"],"picked":"Runic Pyramid"}],"items_purged_floors":[21,30],"is_endless":false,"potions_floor_spawned":[5,6,8,14,20,22,24],"killed_by":"Automaton","ascension_level":0}