{"gold_per_floor":[116,127,127,143,161,161,188,188,188,153,182,332,272,289,289,365,365,380,380,390,149,162,162,181,197,197,197,212,239,239,75,75,147,147,167,45,60,75,88,88,101,131,156,156,156],"floor_reached":45,"playtime":1809,"items_purged":["Strike_R","Strike_R"],"score":1010,"play_id":"a756abbc-66e9-4360-aa3d-f4b260d047eb","local_time":"20190808234620","is_ascension_mode":true,"campfire_choices":[{"data":"Body Slam","floor":6.0,"key":"SMITH"},{"data":"Flame Barrier","floor":8,"key":"SMITH"},{"data":"Bash","floor":15,"key":"SMITH"},{"data":"Barricade","floor":23,"key":"SMITH"},{"data":"Fiend Fire","floor":27,"key":"SMITH"},{"data":"Body Slam","floor":30,"key":"SMITH"},{"data":"PanicButton","floor":32,"key":"SMITH"},{"floor":40,"key":"RECALL"}],"neow_cost":"NONE","seed_source_timestamp":2525093398605882,"circlet_count":0,"master_deck":["AscendersBane","Strike_R","Strike_R","Defend_R","Defend_R","Defend_R","Defend_R","Bash+1","Sentinel","Headbutt","Flame Barrier+1","Body Slam+1","Sword Boomerang","Fiend Fire+1","Whirlwind","Metallicize","Barricade+1","Body Slam+1","Flame Barrier+1","Shrug It Off","Ghostly Armor","Evolve","PanicButton+1","Shrug It Off","Offering","Body Slam+1","Corruption+1","Flame Barrier"],"special_seed":0,"relics":["Burning Blood","Omamori","Ancient Tea Set","The Courier","Philosopher\u0027s Stone","Paper Frog","StoneCalendar","OrangePellets","Runic Pyramid","PreservedInsect","Gremlin Horn"],"potions_floor_usage":[7,11,11,16,24,29,33,39,45],"damage_taken":[{"damage":1.0,"enemies":"Cultist","floor":1.0,"turns":3.0},{"damage":3.0,"enemies":"2 Louse","floor":2.0,"turns":3.0},{"damage":4.0,"enemies":"Jaw Worm","floor":4.0,"turns":4.0},{"damage":26.0,"enemies":"Lots of Slimes","floor":5.0,"turns":7.0},{"damage":35,"enemies":"Gremlin Nob","floor":7,"turns":4},{"damage":20,"enemies":"3 Sentries","floor":11,"turns":7},{"damage":6,"enemies":"Looter","floor":14,"turns":3},{"damage":3,"enemies":"Hexaghost","floor":16,"turns":11},{"damage":10,"enemies":"Chosen","floor":18,"turns":5},{"damage":0,"enemies":"Spheric Guardian","floor":20,"turns":5},{"damage":20,"enemies":"Snake Plant","floor":22,"turns":4},{"damage":14,"enemies":"Shelled Parasite and Fungi","floor":24,"turns":5},{"damage":0,"enemies":"Centurion and Healer","floor":25,"turns":6},{"damage":3,"enemies":"Snecko","floor":28,"turns":5},{"damage":36,"enemies":"Slavers","floor":29,"turns":7},{"damage":0,"enemies":"Automaton","floor":33,"turns":10},{"damage":0,"enemies":"3 Shapes","floor":35,"turns":5},{"damage":22,"enemies":"Orb Walker","floor":37,"turns":4},{"damage":0,"enemies":"Maw","floor":38,"turns":6},{"damage":9,"enemies":"Sphere and 2 Shapes","floor":39,"turns":5},{"damage":47,"enemies":"4 Shapes","floor":41,"turns":2},{"damage":6,"enemies":"Giant Head","floor":42,"turns":4},{"damage":45,"enemies":"Transient","floor":45,"turns":2}],"seed_played":"4618859979038233834","potions_obtained":[{"floor":1.0,"key":"PowerPotion"},{"floor":5.0,"key":"SkillPotion"},{"floor":7,"key":"SteroidPotion"},{"floor":14,"key":"PowerPotion"},{"floor":18,"key":"Swift Potion"},{"floor":22,"key":"Energy Potion"},{"floor":25,"key":"Ancient Potion"},{"floor":28,"key":"Regen Potion"},{"floor":38,"key":"SkillPotion"},{"floor":41,"key":"PowerPotion"}],"is_trial":false,"path_per_floor":["M","M","?","M","M","R","E","R","T","?","E","?","$","M","R","B",null,"M","?","M","$","M","R","M","M","T","R","M","E","R","$","R","B",null,"M","$","M","M","M","R","M","E","T","?","M"],"character_chosen":"IRONCLAD","items_purchased":["Ghostly Armor","Evolve","PanicButton","OrangePellets","PreservedInsect"],"campfire_rested":0,"item_purchase_floors":[21,21,21,31,36],"current_hp_per_floor":[73,75,80,80,60,60,31,31,31,51,37,37,37,37,37,40,70,66,66,72,72,58,58,50,56,56,56,59,44,44,44,44,50,73,79,79,63,69,66,66,25,25,25,20,0],"gold":156,"neow_bonus":"TRANSFORM_CARD","is_prod":false,"is_daily":false,"chose_seed":false,"campfire_upgraded":7,"win_rate":0,"timestamp":1565322380,"path_taken":["M","?","?","M","M","R","E","R","T","?","E","?","$","M","R","BOSS","M","?","M","$","?","R","M","M","T","R","M","E","R","$","R","BOSS","M","$","M","?","M","R","M","E","T","?","M"],"build_version":"2019-07-17","purchased_purges":2,"victory":false,"max_hp_per_floor":[75,75,80,80,80,80,80,80,80,80,80,80,80,80,80,80,80,80,80,80,80,80,80,80,80,80,80,80,80,80,80,80,80,80,80,80,80,80,80,80,80,80,80,80,80],"card_choices":[{"not_picked":["Corruption","Warcry"],"picked":"Headbutt","floor":1.0},{"not_picked":["Pommel Strike","Sword Boomerang"],"picked":"Flame Barrier","floor":2.0},{"not_picked":["Fire Breathing","Sentinel"],"picked":"Body Slam","floor":4.0},{"not_picked":["Flex","Rupture"],"picked":"Sword Boomerang","floor":5.0},{"not_picked":["Limit Break","Clash"],"picked":"Fiend Fire","floor":7},{"not_picked":["Shockwave","Evolve"],"picked":"Whirlwind","floor":11},{"not_picked":["Reckless Charge","Headbutt"],"picked":"Metallicize","floor":14},{"not_picked":["Bludgeon","Limit Break"],"picked":"Barricade","floor":16},{"not_picked":["Armaments","Ghostly Armor"],"picked":"Body Slam","floor":18},{"not_picked":["Pommel Strike","Second Wind"],"picked":"Shrug It Off","floor":20},{"not_picked":["Wild Strike","Body Slam","Twin Strike"],"picked":"SKIP","floor":22},{"not_picked":["Clothesline","Brutality"],"picked":"Shrug It Off","floor":24},{"not_picked":["Inflame","Shrug It Off","Perfected Strike"],"picked":"SKIP","floor":25},{"not_picked":["Dropkick+1","Anger","True Grit"],"picked":"SKIP","floor":28},{"not_picked":["Sword Boomerang","Sentinel","Anger"],"picked":"SKIP","floor":29},{"not_picked":["Berserk","Impervious"],"picked":"Offering","floor":33},{"not_picked":["Shockwave","Clothesline+1"],"picked":"Body Slam+1","floor":35},{"not_picked":["Dropkick","Headbutt+1"],"picked":"Corruption+1","floor":37},{"not_picked":["Intimidate","Carnage+1"],"picked":"Flame Barrier","floor":38},{"not_picked":["Hemokinesis+1","Twin Strike","Clothesline+1"],"picked":"SKIP","floor":39},{"not_picked":["Dropkick","Wild Strike","Thunderclap"],"picked":"SKIP","floor":41},{"not_picked":["Clothesline","Burning Pact","Rage+1"],"picked":"SKIP","floor":42}],"player_experience":2647958,"relics_obtained":[{"floor":7,"key":"Omamori"},{"floor":9,"key":"Ancient Tea Set"},{"floor":11,"key":"The Courier"},{"floor":26,"key":"Paper Frog"},{"floor":29,"key":"StoneCalendar"},{"floor":42,"key":"Gremlin Horn"}],"event_choices":[{"damage_healed":0.0,"max_hp_gain":5.0,"max_hp_loss":0.0,"gold_gain":0.0,"event_name":"Big Fish","player_choice":"Donut","floor":3.0,"gold_loss":0.0,"damage_taken":0.0},{"damage_healed":20,"gold_gain":0,"player_choice":"Healed","damage_taken":0,"max_hp_gain":0,"max_hp_loss":0,"event_name":"The Cleric","floor":10,"gold_loss":35},{"damage_healed":0,"gold_gain":150,"player_choice":"AGREE","damage_taken":0,"max_hp_gain":0,"max_hp_loss":0,"event_name":"Liars Game","floor":12,"gold_loss":0,"cards_obtained":["Doubt"]},{"damage_healed":0,"gold_gain":0,"player_choice":"Copied","damage_taken":0,"max_hp_gain":0,"max_hp_loss":0,"event_name":"Duplicator","floor":19,"gold_loss":0,"cards_obtained":["Flame Barrier"]},{"damage_healed":0,"gold_gain":0,"player_choice":"Memory 2","damage_taken":5,"max_hp_gain":0,"max_hp_loss":0,"event_name":"SensoryStone","floor":44,"gold_loss":0}],"is_beta":false,"boss_relics":[{"not_picked":["Orrery","Busted Crown"],"picked":"Philosopher\u0027s Stone"},{"not_picked":["Eternal Feather","Black Blood"],"picked":"Runic Pyramid"}],"items_purged_floors":[13,21],"is_endless":false,"potions_floor_spawned":[1,5,7,14,18,22,25,28,38,41],"killed_by":"Transient","ascension_level":15}