{"gold_per_floor":[111,111,286,64,89,121,121,155,205,216,229,27,45,62,62,166,216,199,217,87,98,114,114,126,159,159,171,183,215,327,368,380,493,505,534,566,139,139,158,158,176,176,200,71,98,48,62,132,132,132],"floor_reached":50,"playtime":3106,"items_purged":["Doubt","Defend_B","Defend_B","Defend_B","Strike_B","Strike_B"],"score":624,"play_id":"1e2210ef-b929-4acf-95d6-f726ebafc713","local_time":"20190816165105","is_ascension_mode":true,"campfire_choices":[{"data":"Loop","floor":7,"key":"SMITH"},{"floor":15,"key":"REST"},{"data":"Dualcast","floor":23,"key":"SMITH"},{"data":"Genetic Algorithm","floor":27,"key":"SMITH"},{"floor":32,"key":"REST"},{"data":"Redo","floor":40,"key":"SMITH"},{"floor":42,"key":"RECALL"},{"floor":49,"key":"REST"}],"neow_cost":"NONE","seed_source_timestamp":99576563314700,"circlet_count":0,"master_deck":["Defend_B+1","Zap","Dualcast+1","Glacier","Loop+1","BootSequence","Melter","Genetic Algorithm+1","Doom and Gloom","Machine Learning","Lockon","Ball Lightning","Conserve Battery","Self Repair","Genetic Algorithm+1","Steam+1","Stack","Loop","Amplify","Redo+1","Electrodynamics+1","Undo+1","Heatsinks+1","Rebound+1","FTL","Hologram+1"],"relics":["Nuclear Battery","Potion Belt","Vajra","Smiling Mask","Pantograph","Bag of Preparation","Tiny House","Pen Nib","MawBank","Calipers","Frozen Egg 2","Matryoshka","Philosopher\u0027s Stone","Pear","FaceOfCleric","Omamori","Dream Catcher","Bag of Marbles","PreservedInsect","Bottled Tornado"],"potions_floor_usage":[25,25,33,33,45,47,47,47,47,47,50,50],"damage_taken":[{"damage":2,"enemies":"Small Slimes","floor":1,"turns":5},{"damage":9,"enemies":"3 Sentries","floor":6,"turns":11},{"damage":45,"enemies":"Lagavulin","floor":8,"turns":10},{"damage":0,"enemies":"Jaw Worm","floor":10,"turns":3},{"damage":0,"enemies":"Cultist","floor":11,"turns":4},{"damage":0,"enemies":"Large Slime","floor":13,"turns":5},{"damage":2,"enemies":"3 Louse","floor":14,"turns":3},{"damage":36,"enemies":"Slime Boss","floor":16,"turns":8},{"damage":10,"enemies":"2 Thieves","floor":18,"turns":4},{"damage":6,"enemies":"3 Byrds","floor":19,"turns":5},{"damage":10,"enemies":"Shelled Parasite and Fungi","floor":21,"turns":4},{"damage":36,"enemies":"Cultist and Chosen","floor":22,"turns":6},{"damage":14,"enemies":"Centurion and Healer","floor":24,"turns":8},{"damage":8,"enemies":"Slavers","floor":25,"turns":6},{"damage":0,"enemies":"Sentry and Sphere","floor":29,"turns":3},{"damage":3,"enemies":"Colosseum Slavers","floor":30,"turns":5},{"damage":6,"enemies":"Colosseum Nobs","floor":30,"turns":6},{"damage":20,"enemies":"Book of Stabbing","floor":31,"turns":6},{"damage":40,"enemies":"Collector","floor":33,"turns":8},{"damage":15,"enemies":"3 Darklings","floor":35,"turns":5},{"damage":3,"enemies":"3 Shapes","floor":36,"turns":3},{"damage":11,"enemies":"3 Darklings","floor":39,"turns":2},{"damage":16,"enemies":"Maw","floor":41,"turns":6},{"damage":65,"enemies":"Giant Head","floor":45,"turns":10},{"damage":28,"enemies":"Writhing Mass","floor":47,"turns":6},{"damage":78,"enemies":"Donu and Deca","floor":50,"turns":8}],"seed_played":"-7141075175777494806","potions_obtained":[{"floor":1,"key":"SteroidPotion"},{"floor":6,"key":"Block Potion"},{"floor":8,"key":"LiquidBronze"},{"floor":13,"key":"Ancient Potion"},{"floor":17,"key":"Regen Potion"},{"floor":19,"key":"LiquidBronze"},{"floor":25,"key":"PowerPotion"},{"floor":30,"key":"PowerPotion"},{"floor":35,"key":"Regen Potion"},{"floor":45,"key":"Strength Potion"},{"floor":47,"key":"Regen Potion"}],"is_trial":false,"path_per_floor":["M","?","?","$","T","E","R","E","T","M","M","$","M","M","R","B",null,"M","M","$","M","M","R","M","E","T","R","?","M","?","E","R","B",null,"M","M","$","?","M","R","M","R","T","$","E","$","M","T","R","B"],"character_chosen":"DEFECT","items_purchased":["Potion Belt","Bag of Preparation","Self Repair","Pear","EntropicBrew","Heatsinks+1","FTL"],"campfire_rested":3,"item_purchase_floors":[4,12,20,37,37,37,44],"current_hp_per_floor":[73,66,66,66,66,57,57,12,12,12,12,12,12,10,32,21,80,70,64,64,61,32,32,25,39,39,39,39,39,44,38,62,47,80,72,76,86,86,90,90,89,89,89,89,32,32,17,17,45,0],"gold":132,"neow_bonus":"BOSS_RELIC","is_prod":false,"is_daily":false,"chose_seed":false,"campfire_upgraded":4,"win_rate":0,"timestamp":1565967065,"path_taken":["M","?","?","?","?","E","R","E","T","?","M","$","M","M","R","BOSS","M","M","$","?","M","R","M","E","T","R","?","M","?","E","R","BOSS","M","M","$","?","M","R","?","R","T","?","E","$","M","?","R","BOSS"],"build_version":"2019-07-17","purchased_purges":6,"victory":false,"max_hp_per_floor":[75,75,75,75,75,75,75,75,75,75,75,75,75,75,75,75,80,80,80,80,80,80,80,80,80,80,80,80,80,80,80,80,80,80,80,80,90,90,91,91,92,92,92,92,93,93,94,94,94,94],"card_choices":[{"not_picked":["White Noise","Reprogram"],"picked":"Glacier","floor":1},{"not_picked":["Chaos","Conserve Battery"],"picked":"Loop","floor":6},{"not_picked":["Reinforced Body","Consume"],"picked":"BootSequence","floor":8},{"not_picked":["Turbo","Sweeping Beam"],"picked":"Melter","floor":10},{"not_picked":["Glacier","Scrape","Leap"],"picked":"SKIP","floor":11},{"not_picked":["Turbo","Coolheaded"],"picked":"Genetic Algorithm","floor":13},{"not_picked":["Coolheaded","Steam"],"picked":"Doom and Gloom","floor":14},{"not_picked":["Buffer","Fission"],"picked":"Machine Learning","floor":16},{"not_picked":["Ball Lightning","Cold Snap"],"picked":"Lockon","floor":17},{"not_picked":["Sunder","Fusion"],"picked":"Ball Lightning","floor":18},{"not_picked":["Ball Lightning","Cold Snap"],"picked":"Conserve Battery","floor":19},{"not_picked":["Reinforced Body","Compile Driver"],"picked":"Genetic Algorithm+1","floor":21},{"not_picked":["Skim","Cold Snap+1"],"picked":"Steam+1","floor":22},{"not_picked":["Cold Snap","Conserve Battery"],"picked":"Stack","floor":24},{"not_picked":["Compile Driver","Leap","Steam Power"],"picked":"SKIP","floor":25},{"not_picked":["Cold Snap","Compile Driver"],"picked":"Loop","floor":29},{"not_picked":["Cold Snap","Gash"],"picked":"Amplify","floor":30},{"not_picked":["Glacier+1","Consume"],"picked":"Redo","floor":31},{"not_picked":["Creative AI+1","Core Surge"],"picked":"Electrodynamics+1","floor":33},{"not_picked":["Turbo","Streamline"],"picked":"Undo+1","floor":35},{"not_picked":["Stack+1","Compile Driver","Skim"],"picked":"SKIP","floor":36},{"not_picked":["Beam Cell","Heatsinks+1","Barrage"],"picked":"SKIP","floor":39},{"not_picked":["Streamline+1","Sweeping Beam"],"picked":"Rebound+1","floor":41},{"not_picked":["Fission","Beam Cell"],"picked":"Hologram+1","floor":45},{"not_picked":["Barrage+1","Skim+1","Ball Lightning+1"],"picked":"SKIP","floor":47}],"player_experience":119241,"relics_obtained":[{"floor":5,"key":"Vajra"},{"floor":6,"key":"Smiling Mask"},{"floor":8,"key":"Pantograph"},{"floor":25,"key":"Pen Nib"},{"floor":26,"key":"MawBank"},{"floor":30,"key":"Calipers"},{"floor":30,"key":"Frozen Egg 2"},{"floor":31,"key":"Matryoshka"},{"floor":43,"key":"Omamori"},{"floor":43,"key":"Dream Catcher"},{"floor":45,"key":"Bag of Marbles"},{"floor":48,"key":"PreservedInsect"},{"floor":48,"key":"Bottled Tornado"}],"event_choices":[{"cards_removed":["Strike_B"],"damage_healed":0,"gold_gain":0,"player_choice":"Card Removal","damage_taken":7,"max_hp_gain":0,"max_hp_loss":0,"event_name":"Golden Wing","floor":2,"gold_loss":0},{"damage_healed":0,"gold_gain":175,"player_choice":"AGREE","damage_taken":0,"max_hp_gain":0,"max_hp_loss":0,"event_name":"Liars Game","floor":3,"gold_loss":0,"cards_obtained":["Doubt"]},{"cards_removed":["Strike_B"],"damage_healed":0,"gold_gain":0,"player_choice":"Elegance","damage_taken":0,"max_hp_gain":0,"max_hp_loss":0,"event_name":"Back to Basics","floor":28,"gold_loss":0},{"damage_healed":0,"gold_gain":0,"player_choice":"Fight","damage_taken":0,"max_hp_gain":0,"max_hp_loss":0,"event_name":"Colosseum","floor":30,"gold_loss":0},{"damage_healed":0,"gold_gain":0,"player_choice":"Fought Nobs","damage_taken":0,"max_hp_gain":0,"max_hp_loss":0,"event_name":"Colosseum","floor":30,"gold_loss":0},{"damage_healed":0,"gold_gain":0,"player_choice":"Trade","damage_taken":0,"relics_obtained":["FaceOfCleric"],"max_hp_gain":0,"max_hp_loss":0,"event_name":"FaceTrader","floor":38,"gold_loss":0}],"is_beta":false,"boss_relics":[{"not_picked":["Sozu","Cursed Key"],"picked":"Tiny House"},{"not_picked":["Empty Cage","Lizard Tail"],"picked":"Philosopher\u0027s Stone"}],"items_purged_floors":[4,12,20,37,44,46],"is_endless":false,"potions_floor_spawned":[1,6,8,13,19,25,30,30,35,45,47],"killed_by":"Donu and Deca","ascension_level":1}