{"gold_per_floor":[114,131,141,152,152,152,183,183,183,198,226,226,240,210,210,210],"floor_reached":16,"playtime":737,"items_purged":[],"score":112,"play_id":"1775fec2-3b1f-4dfe-9417-9d106f159151","local_time":"20190117191302","is_ascension_mode":false,"campfire_choices":[{"data":"Dualcast","floor":6,"key":"SMITH"},{"floor":8,"key":"REST"},{"floor":12,"key":"REST"},{"data":"Defragment","floor":15,"key":"SMITH"}],"neow_cost":"NONE","seed_source_timestamp":82485006542900,"circlet_count":0,"master_deck":["Strike_B","Strike_B","Strike_B","Defend_B","Defend_B","Defend_B","Defend_B","Zap","Dualcast+1","Impatience","Redo","Loop","Rebound","Conserve Battery","Stack","Glacier","Biased Cognition","Steam","Defragment+1"],"relics":["Cracked Core","Dodecahedron","Shuriken","Pen Nib"],"potions_floor_usage":[7,11],"damage_taken":[{"damage":8,"enemies":"Jaw Worm","floor":1,"turns":3},{"damage":1,"enemies":"Cultist","floor":2,"turns":3},{"damage":0,"enemies":"2 Louse","floor":3,"turns":3},{"damage":16,"enemies":"Large Slime","floor":4,"turns":6},{"damage":28,"enemies":"Lagavulin","floor":7,"turns":9},{"damage":2,"enemies":"Blue Slaver","floor":10,"turns":3},{"damage":25,"enemies":"Gremlin Nob","floor":11,"turns":4},{"damage":15,"enemies":"Lots of Slimes","floor":13,"turns":6},{"damage":0,"enemies":"Looter","floor":14,"turns":4},{"damage":25,"enemies":"The Guardian","floor":16,"turns":6}],"seed_played":"4579247750395985586","potions_obtained":[{"floor":1,"key":"Dexterity Potion"},{"floor":4,"key":"Dexterity Potion"},{"floor":10,"key":"AttackPotion"},{"floor":11,"key":"GamblersBrew"}],"is_trial":false,"path_per_floor":["M","M","M","M","?","R","E","R","T","M","E","R","M","M","R","B"],"character_chosen":"DEFECT","items_purchased":[],"campfire_rested":2,"item_purchase_floors":[],"current_hp_per_floor":[67,66,66,50,50,50,22,44,44,42,17,39,24,24,24,0],"gold":210,"neow_bonus":"RANDOM_COLORLESS","is_prod":false,"is_daily":false,"chose_seed":false,"campfire_upgraded":2,"win_rate":0,"timestamp":1547748782,"path_taken":["M","M","M","M","?","R","E","R","T","M","E","R","M","?","R","BOSS"],"build_version":"2019-01-10","purchased_purges":0,"victory":false,"max_hp_per_floor":[75,75,75,75,75,75,75,75,75,75,75,75,75,75,75,75],"card_choices":[{"not_picked":["White Noise","Capacitor"],"picked":"Redo","floor":1},{"not_picked":["Cold Snap","Hologram"],"picked":"Loop","floor":2},{"not_picked":["Static Discharge","Hologram"],"picked":"Rebound","floor":3},{"not_picked":["Recycle","Turbo"],"picked":"Conserve Battery","floor":4},{"not_picked":["Rainbow","Multi-Cast"],"picked":"Stack","floor":7},{"not_picked":["Gash","Conserve Battery"],"picked":"Glacier","floor":10},{"not_picked":["Steam","Chaos"],"picked":"Biased Cognition","floor":11},{"not_picked":["Fusion","Coolheaded"],"picked":"Steam","floor":13},{"not_picked":["Compile Driver","Skim"],"picked":"Defragment","floor":14}],"player_experience":183185,"relics_obtained":[{"floor":7,"key":"Dodecahedron"},{"floor":9,"key":"Shuriken"},{"floor":11,"key":"Pen Nib"}],"event_choices":[{"cards_removed":["Strike_B"],"damage_healed":0,"gold_gain":0,"player_choice":"Offered Basic","damage_taken":0,"max_hp_gain":0,"max_hp_loss":0,"event_name":"Bonfire Elementals","floor":5,"gold_loss":0}],"is_beta":false,"boss_relics":[],"items_purged_floors":[],"is_endless":false,"potions_floor_spawned":[1,4,10,11],"killed_by":"The Guardian","ascension_level":0}