{"gold_per_floor":[112,126,143,143,143,143,159,159,182,217,217,217,230,292,292,292],"floor_reached":16,"playtime":751,"items_purged":[],"score":115,"play_id":"b11b24a0-7b4c-4f57-a173-4564564e4b69","local_time":"20190221221554","is_ascension_mode":true,"campfire_choices":[{"data":"Armaments","floor":6,"key":"SMITH"},{"data":"Bash","floor":8,"key":"SMITH"},{"data":"Shockwave","floor":12,"key":"SMITH"},{"data":"Pommel Strike","floor":15,"key":"SMITH"}],"neow_cost":"NONE","seed_source_timestamp":284526256024500,"circlet_count":0,"master_deck":["Strike_R+1","Strike_R","Strike_R","Strike_R","Strike_R+1","Defend_R","Defend_R","Defend_R","Defend_R","Bash+1","Pummel","Armaments+1","Shockwave+1","Sword Boomerang","Wild Strike","Pommel Strike+1","Carnage"],"relics":["Burning Blood","Ancient Tea Set","Juzu Bracelet","Happy Flower","PreservedInsect"],"potions_floor_usage":[10,16],"damage_taken":[{"damage":14,"enemies":"Jaw Worm","floor":1,"turns":3},{"damage":1,"enemies":"Cultist","floor":2,"turns":3},{"damage":3,"enemies":"2 Louse","floor":3,"turns":4},{"damage":5,"enemies":"Blue Slaver","floor":7,"turns":5},{"damage":32,"enemies":"3 Sentries","floor":10,"turns":9},{"damage":0,"enemies":"Exordium Thugs","floor":13,"turns":3},{"damage":7,"enemies":"Gremlin Nob","floor":14,"turns":3},{"damage":54,"enemies":"Hexaghost","floor":16,"turns":9}],"seed_played":"156112234212748931","potions_obtained":[{"floor":2,"key":"Block Potion"},{"floor":3,"key":"PowerPotion"},{"floor":7,"key":"FearPotion"},{"floor":13,"key":"Swift Potion"}],"is_trial":false,"path_per_floor":["M","M","M","?","?","R","M","R","T","E","T","R","M","?","R","B"],"character_chosen":"IRONCLAD","items_purchased":[],"campfire_rested":0,"item_purchase_floors":[],"current_hp_per_floor":[80,85,88,93,74,74,75,75,75,49,49,49,55,54,54,0],"gold":292,"neow_bonus":"TEN_PERCENT_HP_BONUS","is_prod":false,"is_daily":false,"chose_seed":false,"campfire_upgraded":4,"win_rate":0,"timestamp":1550783754,"path_taken":["M","M","M","?","?","R","M","R","T","E","?","R","M","?","R","BOSS"],"build_version":"2019-01-23","purchased_purges":0,"victory":false,"max_hp_per_floor":[88,88,88,93,93,93,93,93,93,93,93,93,93,93,93,93],"card_choices":[{"not_picked":["Clothesline","Twin Strike"],"picked":"Pummel","floor":1},{"not_picked":["Shockwave","Hemokinesis"],"picked":"Armaments","floor":2},{"not_picked":["Armaments","Perfected Strike"],"picked":"Shockwave","floor":3},{"not_picked":["Power Through","Thunderclap"],"picked":"Sword Boomerang","floor":7},{"not_picked":["Shockwave","Disarm"],"picked":"Wild Strike","floor":10},{"not_picked":["Cleave","Body Slam"],"picked":"Pommel Strike","floor":13},{"not_picked":["Barricade","Corruption"],"picked":"Carnage","floor":14}],"player_experience":232765,"relics_obtained":[{"floor":9,"key":"Ancient Tea Set"},{"floor":10,"key":"Juzu Bracelet"},{"floor":11,"key":"Happy Flower"}],"event_choices":[{"damage_healed":0,"gold_gain":0,"player_choice":"Donut","damage_taken":0,"max_hp_gain":5,"max_hp_loss":0,"event_name":"Big Fish","floor":4,"gold_loss":0},{"damage_healed":0,"gold_gain":0,"player_choice":"Entered Light","damage_taken":19,"max_hp_gain":0,"max_hp_loss":0,"event_name":"Shining Light","floor":5,"gold_loss":0,"cards_upgraded":["Strike_R","Strike_R"]},{"damage_healed":0,"gold_gain":0,"player_choice":"Searched \u00272\u0027 times","damage_taken":0,"relics_obtained":["PreservedInsect"],"max_hp_gain":0,"max_hp_loss":0,"event_name":"Dead Adventurer","floor":14,"gold_loss":0}],"is_beta":false,"boss_relics":[],"items_purged_floors":[],"is_endless":false,"potions_floor_spawned":[2,3,7,13],"killed_by":"Hexaghost","ascension_level":3}