{"gold_per_floor":[11,11,161,178,54,89,89,89,135,135,179,179,199,222,222,317,317,342,342,70,89,104,104,144,156,216,251,263,325,47,47,47,137,137,163,163,163,10,35,81,33,33,33,67,127,151,219,270,270,270],"floor_reached":50,"playtime":1851,"items_purged":["Doubt","hubris:Lust"],"score":1213,"play_id":"5c67f0b1-d8e6-4433-88bf-9e3cca94328b","local_time":"20190715211356","is_ascension_mode":true,"campfire_choices":[{"floor":8,"key":"REST"},{"floor":12,"key":"REST"},{"floor":15,"key":"REST"},{"data":"Corpse Explosion","floor":23,"key":"SMITH"},{"data":"Catalyst","floor":28,"key":"SMITH"},{"data":"Footwork","floor":32,"key":"SMITH"},{"floor":42,"key":"RECALL"},{"data":"Malaise","floor":49,"key":"SMITH"}],"neow_cost":"NO_GOLD","seed_source_timestamp":442190452069887,"circlet_count":0,"master_deck":["AscendersBane","Strike_G","Strike_G","Defend_G","Defend_G","Defend_G","Defend_G","Defend_G","Survivor","Neutralize+1","Flying Knee","Footwork+1","Backstab","Sucker Punch","Noxious Fumes+1","Corpse Explosion+1","Acrobatics+1","Catalyst+1","Deflect+1","A Thousand Cuts","Setup","Footwork","Dodge and Roll","Wraith Form v2","hubris:Greed","hubris:Insight","PiercingWail","hubris:Greed","hubris:Greed","hubris:Greed","Malaise+1","hubris:Greed","hubris:Greed","Escape Plan+1","hubris:Greed"],"relics":["Ring of the Snake","hubris:MedicalManual","Omamori","Golden Idol","Snake Skull","Unceasing Top","Coffee Dripper","MealTicket","MawBank","Bronze Scales","Torii","Calling Bell","Potion Belt","Pear","Nunchaku","Paper Crane","hubris:CrystalStatue","Centennial Puzzle","Gremlin Horn"],"potions_floor_usage":[11,11,16,18,40,44,45,45,47,47],"damage_taken":[{"damage":1,"enemies":"2 Louse","floor":1,"turns":4},{"damage":4,"enemies":"Small Slimes","floor":4,"turns":4},{"damage":41,"enemies":"3 Sentries","floor":6,"turns":15},{"damage":19,"enemies":"Gremlin Nob","floor":11,"turns":5},{"damage":3,"enemies":"Jaw Worm","floor":13,"turns":6},{"damage":9,"enemies":"Exordium Wildlife","floor":14,"turns":4},{"damage":38,"enemies":"Slime Boss","floor":16,"turns":11},{"damage":21,"enemies":"2 Thieves","floor":18,"turns":4},{"damage":0,"enemies":"3 Byrds","floor":21,"turns":2},{"damage":2,"enemies":"3 Cultists","floor":22,"turns":3},{"damage":21,"enemies":"Book of Stabbing","floor":24,"turns":6},{"damage":4,"enemies":"Shelled Parasite and Fungi","floor":27,"turns":6},{"damage":7,"enemies":"Champ","floor":33,"turns":10},{"damage":3,"enemies":"3 Darklings","floor":35,"turns":4},{"damage":0,"enemies":"3 Shapes","floor":39,"turns":1},{"damage":11,"enemies":"Giant Head","floor":40,"turns":9},{"damage":6,"enemies":"Transient","floor":44,"turns":5},{"damage":35,"enemies":"Nemesis","floor":45,"turns":9},{"damage":2,"enemies":"Giant Head","floor":47,"turns":11},{"damage":22,"enemies":"Sphere and 2 Shapes","floor":48,"turns":6},{"damage":21,"enemies":"Time Eater","floor":50,"turns":4}],"seed_played":"2463982839112728385","potions_obtained":[{"floor":6,"key":"EssenceOfSteel"},{"floor":14,"key":"AttackPotion"},{"floor":16,"key":"Dexterity Potion"},{"floor":21,"key":"SteroidPotion"},{"floor":24,"key":"Weak Potion"},{"floor":35,"key":"Swift Potion"},{"floor":40,"key":"Swift Potion"},{"floor":45,"key":"Regen Potion"}],"is_trial":false,"path_per_floor":["M","?","?","M","$","E","?","R","T","?","E","R","M","M","R","B",null,"M","?","$","M","M","R","E","?","T","M","R","?","$","?","R","B",null,"M","?","?","$","M","E","$","R","T","M","E","T","E","M","R","B"],"character_chosen":"THE_SILENT","items_purchased":["SteroidPotion","MealTicket","Catalyst","Torii","PiercingWail","PowerPotion"],"campfire_rested":3,"item_purchase_floors":[5,20,20,30,38,41],"current_hp_per_floor":[58,58,58,54,54,13,13,32,32,32,13,32,29,20,39,1,50,29,42,42,42,40,40,19,19,19,15,15,15,30,30,30,23,65,62,52,52,67,67,56,71,71,71,65,30,30,43,21,21,0],"gold":270,"neow_bonus":"ONE_RARE_RELIC","is_prod":false,"is_daily":false,"chose_seed":false,"campfire_upgraded":4,"win_rate":0,"timestamp":1563239636,"path_taken":["M","?","?","?","$","E","?","R","T","?","E","R","M","?","R","BOSS","M","?","$","M","?","R","E","?","T","M","R","?","$","?","R","BOSS","M","?","?","$","?","E","$","R","T","M","E","?","E","M","R","BOSS"],"build_version":"2019-07-05","purchased_purges":2,"victory":false,"max_hp_per_floor":[66,66,66,66,66,66,66,66,66,66,66,66,66,66,66,66,66,66,66,66,66,66,66,66,66,66,66,66,66,66,66,66,66,76,76,76,76,76,76,76,76,76,76,76,76,76,76,76,76,76],"card_choices":[{"not_picked":["Sucker Punch","Infinite Blades"],"picked":"Flying Knee","floor":1},{"not_picked":["Cloak And Dagger","Slice"],"picked":"Footwork","floor":4},{"not_picked":["Quick Slash","PiercingWail"],"picked":"Backstab","floor":6},{"not_picked":["Choke","Prepared","Outmaneuver"],"picked":"SKIP","floor":11},{"not_picked":["Acrobatics","Slice"],"picked":"Sucker Punch","floor":13},{"not_picked":["Underhanded Strike","Slice"],"picked":"Noxious Fumes","floor":14},{"not_picked":["After Image","Malaise"],"picked":"Corpse Explosion","floor":16},{"not_picked":["Sucker Punch","Dagger Spray"],"picked":"Acrobatics+1","floor":18},{"not_picked":["hubris:SlightOfHand","Sucker Punch"],"picked":"Deflect+1","floor":21},{"not_picked":["Eviscerate","Flying Knee"],"picked":"A Thousand Cuts","floor":22},{"not_picked":["Cloak And Dagger","Caltrops","hubris:Counter"],"picked":"SKIP","floor":24},{"not_picked":["Deflect","Skewer"],"picked":"Dodge and Roll","floor":27},{"not_picked":["A Thousand Cuts","Tools of the Trade"],"picked":"Wraith Form v2","floor":33},{"not_picked":["Caltrops","Slice","Deflect"],"picked":"SKIP","floor":35},{"not_picked":["Trip","Discovery"],"picked":"hubris:Insight","floor":36},{"not_picked":["Predator","Slice","Cloak And Dagger"],"picked":"SKIP","floor":39},{"not_picked":["Dagger Spray","Quick Slash","Caltrops+1"],"picked":"SKIP","floor":40},{"not_picked":["Dagger Spray","Flying Knee","Prepared"],"picked":"SKIP","floor":44},{"not_picked":["Dagger Spray","All Out Attack"],"picked":"Malaise","floor":45},{"not_picked":["Outmaneuver+1","Expertise"],"picked":"Escape Plan+1","floor":47},{"not_picked":["hubris:Sniper","Underhanded Strike","Deflect"],"picked":"SKIP","floor":48}],"player_experience":2580420,"relics_obtained":[{"floor":6,"key":"Omamori"},{"floor":9,"key":"Snake Skull"},{"floor":11,"key":"Unceasing Top"},{"floor":24,"key":"MawBank"},{"floor":26,"key":"Bronze Scales"},{"floor":34,"key":"Potion Belt"},{"floor":34,"key":"Pear"},{"floor":34,"key":"Nunchaku"},{"floor":40,"key":"Paper Crane"},{"floor":45,"key":"hubris:CrystalStatue"},{"floor":46,"key":"Centennial Puzzle"},{"floor":47,"key":"Gremlin Horn"}],"event_choices":[{"damage_healed":0,"gold_gain":0,"player_choice":"Grow","damage_taken":0,"max_hp_gain":0,"max_hp_loss":0,"event_name":"Living Wall","floor":2,"gold_loss":0,"cards_upgraded":["Neutralize"]},{"damage_healed":0,"gold_gain":150,"player_choice":"AGREE","damage_taken":0,"max_hp_gain":0,"max_hp_loss":0,"event_name":"Liars Game","floor":3,"gold_loss":0,"cards_obtained":["Doubt"]},{"damage_healed":0,"gold_gain":0,"player_choice":"Take Wound","damage_taken":0,"relics_obtained":["Golden Idol"],"max_hp_gain":0,"max_hp_loss":0,"event_name":"Golden Idol","floor":7,"gold_loss":0,"cards_obtained":["Injury"]},{"cards_removed":["Strike_G"],"damage_healed":0,"gold_gain":0,"player_choice":"Offered Basic","damage_taken":0,"max_hp_gain":0,"max_hp_loss":0,"event_name":"Bonfire Elementals","floor":10,"gold_loss":0},{"damage_healed":13,"gold_gain":0,"player_choice":"Heal","damage_taken":0,"max_hp_gain":0,"max_hp_loss":0,"event_name":"The Library","floor":19,"gold_loss":0},{"damage_healed":0,"gold_gain":0,"cards_transformed":["Strike_G","Strike_G"],"player_choice":"Became Test Subject","damage_taken":0,"max_hp_gain":0,"max_hp_loss":0,"event_name":"Drug Dealer","floor":25,"gold_loss":0,"cards_obtained":["Setup","Footwork"]},{"damage_healed":0,"gold_gain":50,"player_choice":"Stole From Cult","damage_taken":0,"max_hp_gain":0,"max_hp_loss":0,"event_name":"Nest","floor":29,"gold_loss":0},{"damage_healed":0,"gold_gain":0,"player_choice":"Upgraded","damage_taken":0,"max_hp_gain":0,"max_hp_loss":0,"event_name":"Upgrade Shrine","floor":31,"gold_loss":0,"cards_upgraded":["Noxious Fumes"]},{"damage_healed":0,"gold_gain":0,"player_choice":"Memory 3","damage_taken":10,"max_hp_gain":0,"max_hp_loss":0,"event_name":"SensoryStone","floor":36,"gold_loss":0},{"damage_healed":0,"gold_gain":0,"player_choice":"Ignored","damage_taken":0,"max_hp_gain":0,"max_hp_loss":0,"event_name":"SecretPortal","floor":37,"gold_loss":0}],"is_beta":false,"boss_relics":[{"not_picked":["hubris:BlackHole","Eternal Feather"],"picked":"Coffee Dripper"},{"not_picked":["WristBlade","hubris:ScarierMask"],"picked":"Calling Bell"}],"items_purged_floors":[5,38],"is_endless":false,"potions_floor_spawned":[6,14,16,21,24,35,40,45],"killed_by":"Time Eater","ascension_level":15}