{"gold_per_floor":[110,110,121,121,71,109,109,4,85,100,100,113,154,180,180,300,300,300,48,0,0,0,0,0,0,0,0,0,0,0,0,0,0,0,0,0,0,0,0,0,0,0,0,0,0,0,0,0,0,0,0,0,0,0,0],"floor_reached":55,"playtime":3453,"items_purged":[],"score":801,"play_id":"e3a3bb00-0a6b-40a7-82e6-b6f886f8e907","local_time":"20190127222627","is_ascension_mode":false,"campfire_choices":[{"data":"Bash","floor":7,"key":"SMITH"},{"data":"Inflame","floor":11,"key":"SMITH"},{"data":"Juggernaut","floor":15,"key":"SMITH"},{"data":"Flame Barrier","floor":23,"key":"SMITH"},{"data":"Metallicize","floor":29,"key":"SMITH"},{"data":"Entrench","floor":32,"key":"SMITH"},{"floor":40,"key":"RECALL"},{"data":"Enlightenment","floor":49,"key":"SMITH"},{"data":"Barricade","floor":52,"key":"SMITH"}],"neow_cost":"NONE","seed_source_timestamp":25305595593500,"circlet_count":0,"master_deck":["Strike_R","Strike_R","Strike_R","Defend_R","Defend_R","Bash+1","Carnage","Shrug It Off","Evolve","Shrug It Off","Inflame+1","Battle Trance","Bloodletting","Juggernaut+1","Intimidate","Dark Embrace","Flame Barrier+1","Cleave+1","Armaments+1","Flame Barrier+1","Pummel+1","Immolate","Metallicize+1","Entrench+1","Sword Boomerang+1","Barricade+1","Anger+1","Feed+1","Offering+1","Flex+1","Heavy Blade","Body Slam+1","Enlightenment+1","Iron Wave","Heavy Blade+1","Burning Pact+1","Flame Barrier"],"relics":["Burning Blood","Vajra","Oddly Smooth Stone","Golden Idol","Ancient Tea Set","Sundial","FossilizedHelix","Odd Mushroom","Ectoplasm","Matryoshka","Pocketwatch","Art of War","Mercury Hourglass","Dream Catcher","Astrolabe","Incense Burner","Red Skull","Blue Candle","Pantograph"],"potions_floor_usage":[25,33,41,54,54,55,55],"damage_taken":[{"damage":6,"enemies":"Jaw Worm","floor":1,"turns":3},{"damage":4,"enemies":"Small Slimes","floor":3,"turns":3},{"damage":20,"enemies":"Lagavulin","floor":6,"turns":6},{"damage":0,"enemies":"2 Louse","floor":10,"turns":2},{"damage":0,"enemies":"2 Fungi Beasts","floor":12,"turns":3},{"damage":24,"enemies":"Gremlin Nob","floor":13,"turns":4},{"damage":0,"enemies":"The Mushroom Lair","floor":14,"turns":3},{"damage":15,"enemies":"Hexaghost","floor":16,"turns":11},{"damage":13,"enemies":"Shell Parasite","floor":18,"turns":6},{"damage":23,"enemies":"2 Thieves","floor":20,"turns":4},{"damage":9,"enemies":"Snecko","floor":21,"turns":5},{"damage":0,"enemies":"Centurion and Healer","floor":22,"turns":5},{"damage":4,"enemies":"Book of Stabbing","floor":25,"turns":7},{"damage":0,"enemies":"Snake Plant","floor":27,"turns":3},{"damage":0,"enemies":"3 Cultists","floor":28,"turns":3},{"damage":4,"enemies":"Chosen and Byrds","floor":30,"turns":5},{"damage":0,"enemies":"Slavers","floor":31,"turns":3},{"damage":3,"enemies":"Collector","floor":33,"turns":7},{"damage":2,"enemies":"3 Darklings","floor":35,"turns":3},{"damage":0,"enemies":"3 Shapes","floor":36,"turns":3},{"damage":0,"enemies":"Jaw Worm Horde","floor":37,"turns":5},{"damage":0,"enemies":"Mind Bloom Boss Battle","floor":38,"turns":5},{"damage":0,"enemies":"Writhing Mass","floor":41,"turns":4},{"damage":0,"enemies":"Sphere and 2 Shapes","floor":42,"turns":3},{"damage":5,"enemies":"4 Shapes","floor":46,"turns":3},{"damage":1,"enemies":"Maw","floor":47,"turns":7},{"damage":34,"enemies":"Reptomancer","floor":48,"turns":6},{"damage":44,"enemies":"Time Eater","floor":50,"turns":9},{"damage":32,"enemies":"Shield and Spear","floor":54,"turns":5},{"damage":95,"enemies":"The Heart","floor":55,"turns":8}],"seed_played":"4996152974723234267","potions_obtained":[{"floor":1,"key":"Swift Potion"},{"floor":6,"key":"Swift Potion"},{"floor":10,"key":"FearPotion"},{"floor":22,"key":"LiquidBronze"},{"floor":25,"key":"SpeedPotion"},{"floor":27,"key":"Strength Potion"},{"floor":33,"key":"GamblersBrew"},{"floor":37,"key":"Fire Potion"},{"floor":42,"key":"Fire Potion"},{"floor":54,"key":"EssenceOfSteel"}],"is_trial":false,"path_per_floor":["M","?","M","?","?","E","R","$","T","M","R","M","E","?","R","B",null,"M","$","M","M","M","R","?","E","T","M","M","R","M","E","R","B",null,"M","M","M","?","?","R","M","M","T","?","$","M","M","E","R","B",null,"R","$","E","B"],"character_chosen":"IRONCLAD","items_purchased":["Shrug It Off","Inflame","Matryoshka"],"campfire_rested":0,"item_purchase_floors":[8,8,19],"current_hp_per_floor":[80,77,79,59,59,45,45,45,45,51,51,57,39,45,45,36,80,73,73,56,53,59,59,59,61,61,67,73,73,75,80,80,80,80,80,80,84,84,84,84,84,88,88,85,85,85,85,57,57,19,85,85,85,59,0],"gold":0,"neow_bonus":"RANDOM_COMMON_RELIC","is_prod":false,"is_daily":false,"chose_seed":false,"campfire_upgraded":8,"win_rate":0,"timestamp":1548624387,"path_taken":["M","?","M","?","?","E","R","$","T","M","R","M","E","?","R","BOSS","M","$","M","M","M","R","?","E","T","M","M","R","M","E","R","BOSS","M","M","M","?","?","R","M","M","T","?","$","M","M","E","R","BOSS","R","$","E","BOSS"],"build_version":"2019-01-23","purchased_purges":0,"victory":false,"max_hp_per_floor":[80,80,80,80,80,80,80,80,80,80,80,80,80,80,80,80,80,80,80,80,80,80,80,80,80,80,80,80,80,80,80,80,80,80,80,80,84,84,84,84,84,88,88,85,85,85,85,85,85,85,85,85,85,85,85],"card_choices":[{"not_picked":["Wild Strike","Warcry"],"picked":"Carnage","floor":1},{"not_picked":["Warcry","Rupture"],"picked":"Shrug It Off","floor":3},{"not_picked":["Pommel Strike","Flex"],"picked":"Evolve","floor":6},{"not_picked":["Fire Breathing","Cleave"],"picked":"Battle Trance","floor":10},{"not_picked":["Entrench","Burning Pact"],"picked":"Bloodletting","floor":12},{"not_picked":["Carnage","Thunderclap"],"picked":"Juggernaut","floor":13},{"not_picked":["Perfected Strike","Sever Soul"],"picked":"Intimidate","floor":14},{"not_picked":["Barricade","Berserk"],"picked":"Dark Embrace","floor":16},{"not_picked":["Wild Strike","Uppercut"],"picked":"Flame Barrier","floor":18},{"not_picked":["Wild Strike+1","Clash"],"picked":"Cleave+1","floor":20},{"not_picked":["Blood for Blood","Flex"],"picked":"Armaments+1","floor":21},{"not_picked":["Thunderclap","Armaments+1"],"picked":"Flame Barrier+1","floor":22},{"not_picked":["Dropkick","Armaments"],"picked":"Pummel+1","floor":25},{"not_picked":["Blood for Blood+1","Thunderclap"],"picked":"Immolate","floor":27},{"not_picked":["Armaments","Heavy Blade"],"picked":"Metallicize","floor":28},{"not_picked":["Twin Strike","Rupture"],"picked":"Entrench","floor":30},{"not_picked":["Warcry","Seeing Red+1"],"picked":"Sword Boomerang+1","floor":31},{"not_picked":["Limit Break","Feed"],"picked":"Barricade","floor":33},{"not_picked":["Wild Strike","Carnage"],"picked":"Flex+1","floor":35},{"not_picked":["Sever Soul","Clothesline"],"picked":"Heavy Blade","floor":36},{"not_picked":["Battle Trance","Twin Strike+1"],"picked":"Body Slam+1","floor":37},{"not_picked":["Secret Technique","Forethought"],"picked":"Enlightenment","floor":39},{"not_picked":["Rupture","Cleave","Dual Wield+1"],"picked":"SKIP","floor":41},{"not_picked":["Clothesline+1","Disarm+1"],"picked":"Iron Wave","floor":42},{"not_picked":["Perfected Strike","True Grit+1"],"picked":"Heavy Blade+1","floor":46},{"not_picked":["Corruption","Evolve+1","Thunderclap+1"],"picked":"SKIP","floor":47},{"not_picked":["Hemokinesis","Sever Soul+1"],"picked":"Burning Pact+1","floor":48},{"not_picked":["Pommel Strike+1","Anger"],"picked":"Flame Barrier","floor":54}],"player_experience":209900,"relics_obtained":[{"floor":6,"key":"Ancient Tea Set"},{"floor":9,"key":"Sundial"},{"floor":13,"key":"FossilizedHelix"},{"floor":14,"key":"Odd Mushroom"},{"floor":25,"key":"Pocketwatch"},{"floor":26,"key":"Art of War"},{"floor":26,"key":"Mercury Hourglass"},{"floor":31,"key":"Dream Catcher"},{"floor":38,"key":"Incense Burner"},{"floor":43,"key":"Red Skull"},{"floor":48,"key":"Blue Candle"},{"floor":54,"key":"Pantograph"}],"event_choices":[{"damage_healed":0,"gold_gain":0,"player_choice":"Success","damage_taken":3,"relics_obtained":["Oddly Smooth Stone"],"max_hp_gain":0,"max_hp_loss":0,"event_name":"Scrap Ooze","floor":2,"gold_loss":0},{"damage_healed":0,"gold_gain":0,"player_choice":"Take Damage","damage_taken":20,"relics_obtained":["Golden Idol"],"max_hp_gain":0,"max_hp_loss":0,"event_name":"Golden Idol","floor":4,"gold_loss":0},{"cards_removed":["Defend_R"],"damage_healed":0,"gold_gain":0,"player_choice":"Card Removal","damage_taken":0,"max_hp_gain":0,"max_hp_loss":0,"event_name":"The Cleric","floor":5,"gold_loss":50},{"damage_healed":0,"gold_gain":0,"player_choice":"Fought Mushrooms","damage_taken":0,"max_hp_gain":0,"max_hp_loss":0,"event_name":"Mushrooms","floor":14,"gold_loss":0},{"damage_healed":0,"gold_gain":0,"player_choice":"Ignored","damage_taken":0,"max_hp_gain":0,"max_hp_loss":0,"event_name":"Ghosts","floor":24,"gold_loss":0},{"damage_healed":0,"gold_gain":0,"player_choice":"Fight","damage_taken":0,"max_hp_gain":0,"max_hp_loss":0,"event_name":"MindBloom","floor":38,"gold_loss":0},{"damage_healed":0,"gold_gain":0,"player_choice":"Memory 1","damage_taken":0,"max_hp_gain":0,"max_hp_loss":0,"event_name":"SensoryStone","floor":39,"gold_loss":0},{"cards_removed":["Parasite"],"damage_healed":0,"gold_gain":0,"player_choice":"Removed Curses","damage_taken":0,"max_hp_gain":0,"max_hp_loss":0,"event_name":"Fountain of Cleansing","floor":44,"gold_loss":0}],"is_beta":false,"boss_relics":[{"not_picked":["Sozu","Black Blood"],"picked":"Ectoplasm"},{"not_picked":["Eternal Feather","Snecko Eye"],"picked":"Astrolabe"}],"items_purged_floors":[],"is_endless":false,"potions_floor_spawned":[1,6,10,14,22,25,27,30,33,37,38,42,54],"killed_by":"The Heart","ascension_level":0}