{"gold_per_floor":[368,132,132,152,152,152,180,200,226,256,271,71,71,87,87,159,159,173,173,173,173,19,19,50,50,50,50,65,65,123,123,123,123],"floor_reached":33,"playtime":865,"items_purged":["Normality"],"score":550,"play_id":"72ec83cf-e466-4619-b70c-e38d3e9d4965","local_time":"20190611221408","is_ascension_mode":true,"campfire_choices":[{"data":"Uppercut","floor":6,"key":"SMITH"},{"data":"Inflame","floor":15,"key":"SMITH"},{"data":"Immolate","floor":23,"key":"SMITH"},{"floor":27,"key":"REST"},{"data":"Demon Form","floor":32,"key":"SMITH"}],"neow_cost":"CURSE","seed_source_timestamp":122801670133982,"circlet_count":0,"master_deck":["AscendersBane","Strike_R","Defend_R","Defend_R","Defend_R","Defend_R","Bash","Uppercut+1","Immolate+1","Inflame+1","Demon Form+1","Limit Break","Shrug It Off+1","Power Through","Iron Wave","Cleave","Disarm"],"relics":["Burning Blood","Bronze Scales","Torii","PreservedInsect","Bottled Flame","Medical Kit","Empty Cage","Bag of Preparation","Bag of Marbles","Lantern","Tiny Chest"],"potions_floor_usage":[33],"damage_taken":[{"damage":2,"enemies":"2 Louse","floor":1,"turns":3},{"damage":0,"enemies":"Small Slimes","floor":4,"turns":2},{"damage":32,"enemies":"Lagavulin","floor":7,"turns":7},{"damage":7,"enemies":"Jaw Worm","floor":8,"turns":3},{"damage":13,"enemies":"Gremlin Nob","floor":10,"turns":3},{"damage":0,"enemies":"3 Louse","floor":11,"turns":1},{"damage":17,"enemies":"Blue Slaver","floor":14,"turns":3},{"damage":16,"enemies":"Hexaghost","floor":16,"turns":8},{"damage":14,"enemies":"Shell Parasite","floor":18,"turns":6},{"damage":23,"enemies":"Book of Stabbing","floor":24,"turns":5},{"damage":1,"enemies":"2 Thieves","floor":28,"turns":2},{"damage":0,"enemies":"Slavers","floor":30,"turns":1},{"damage":58,"enemies":"Collector","floor":33,"turns":7}],"seed_played":"7084494617987240965","potions_obtained":[{"floor":7,"key":"SteroidPotion"},{"floor":10,"key":"Dexterity Potion"}],"is_trial":false,"path_per_floor":["M","$","?","M","?","R","E","M","T","E","M","$","$","M","R","B",null,"M","?","?","?","$","R","E","?","T","R","M","?","E","$","R","B"],"character_chosen":"IRONCLAD","items_purchased":["Immolate","Medical Kit","Bag of Preparation"],"campfire_rested":1,"item_purchase_floors":[2,12,22],"current_hp_per_floor":[72,72,54,60,60,60,34,33,33,26,32,32,32,21,21,11,59,51,51,51,51,51,51,34,13,13,37,42,42,48,48,48,0],"gold":123,"neow_bonus":"TWO_FIFTY_GOLD","is_prod":false,"is_daily":false,"chose_seed":false,"campfire_upgraded":4,"win_rate":0,"timestamp":1560305648,"path_taken":["M","$","?","M","?","R","E","M","T","E","M","?","$","M","R","BOSS","M","?","?","?","$","R","E","?","T","R","M","?","E","$","R","BOSS"],"build_version":"2019-06-10","purchased_purges":1,"victory":false,"max_hp_per_floor":[75,75,75,75,75,75,75,75,75,75,75,75,75,75,75,75,75,75,75,75,75,75,75,75,80,80,80,80,80,80,80,80,80],"card_choices":[{"not_picked":["Body Slam","Pummel"],"picked":"Uppercut","floor":1},{"not_picked":["Flex","Thunderclap"],"picked":"Inflame","floor":4},{"not_picked":["Intimidate","Fire Breathing","Sword Boomerang"],"picked":"SKIP","floor":7},{"not_picked":["Sentinel","Pommel Strike","Rupture"],"picked":"SKIP","floor":8},{"not_picked":["Armaments","Iron Wave"],"picked":"Demon Form","floor":10},{"not_picked":["Heavy Blade","Twin Strike","Sword Boomerang"],"picked":"SKIP","floor":11},{"not_picked":["Seeing Red","Bloodletting","Evolve"],"picked":"SKIP","floor":14},{"not_picked":["Dark Embrace","Brutality"],"picked":"Limit Break","floor":16},{"not_picked":["Second Wind","Heavy Blade"],"picked":"Shrug It Off+1","floor":18},{"not_picked":["Hemokinesis+1","Iron Wave"],"picked":"Disarm","floor":24},{"not_picked":["Combust","True Grit","Clash"],"picked":"SKIP","floor":28},{"not_picked":["Rage","Dropkick","Pommel Strike"],"picked":"SKIP","floor":30},{"not_picked":["Rage","Dropkick","Pommel Strike"],"picked":"SKIP","floor":30}],"player_experience":2534971,"relics_obtained":[{"floor":7,"key":"Torii"},{"floor":9,"key":"PreservedInsect"},{"floor":10,"key":"Bottled Flame"},{"floor":24,"key":"Bag of Marbles"},{"floor":26,"key":"Lantern"},{"floor":30,"key":"Tiny Chest"}],"event_choices":[{"damage_healed":0,"gold_gain":0,"player_choice":"Success","damage_taken":18,"relics_obtained":["Bronze Scales"],"max_hp_gain":0,"max_hp_loss":0,"event_name":"Scrap Ooze","floor":3,"gold_loss":0},{"damage_healed":0,"gold_gain":0,"player_choice":"Ignored","damage_taken":0,"max_hp_gain":0,"max_hp_loss":0,"event_name":"Liars Game","floor":5,"gold_loss":0},{"damage_healed":0,"gold_gain":0,"player_choice":"Ignored","damage_taken":0,"max_hp_gain":0,"max_hp_loss":0,"event_name":"Vampires","floor":19,"gold_loss":0},{"damage_healed":0,"gold_gain":0,"player_choice":"Read","damage_taken":0,"max_hp_gain":0,"max_hp_loss":0,"event_name":"The Library","floor":20,"gold_loss":0,"cards_obtained":["Power Through"]},{"damage_healed":0,"gold_gain":0,"cards_transformed":["Strike_R","Strike_R"],"player_choice":"Became Test Subject","damage_taken":0,"max_hp_gain":0,"max_hp_loss":0,"event_name":"Drug Dealer","floor":21,"gold_loss":0,"cards_obtained":["Iron Wave","Cleave"]},{"damage_healed":0,"gold_gain":0,"player_choice":"Shed Blood","damage_taken":26,"max_hp_gain":5,"max_hp_loss":0,"event_name":"Forgotten Altar","floor":25,"gold_loss":0}],"is_beta":true,"boss_relics":[{"not_picked":["Runic Cube","Black Star"],"picked":"Empty Cage"}],"items_purged_floors":[2],"is_endless":false,"potions_floor_spawned":[7,10,16,18,30],"killed_by":"Collector","ascension_level":15}