{"gold_per_floor":[211,63,63,81,81,81,99,124,150,184,241,241,276,292,292,370,370,390,13,13,25,25,25,52,52,52,71,71,85,110,123,123,198,198,208,219,63,82,82,82,98,130,130,155,170,224,224,237,237,237,237,237,86,112,112],"floor_reached":56,"playtime":2759,"items_purged":["Beam Cell"],"score":2295,"play_id":"df3ff9d5-ffd8-4555-8789-925302ce71f7","local_time":"20190815225927","is_ascension_mode":true,"campfire_choices":[{"data":"Defragment","floor":6,"key":"SMITH"},{"data":"Zap","floor":12,"key":"SMITH"},{"data":"Sweeping Beam","floor":15,"key":"SMITH"},{"data":"Electrodynamics","floor":23,"key":"SMITH"},{"data":"Capacitor","floor":32,"key":"SMITH"},{"floor":40,"key":"RECALL"},{"data":"Defragment","floor":49,"key":"SMITH"},{"data":"Seek","floor":52,"key":"SMITH"}],"neow_cost":"NONE","seed_source_timestamp":95695566117779,"circlet_count":0,"master_deck":["AscendersBane","Zap+1","Dualcast+1","Conserve Battery","Defragment+1","Sweeping Beam+1","Cold Snap+1","Sweeping Beam","Genetic Algorithm+1","Genetic Algorithm","Hologram","Electrodynamics+1","Steam","Self Repair","Chill","Coolheaded+1","Go for the Eyes+1","Genetic Algorithm","Capacitor+1","Seek+1","Sweeping Beam","Darkness","Storm","Sweeping Beam","Darkness","Defragment+1","Go for the Eyes+1","Thinking Ahead","Panacea","Parasite","Amplify","Coolheaded+1"],"relics":["Cracked Core","Whetstone","PreservedInsect","Mercury Hourglass","DataDisk","Art of War","Runic Pyramid","Torii","War Paint","Nilry\u0027s Codex","Turnip","Pandora\u0027s Box","Girya","Meat on the Bone","Du-Vu Doll","Question Card","Ornamental Fan"],"potions_floor_usage":[8,11,18,55,55],"damage_taken":[{"damage":9,"enemies":"Jaw Worm","floor":1,"turns":4},{"damage":5,"enemies":"2 Louse","floor":4,"turns":3},{"damage":0,"enemies":"Small Slimes","floor":7,"turns":2},{"damage":5,"enemies":"Lagavulin","floor":8,"turns":9},{"damage":19,"enemies":"Gremlin Nob","floor":10,"turns":4},{"damage":0,"enemies":"Gremlin Nob","floor":11,"turns":2},{"damage":0,"enemies":"3 Sentries","floor":13,"turns":3},{"damage":0,"enemies":"Looter","floor":14,"turns":3},{"damage":0,"enemies":"The Guardian","floor":16,"turns":12},{"damage":5,"enemies":"2 Thieves","floor":18,"turns":2},{"damage":7,"enemies":"3 Byrds","floor":21,"turns":3},{"damage":6,"enemies":"Slavers","floor":24,"turns":4},{"damage":9,"enemies":"Snake Plant","floor":27,"turns":4},{"damage":1,"enemies":"Cultist and Chosen","floor":29,"turns":4},{"damage":0,"enemies":"Book of Stabbing","floor":30,"turns":5},{"damage":9,"enemies":"Centurion and Healer","floor":31,"turns":3},{"damage":0,"enemies":"Collector","floor":33,"turns":10},{"damage":0,"enemies":"Orb Walker","floor":35,"turns":4},{"damage":0,"enemies":"3 Shapes","floor":36,"turns":2},{"damage":0,"enemies":"Maw","floor":38,"turns":6},{"damage":11,"enemies":"Writhing Mass","floor":41,"turns":6},{"damage":0,"enemies":"Nemesis","floor":42,"turns":5},{"damage":0,"enemies":"Reptomancer","floor":44,"turns":5},{"damage":1,"enemies":"3 Darklings","floor":45,"turns":4},{"damage":21,"enemies":"2 Orb Walkers","floor":46,"turns":5},{"damage":0,"enemies":"Jaw Worm Horde","floor":48,"turns":2},{"damage":53,"enemies":"Time Eater","floor":50,"turns":11},{"damage":34,"enemies":"Shield and Spear","floor":54,"turns":6},{"damage":27,"enemies":"The Heart","floor":55,"turns":12}],"seed_played":"-2826077615037585860","potions_obtained":[{"floor":1,"key":"Dexterity Potion"},{"floor":16,"key":"SkillPotion"},{"floor":18,"key":"Fire Potion"},{"floor":31,"key":"Explosive Potion"}],"is_trial":false,"path_per_floor":["M","$","?","M","?","R","M","E","T","E","?","R","E","M","R","B",null,"M","$","?","M","?","R","E","?","T","M","?","M","E","M","R","B",null,"M","M","$","M","?","R","M","E","T","E","M","?","T","M","R","B",null,"R","$","E","B",null],"character_chosen":"DEFECT","items_purchased":["Defragment","Sweeping Beam","Fire Potion","Torii","Self Repair","Defragment","FocusPotion","Ancient Potion"],"campfire_rested":0,"item_purchase_floors":[2,2,2,19,19,37,53,53],"current_hp_per_floor":[55,55,48,43,66,66,66,61,61,42,42,42,42,42,42,42,64,59,59,59,59,59,59,60,60,60,58,37,43,50,41,41,48,65,65,71,71,71,61,61,57,64,64,71,71,57,57,57,57,23,59,59,59,44,36],"gold":112,"neow_bonus":"HUNDRED_GOLD","is_prod":false,"is_daily":false,"chose_seed":false,"campfire_upgraded":7,"win_rate":0,"timestamp":1565924367,"path_taken":["M","$","?","M","?","R","M","E","T","E","?","R","E","?","R","BOSS","M","$","?","M","?","R","E","?","T","M","?","M","E","M","R","BOSS","M","M","$","M","?","R","M","E","T","E","M","?","?","M","R","BOSS","R","$","E","BOSS"],"build_version":"2019-07-17","purchased_purges":1,"victory":true,"max_hp_per_floor":[71,71,71,71,71,71,71,71,71,71,71,71,71,71,71,71,71,71,71,71,71,71,71,71,71,71,71,71,71,71,71,71,71,71,71,71,71,71,71,71,71,71,71,71,71,71,71,71,71,71,71,71,71,71,71],"card_choices":[{"not_picked":["White Noise","Capacitor"],"picked":"Conserve Battery","floor":1},{"not_picked":["Recycle","Streamline"],"picked":"Cold Snap","floor":4},{"not_picked":["Recycle","Tempest"],"picked":"Sweeping Beam","floor":7},{"not_picked":["Beam Cell","Aggregate","Redo"],"picked":"SKIP","floor":8},{"not_picked":["Coolheaded","Streamline"],"picked":"Genetic Algorithm","floor":10},{"not_picked":["Stack","Streamline"],"picked":"Genetic Algorithm","floor":11},{"not_picked":["Chaos","Go for the Eyes","Cold Snap"],"picked":"SKIP","floor":13},{"not_picked":["Beam Cell","Stack"],"picked":"Hologram","floor":14},{"not_picked":["All For One","Hyperbeam"],"picked":"Electrodynamics","floor":16},{"not_picked":["Leap","Compile Driver"],"picked":"Steam","floor":18},{"not_picked":["Go for the Eyes","Melter"],"picked":"Chill","floor":21},{"not_picked":["White Noise","Sweeping Beam"],"picked":"Coolheaded+1","floor":24},{"not_picked":["Barrage","Stack","Cold Snap"],"picked":"SKIP","floor":27},{"not_picked":["Conserve Battery","Rebound"],"picked":"Go for the Eyes+1","floor":29},{"not_picked":["Sunder","Leap"],"picked":"Genetic Algorithm","floor":30},{"not_picked":["Reinforced Body","Force Field"],"picked":"Capacitor","floor":31},{"not_picked":["Fission","Multi-Cast"],"picked":"Seek","floor":33},{"not_picked":["Cold Snap","Coolheaded","Gash"],"picked":"SKIP","floor":35},{"not_picked":["Steam Power","Scrape","Stack"],"picked":"SKIP","floor":36},{"not_picked":["Compile Driver","Coolheaded+1"],"picked":"Go for the Eyes+1","floor":38},{"not_picked":["Enlightenment","Discovery"],"picked":"Thinking Ahead","floor":39},{"not_picked":["Forethought","Metamorphosis"],"picked":"Panacea","floor":39},{"not_picked":["Go for the Eyes","Cold Snap","Leap"],"picked":"SKIP","floor":41},{"not_picked":["Gash","Steam Power"],"picked":"Amplify","floor":42},{"not_picked":["Compile Driver","Thunder Strike","Hologram+1"],"picked":"SKIP","floor":44},{"not_picked":["Defragment","Conserve Battery","Barrage+1"],"picked":"SKIP","floor":45},{"not_picked":["Stack","Force Field","Redo","Rebound"],"picked":"SKIP","floor":48},{"not_picked":["Conserve Battery","Steam+1","Darkness+1"],"picked":"Coolheaded+1","floor":54}],"player_experience":2688502,"relics_obtained":[{"floor":8,"key":"Whetstone"},{"floor":9,"key":"PreservedInsect"},{"floor":10,"key":"Mercury Hourglass"},{"floor":11,"key":"DataDisk"},{"floor":13,"key":"Art of War"},{"floor":24,"key":"War Paint"},{"floor":28,"key":"Nilry\u0027s Codex"},{"floor":30,"key":"Turnip"},{"floor":43,"key":"Girya"},{"floor":44,"key":"Meat on the Bone"},{"floor":46,"key":"Du-Vu Doll"},{"floor":47,"key":"Question Card"},{"floor":54,"key":"Ornamental Fan"}],"event_choices":[{"cards_removed":["Defend_B"],"damage_healed":0,"gold_gain":0,"player_choice":"Card Removal","damage_taken":7,"max_hp_gain":0,"max_hp_loss":0,"event_name":"Golden Wing","floor":3,"gold_loss":0},{"damage_healed":23,"gold_gain":0,"player_choice":"Banana","damage_taken":0,"max_hp_gain":0,"max_hp_loss":0,"event_name":"Big Fish","floor":5,"gold_loss":0},{"damage_healed":0,"gold_gain":0,"player_choice":"Searched \u00271\u0027 times","damage_taken":0,"max_hp_gain":0,"max_hp_loss":0,"event_name":"Dead Adventurer","floor":11,"gold_loss":0},{"damage_healed":0,"gold_gain":0,"player_choice":"Ignored","damage_taken":0,"max_hp_gain":0,"max_hp_loss":0,"event_name":"Vampires","floor":20,"gold_loss":0},{"cards_removed":["Strike_B"],"damage_healed":0,"gold_gain":0,"player_choice":"Elegance","damage_taken":0,"max_hp_gain":0,"max_hp_loss":0,"event_name":"Back to Basics","floor":22,"gold_loss":0},{"damage_healed":0,"gold_gain":0,"player_choice":"Ignored","damage_taken":0,"max_hp_gain":0,"max_hp_loss":0,"event_name":"Ghosts","floor":25,"gold_loss":0},{"damage_healed":0,"gold_gain":0,"player_choice":"Obtained Book","damage_taken":21,"max_hp_gain":0,"max_hp_loss":0,"event_name":"Cursed Tome","floor":28,"gold_loss":0},{"damage_healed":0,"gold_gain":0,"player_choice":"Memory 3","damage_taken":10,"max_hp_gain":0,"max_hp_loss":0,"event_name":"SensoryStone","floor":39,"gold_loss":0},{"damage_healed":0,"gold_gain":0,"player_choice":"Fight","damage_taken":0,"max_hp_gain":0,"max_hp_loss":0,"event_name":"Mysterious Sphere","floor":46,"gold_loss":0}],"is_beta":false,"boss_relics":[{"not_picked":["Fusion Hammer","Snecko Eye"],"picked":"Runic Pyramid"},{"not_picked":["Nuclear Battery","Astrolabe"],"picked":"Pandora\u0027s Box"}],"items_purged_floors":[37],"is_endless":false,"potions_floor_spawned":[1,4,16,18,31,33,35,42,44,45],"ascension_level":15}