{"gold_per_floor":[110,121,271,40,40,40,40,75,75,104,116,143,155,183,183,257,257,277,293,293,98,132,167,167,179,179,212,225,236,255,289,289,289],"floor_reached":33,"playtime":1486,"items_purged":["Doubt","Strike_R"],"score":630,"play_id":"437b7443-5a64-405f-bd20-b0e4db8c979b","local_time":"20190718230212","is_ascension_mode":true,"campfire_choices":[{"data":"Anger","floor":6.0,"key":"SMITH"},{"data":"Armaments","floor":15,"key":"SMITH"},{"data":"Demon Form","floor":32,"key":"SMITH"}],"neow_cost":"TEN_PERCENT_HP_LOSS","seed_source_timestamp":708256299039670,"circlet_count":0,"master_deck":["AscendersBane","Strike_R","Strike_R","Strike_R","Strike_R","Defend_R","Defend_R","Defend_R","Defend_R","Bash","Limit Break","Spot Weakness","Anger+1","Whirlwind+1","Battle Trance","Armaments+1","Shrug It Off","hubris:StunningStrike","Berserk","Metallicize+1","hubris:Insight","Headbutt","Shrug It Off+1","Demon Form+1"],"special_seed":0,"relics":["Burning Blood","Pen Nib","Magic Flower","Vajra","hubris:DeckOfHolding","hubris:Metronome","hubris:ChampionShield","hubris:ScarierMask","MutagenicStrength","Red Mask","Centennial Puzzle","Singing Bowl","Bottled Tornado"],"potions_floor_usage":[12,23,25,30],"damage_taken":[{"damage":7.0,"enemies":"Jaw Worm","floor":1.0,"turns":5.0},{"damage":15.0,"enemies":"Small Slimes","floor":2.0,"turns":4.0},{"damage":27.0,"enemies":"Gremlin Nob","floor":8.0,"turns":4.0},{"damage":0.0,"enemies":"3 Sentries","floor":10.0,"turns":2.0},{"damage":1,"enemies":"Cultist","floor":11,"turns":3},{"damage":35,"enemies":"Gremlin Nob","floor":12,"turns":4},{"damage":7,"enemies":"Looter","floor":13,"turns":3},{"damage":14,"enemies":"Lagavulin","floor":14,"turns":5},{"damage":13,"enemies":"The Guardian","floor":16,"turns":8},{"damage":7,"enemies":"2 Thieves","floor":18,"turns":3},{"damage":0,"enemies":"3 Byrds","floor":19,"turns":4},{"damage":0,"enemies":"Masked Bandits","floor":22,"turns":2},{"damage":36,"enemies":"Slavers","floor":23,"turns":7},{"damage":10,"enemies":"Snake Plant","floor":25,"turns":6},{"damage":19,"enemies":"Gremlin Leader","floor":27,"turns":6},{"damage":12,"enemies":"Cultist and Chosen","floor":28,"turns":5},{"damage":8,"enemies":"Shelled Parasite and Fungi","floor":29,"turns":6},{"damage":18,"enemies":"Snecko","floor":30,"turns":3},{"damage":6,"enemies":"Slavers","floor":31,"turns":4},{"damage":70,"enemies":"Automaton","floor":33,"turns":6}],"seed_played":"555642097226321756","potions_obtained":[{"floor":8.0,"key":"BloodPotion"},{"floor":10.0,"key":"SkillPotion"},{"floor":12,"key":"Energy Potion"},{"floor":16,"key":"BloodPotion"},{"floor":23,"key":"SpeedPotion"},{"floor":29,"key":"SteroidPotion"},{"floor":30,"key":"LiquidBronze"}],"is_trial":false,"path_per_floor":["M","M","?","$","?","R","$","E","T","E","M","E","M","E","R","B",null,"M","M","?","$","?","E","?","M","T","E","M","M","M","E","R","B"],"character_chosen":"IRONCLAD","items_purchased":["Pen Nib","hubris:Insight"],"campfire_rested":0,"item_purchase_floors":[4,21],"current_hp_per_floor":[67,58,58,58,58,58,58,37,37,46,54,54,56,51,51,47,63,65,68,68,68,68,41,41,40,40,30,29,32,52,55,55,0],"gold":289,"neow_bonus":"THREE_RARE_CARDS","is_prod":false,"is_daily":false,"chose_seed":false,"campfire_upgraded":3,"win_rate":0,"timestamp":1563505332,"path_taken":["M","M","?","$","?","R","?","E","T","E","M","E","M","E","R","BOSS","M","?","?","$","?","E","?","M","T","E","M","?","M","E","R","BOSS"],"build_version":"2019-07-17","purchased_purges":2,"victory":false,"max_hp_per_floor":[68,68,68,68,68,68,68,68,68,68,68,68,68,68,68,68,68,68,68,68,68,68,68,68,68,68,68,70,72,74,74,74,74],"card_choices":[{"not_picked":["Dark Embrace","Barricade"],"picked":"Limit Break","floor":0.0},{"not_picked":["Sword Boomerang","Pommel Strike"],"picked":"Spot Weakness","floor":1.0},{"not_picked":["Entrench","Cleave"],"picked":"Anger","floor":2.0},{"not_picked":["Rage","Sword Boomerang"],"picked":"Whirlwind","floor":8.0},{"not_picked":["Spot Weakness","Pummel"],"picked":"Battle Trance","floor":10.0},{"not_picked":["Warcry","Sword Boomerang"],"picked":"Armaments","floor":11},{"not_picked":["Body Slam","Hemokinesis","Whirlwind"],"picked":"SKIP","floor":12},{"not_picked":["Anger","Blood for Blood"],"picked":"Shrug It Off","floor":13},{"not_picked":["True Grit","Intimidate"],"picked":"hubris:StunningStrike","floor":14},{"not_picked":["Exhume","Demon Form"],"picked":"Berserk","floor":16},{"not_picked":["Armaments","Reckless Charge","Anger"],"picked":"SKIP","floor":18},{"not_picked":["Clothesline","Cleave"],"picked":"Metallicize+1","floor":19},{"not_picked":["Second Wind","Fire Breathing"],"picked":"Headbutt","floor":23},{"not_picked":["Seeing Red","Cleave","Armaments"],"picked":"SKIP","floor":25},{"not_picked":["Sword Boomerang","Shockwave"],"picked":"Shrug It Off+1","floor":27},{"not_picked":["Twin Strike","Havoc+1","Thunderclap"],"picked":"Singing Bowl","floor":28},{"not_picked":["Perfected Strike+1","Headbutt","Ghostly Armor"],"picked":"Singing Bowl","floor":29},{"not_picked":["Carnage","Metallicize","Perfected Strike+1"],"picked":"Singing Bowl","floor":30},{"not_picked":["Flex","Cleave"],"picked":"Demon Form","floor":31}],"player_experience":2604217,"relics_obtained":[{"floor":8.0,"key":"Magic Flower"},{"floor":9.0,"key":"Vajra"},{"floor":10.0,"key":"hubris:DeckOfHolding"},{"floor":12,"key":"hubris:Metronome"},{"floor":14,"key":"hubris:ChampionShield"},{"floor":22,"key":"Red Mask"},{"floor":23,"key":"Centennial Puzzle"},{"floor":26,"key":"Singing Bowl"},{"floor":31,"key":"Bottled Tornado"}],"event_choices":[{"damage_healed":0.0,"max_hp_gain":0.0,"max_hp_loss":0.0,"gold_gain":150.0,"event_name":"Liars Game","player_choice":"AGREE","floor":3.0,"gold_loss":0.0,"damage_taken":0.0,"cards_obtained":["Doubt"]},{"damage_healed":0.0,"max_hp_gain":0.0,"max_hp_loss":0.0,"gold_gain":0.0,"event_name":"Golden Idol","player_choice":"Ignored","floor":5.0,"gold_loss":0.0,"damage_taken":0.0},{"damage_healed":0,"gold_gain":0,"player_choice":"Inject Mutagens","damage_taken":0,"relics_obtained":["MutagenicStrength"],"max_hp_gain":0,"max_hp_loss":0,"event_name":"Drug Dealer","floor":20,"gold_loss":0},{"damage_healed":0,"gold_gain":0,"player_choice":"Fought Bandits","damage_taken":0,"max_hp_gain":0,"max_hp_loss":0,"event_name":"Masked Bandits","floor":22,"gold_loss":0}],"is_beta":false,"boss_relics":[{"not_picked":["hubris:Stopwatch","Black Blood"],"picked":"hubris:ScarierMask"}],"items_purged_floors":[4,21],"is_endless":false,"potions_floor_spawned":[8,10,11,12,16,18,22,23,29,30],"killed_by":"Automaton","ascension_level":15}