{"gold_per_floor":[359,377,391,391,13,13,31,92,117,117,134,148,163,197,197,302,302,318,74,74,6,24,24,35,68,68,85,99,99],"floor_reached":29,"playtime":2703,"items_purged":["Defend_G","Strike_G"],"score":310,"play_id":"7111411e-b7cf-4519-8430-b9dffadfbcb6","local_time":"20190114215317","is_ascension_mode":true,"campfire_choices":[{"data":"Neutralize","floor":6,"key":"SMITH"},{"floor":10,"key":"REST"},{"data":"Glass Knife","floor":15,"key":"SMITH"},{"data":"Tactician","floor":23,"key":"SMITH"}],"neow_cost":"TEN_PERCENT_HP_LOSS","seed_source_timestamp":35893771262100,"circlet_count":0,"master_deck":["Defend_G","Defend_G","Defend_G","Defend_G","Strike_G","Strike_G","Strike_G","Strike_G","Survivor","Neutralize+1","Backflip","Acrobatics","Underhanded Strike","Glass Knife+1","All Out Attack","Tactician+1","Riddle With Holes","Malaise","Acrobatics","PiercingWail","Sucker Punch","Well Laid Plans","Deadly Poison","Bullet Time","Prepared","Burst+1","Backflip+1","Noxious Fumes","Leg Sweep","Deflect+1","Crippling Poison","Dagger Throw","Parasite","Outmaneuver+1","Concentrate+1","Bouncing Flask"],"relics":["Ring of the Snake","Prayer Wheel","Tiny Chest","Potion Belt","Vajra","Cursed Key","PreservedInsect","Bag of Preparation","Gremlin Horn"],"potions_floor_usage":[8,25,27,28],"damage_taken":[{"damage":4,"enemies":"Small Slimes","floor":1,"turns":8},{"damage":1,"enemies":"Cultist","floor":2,"turns":4},{"damage":2,"enemies":"2 Louse","floor":3,"turns":4},{"damage":13,"enemies":"Exordium Thugs","floor":7,"turns":6},{"damage":5,"enemies":"3 Sentries","floor":8,"turns":6},{"damage":5,"enemies":"Gremlin Gang","floor":11,"turns":4},{"damage":5,"enemies":"Blue Slaver","floor":12,"turns":3},{"damage":3,"enemies":"3 Louse","floor":13,"turns":3},{"damage":11,"enemies":"Gremlin Nob","floor":14,"turns":4},{"damage":1,"enemies":"Hexaghost","floor":16,"turns":10},{"damage":3,"enemies":"Spheric Guardian","floor":18,"turns":3},{"damage":21,"enemies":"Shell Parasite","floor":22,"turns":7},{"damage":0,"enemies":"Snake Plant","floor":24,"turns":4},{"damage":4,"enemies":"Book of Stabbing","floor":25,"turns":6},{"damage":10,"enemies":"Centurion and Healer","floor":27,"turns":7},{"damage":29,"enemies":"3 Cultists","floor":28,"turns":5},{"damage":3,"enemies":"Shelled Parasite and Fungi","floor":29,"turns":2}],"seed_played":"3428438322185296918","potions_obtained":[{"floor":2,"key":"FearPotion"},{"floor":3,"key":"Swift Potion"},{"floor":12,"key":"Explosive Potion"},{"floor":14,"key":"PowerPotion"},{"floor":16,"key":"FearPotion"},{"floor":25,"key":"Fruit Juice"}],"is_trial":false,"path_per_floor":["M","M","M","?","$","R","M","E","T","R","M","M","M","E","R","B",null,"M","$","?","$","M","R","M","E","T","M","M","M"],"character_chosen":"THE_SILENT","items_purchased":["Prayer Wheel","PreservedInsect","Leg Sweep"],"campfire_rested":1,"item_purchase_floors":[5,19,21],"current_hp_per_floor":[59,58,56,56,56,56,43,38,38,56,51,46,43,32,32,31,63,60,60,60,60,39,39,39,40,40,30,1,0],"gold":99,"neow_bonus":"TWO_FIFTY_GOLD","is_prod":false,"is_daily":false,"chose_seed":false,"campfire_upgraded":3,"win_rate":0,"timestamp":1547499197,"path_taken":["M","M","M","?","$","R","M","E","T","R","?","M","M","E","R","BOSS","M","$","?","?","M","R","M","E","T","?","?","?"],"build_version":"2019-01-10","purchased_purges":2,"victory":false,"max_hp_per_floor":[63,63,63,63,63,63,63,63,63,63,63,63,63,63,63,63,63,63,63,63,63,63,63,63,68,68,68,68,68],"card_choices":[{"not_picked":["Deadly Poison","Underhanded Strike"],"picked":"Backflip","floor":1},{"not_picked":["Flying Knee","Poisoned Stab"],"picked":"Acrobatics","floor":2},{"not_picked":["Poisoned Stab","Quick Slash"],"picked":"Underhanded Strike","floor":3},{"not_picked":["Venomology","Quick Slash"],"picked":"Tactician","floor":7},{"not_picked":["Cloak And Dagger","Prepared"],"picked":"Riddle With Holes","floor":7},{"not_picked":["Dagger Throw","Prepared"],"picked":"Malaise","floor":8},{"not_picked":["Cloak And Dagger","Bane"],"picked":"Acrobatics","floor":11},{"not_picked":["Dodge and Roll","Riddle With Holes"],"picked":"PiercingWail","floor":11},{"not_picked":["Deflect","Flying Knee"],"picked":"Sucker Punch","floor":12},{"not_picked":["Dash","Outmaneuver"],"picked":"Well Laid Plans","floor":12},{"not_picked":["Predator","Finisher"],"picked":"Deadly Poison","floor":13},{"not_picked":["Acrobatics","Poisoned Stab"],"picked":"Bullet Time","floor":13},{"not_picked":["Outmaneuver","Backstab"],"picked":"Prepared","floor":14},{"not_picked":["Malaise","Night Terror"],"picked":"Burst","floor":16},{"not_picked":["Dodge and Roll","Terror"],"picked":"Backflip+1","floor":18},{"not_picked":["Finisher","Bane"],"picked":"Noxious Fumes","floor":18},{"not_picked":["Underhanded Strike","Predator"],"picked":"Deflect+1","floor":22},{"not_picked":["Eviscerate","Escape Plan","Dagger Spray"],"picked":"SKIP","floor":22},{"not_picked":["Dodge and Roll","Deflect+1"],"picked":"Crippling Poison","floor":24},{"not_picked":["Deadly Poison","Endless Agony+1","Finisher"],"picked":"SKIP","floor":24},{"not_picked":["Infinite Blades","Reflex+1"],"picked":"Dagger Throw","floor":25},{"not_picked":["Glass Knife","Quick Slash"],"picked":"Outmaneuver+1","floor":27},{"not_picked":["Eviscerate","Tactician"],"picked":"Concentrate+1","floor":27},{"not_picked":["Crippling Poison","Heel Hook"],"picked":"Bouncing Flask","floor":28},{"not_picked":["Outmaneuver","Riddle With Holes","Backflip+1"],"picked":"SKIP","floor":28}],"player_experience":163450,"relics_obtained":[{"floor":8,"key":"Tiny Chest"},{"floor":9,"key":"Potion Belt"},{"floor":14,"key":"Vajra"},{"floor":25,"key":"Bag of Preparation"},{"floor":26,"key":"Gremlin Horn"}],"event_choices":[{"damage_healed":0,"gold_gain":0,"player_choice":"2 cards matched","damage_taken":0,"max_hp_gain":0,"max_hp_loss":0,"event_name":"Match and Keep!","floor":4,"gold_loss":0,"cards_obtained":["Glass Knife","All Out Attack"]},{"damage_healed":0,"gold_gain":0,"player_choice":"Forge","damage_taken":0,"max_hp_gain":0,"max_hp_loss":0,"event_name":"Accursed Blacksmith","floor":20,"gold_loss":0,"cards_upgraded":["Burst"]}],"is_beta":false,"boss_relics":[{"not_picked":["Velvet Choker","White Beast Statue"],"picked":"Cursed Key"}],"items_purged_floors":[5,19],"is_endless":false,"potions_floor_spawned":[2,3,12,14,16,25],"killed_by":"Shelled Parasite and Fungi","ascension_level":2}