{"gold_per_floor":[13,13,88,105,30,63,12,12,12,47,47,58,91,91,91,164,164,183,206,106,156,78,78,105,105,105,130,130,90,90,121,121,198,198,208,223,223,234,234,268,278,49,103,103,134,134,134,234,234,234,234,234,34,59,59],"floor_reached":55,"playtime":1875,"items_purged":["Strike_R","Pain"],"score":1516,"play_id":"826872cf-58ef-457b-b1c4-c7533cc12c91","local_time":"20190708224600","is_ascension_mode":true,"campfire_choices":[{"floor":11,"key":"REST"},{"data":"Bash","floor":15,"key":"SMITH"},{"floor":23,"key":"REST"},{"floor":30,"key":"REST"},{"floor":32,"key":"REST"},{"floor":44,"key":"REST"},{"floor":46,"key":"RECALL"},{"data":"Demon Form","floor":49,"key":"SMITH"},{"floor":52,"key":"REST"}],"neow_cost":"NO_GOLD","seed_source_timestamp":347160747662498,"circlet_count":0,"master_deck":["AscendersBane","Strike_R+1","Strike_R+1","Strike_R+1","Defend_R+1","Defend_R+1","Defend_R+1","Defend_R+1","Bash+1","Bludgeon+1","Cleave","Inflame","Flame Barrier","Battle Trance","Shrug It Off","Demon Form+1","Whirlwind","Infernal Blade+1","Bloodletting+1","Anger","Offering","Burning Pact+1","Corruption","Heavy Blade","Power Through","Dual Wield","Dual Wield","Metallicize","True Grit"],"relics":["Burning Blood","Mummified Hand","WarpedTongs","Shuriken","Letter Opener","Pen Nib","White Beast Statue","Bag of Preparation","Centennial Puzzle","Juzu Bracelet","Whetstone","Omamori","Snecko Eye","Boot","Happy Flower","Bronze Scales","Prayer Wheel","Blood Vial"],"potions_floor_usage":[12,16,24,27,33,33,33,35,40,50,54,55,55],"damage_taken":[{"damage":4,"enemies":"Jaw Worm","floor":1,"turns":3},{"damage":5,"enemies":"Small Slimes","floor":4,"turns":2},{"damage":24,"enemies":"Gremlin Nob","floor":6,"turns":4},{"damage":39,"enemies":"Lagavulin","floor":10,"turns":8},{"damage":3,"enemies":"Cultist","floor":12,"turns":5},{"damage":23,"enemies":"3 Sentries","floor":13,"turns":5},{"damage":29,"enemies":"Slime Boss","floor":16,"turns":8},{"damage":20,"enemies":"Spheric Guardian","floor":18,"turns":4},{"damage":58,"enemies":"Book of Stabbing","floor":24,"turns":5},{"damage":0,"enemies":"Slavers","floor":27,"turns":1},{"damage":22,"enemies":"Book of Stabbing","floor":31,"turns":3},{"damage":15,"enemies":"Automaton","floor":33,"turns":6},{"damage":25,"enemies":"3 Darklings","floor":35,"turns":6},{"damage":28,"enemies":"3 Shapes","floor":36,"turns":5},{"damage":6,"enemies":"3 Darklings","floor":38,"turns":3},{"damage":9,"enemies":"Giant Head","floor":40,"turns":4},{"damage":6,"enemies":"Writhing Mass","floor":41,"turns":3},{"damage":3,"enemies":"Nemesis","floor":45,"turns":3},{"damage":9,"enemies":"Mind Bloom Boss Battle","floor":48,"turns":2},{"damage":53,"enemies":"Time Eater","floor":50,"turns":8},{"damage":6,"enemies":"Shield and Spear","floor":54,"turns":2},{"damage":114,"enemies":"The Heart","floor":55,"turns":3}],"seed_played":"7112914143394605600","potions_obtained":[{"floor":4,"key":"Regen Potion"},{"floor":16,"key":"EssenceOfSteel"},{"floor":18,"key":"FearPotion"},{"floor":24,"key":"SteroidPotion"},{"floor":27,"key":"Fire Potion"},{"floor":29,"key":"EntropicBrew"},{"floor":33,"key":"Energy Potion"},{"floor":35,"key":"FairyPotion"},{"floor":38,"key":"SteroidPotion"},{"floor":40,"key":"EntropicBrew"},{"floor":41,"key":"PowerPotion"},{"floor":54,"key":"FearPotion"}],"is_trial":false,"path_per_floor":["M","?","?","M","$","E","$","?","T","E","R","M","E","$","R","B",null,"M","T","$","?","$","R","E","$","T","E","?","?","R","E","R","B",null,"M","M","?","M","?","E","M","$","T","R","E","R","?","?","R","B",null,"R","$","E","B"],"character_chosen":"IRONCLAD","items_purchased":["Fire Potion","Whirlwind","Dual Wield","Happy Flower","GamblersBrew","Metallicize","True Grit"],"campfire_rested":6,"item_purchase_floors":[7,22,42,42,53,53,53],"current_hp_per_floor":[70,70,59,60,60,42,42,42,42,9,31,48,31,31,31,8,58,44,44,44,44,44,66,14,14,14,20,20,20,42,26,48,39,66,47,25,40,40,40,37,37,37,37,59,62,62,62,59,59,12,59,75,75,75,0],"gold":59,"neow_bonus":"THREE_RARE_CARDS","is_prod":false,"is_daily":false,"chose_seed":false,"campfire_upgraded":2,"win_rate":0,"timestamp":1562640360,"path_taken":["M","?","?","M","$","E","$","?","T","E","R","M","E","$","R","BOSS","M","?","$","?","$","R","E","?","T","E","?","?","R","E","R","BOSS","M","M","?","M","?","E","M","$","T","R","E","R","?","?","R","BOSS","R","$","E","BOSS"],"build_version":"2019-07-03","purchased_purges":2,"victory":false,"max_hp_per_floor":[75,75,75,75,75,75,75,75,75,75,75,75,75,75,75,75,75,75,75,75,75,75,75,75,75,75,75,75,75,75,75,75,75,75,75,75,75,75,75,75,75,75,75,75,75,75,75,75,75,75,75,75,75,75,75],"card_choices":[{"not_picked":["Dark Embrace","Barricade"],"picked":"Bludgeon","floor":0},{"not_picked":["Iron Wave","Flex"],"picked":"Cleave","floor":1},{"not_picked":["Havoc","Blood for Blood"],"picked":"Inflame","floor":4},{"not_picked":["Sword Boomerang","Dark Embrace"],"picked":"Flame Barrier","floor":6},{"not_picked":["Reckless Charge","Shrug It Off"],"picked":"Battle Trance","floor":10},{"not_picked":["Heavy Blade","Wild Strike","Hemokinesis"],"picked":"SKIP","floor":12},{"not_picked":["Sword Boomerang","Carnage"],"picked":"Shrug It Off","floor":13},{"not_picked":["Dark Embrace","Double Tap"],"picked":"Demon Form","floor":16},{"not_picked":["Cleave","Shrug It Off","Clothesline"],"picked":"SKIP","floor":18},{"not_picked":["Combust","Evolve"],"picked":"Infernal Blade+1","floor":24},{"not_picked":["Iron Wave","Cleave+1"],"picked":"Bloodletting+1","floor":27},{"not_picked":["Warcry","Wild Strike"],"picked":"Anger","floor":31},{"not_picked":["Double Tap","Impervious"],"picked":"Offering","floor":33},{"not_picked":["Heavy Blade","Warcry"],"picked":"Burning Pact+1","floor":35},{"not_picked":["Entrench","Iron Wave","Anger"],"picked":"SKIP","floor":36},{"not_picked":["Anger","Perfected Strike"],"picked":"Corruption","floor":38},{"not_picked":["Body Slam","Rupture+1"],"picked":"Heavy Blade","floor":40},{"not_picked":["Brutality","Inflame+1"],"picked":"Power Through","floor":41},{"not_picked":["Clash","Whirlwind","Body Slam+1"],"picked":"SKIP","floor":45},{"not_picked":["Infernal Blade","Sword Boomerang"],"picked":"Dual Wield","floor":48},{"not_picked":["Second Wind","True Grit","Clash+1"],"picked":"SKIP","floor":54}],"player_experience":2617264,"relics_obtained":[{"floor":6,"key":"Mummified Hand"},{"floor":9,"key":"Shuriken"},{"floor":10,"key":"Letter Opener"},{"floor":13,"key":"Pen Nib"},{"floor":19,"key":"Bag of Preparation"},{"floor":24,"key":"Centennial Puzzle"},{"floor":26,"key":"Juzu Bracelet"},{"floor":27,"key":"Whetstone"},{"floor":31,"key":"Omamori"},{"floor":40,"key":"Boot"},{"floor":45,"key":"Bronze Scales"},{"floor":48,"key":"Prayer Wheel"},{"floor":54,"key":"Blood Vial"}],"event_choices":[{"damage_healed":0,"gold_gain":0,"player_choice":"Grow","damage_taken":0,"max_hp_gain":0,"max_hp_loss":0,"event_name":"Living Wall","floor":2,"gold_loss":0,"cards_upgraded":["Bludgeon"]},{"damage_healed":0,"gold_gain":75,"player_choice":"Gather Gold","damage_taken":11,"max_hp_gain":0,"max_hp_loss":0,"event_name":"World of Goop","floor":3,"gold_loss":0},{"damage_healed":0,"gold_gain":0,"player_choice":"Rummage","damage_taken":0,"relics_obtained":["WarpedTongs"],"max_hp_gain":0,"max_hp_loss":0,"event_name":"Accursed Blacksmith","floor":8,"gold_loss":0,"cards_obtained":["Pain"]},{"damage_healed":0,"gold_gain":50,"player_choice":"Stole From Cult","damage_taken":0,"max_hp_gain":0,"max_hp_loss":0,"event_name":"Nest","floor":21,"gold_loss":0},{"damage_healed":0,"gold_gain":0,"player_choice":"Simplicity","damage_taken":0,"max_hp_gain":0,"max_hp_loss":0,"event_name":"Back to Basics","floor":28,"gold_loss":0,"cards_upgraded":["Strike_R","Strike_R","Defend_R","Defend_R","Defend_R","Defend_R"]},{"damage_healed":0,"gold_gain":0,"player_choice":"Bought 3 Potions","damage_taken":0,"max_hp_gain":0,"max_hp_loss":0,"event_name":"The Woman in Blue","floor":29,"gold_loss":0},{"damage_healed":15,"gold_gain":0,"player_choice":"Writhe","damage_taken":0,"max_hp_gain":0,"max_hp_loss":0,"event_name":"Winding Halls","floor":37,"gold_loss":0,"cards_obtained":["Writhe"]},{"cards_removed":["Strike_R"],"damage_healed":0,"gold_gain":0,"player_choice":"Removed Attack","damage_taken":0,"max_hp_gain":0,"max_hp_loss":0,"event_name":"Falling","floor":39,"gold_loss":0},{"damage_healed":0,"gold_gain":0,"player_choice":"Ignored","damage_taken":0,"max_hp_gain":0,"max_hp_loss":0,"event_name":"SecretPortal","floor":47,"gold_loss":0},{"damage_healed":0,"gold_gain":0,"player_choice":"Fight","damage_taken":0,"max_hp_gain":0,"max_hp_loss":0,"event_name":"MindBloom","floor":48,"gold_loss":0}],"is_beta":true,"boss_relics":[{"not_picked":["Tiny House","Runic Cube"],"picked":"White Beast Statue"},{"not_picked":["Coffee Dripper","Pandora\u0027s Box"],"picked":"Snecko Eye"}],"items_purged_floors":[5,20],"is_endless":false,"potions_floor_spawned":[4,16,18,24,27,31,33,35,36,38,40,41,45,48,54],"killed_by":"The Heart","ascension_level":15}