{"gold_per_floor":[112,287,297,247,322,322,340,372,372,372,387,387,342,361,361,461,461,475,321,321,331,350,363,363,234,234,247,247,266,266,96,96,197,197,214,214,102,202,212,212,225,225],"floor_reached":42,"playtime":6012,"items_purged":["Calculated Gamble"],"score":423,"play_id":"73efcc2c-4840-40f5-9b59-6eba5a23a550","local_time":"20190824010651","is_ascension_mode":false,"campfire_choices":[{"data":"Prepared","floor":6,"key":"SMITH"},{"floor":10,"key":"REST"},{"floor":12,"key":"REST"},{"floor":15,"key":"REST"},{"floor":24,"key":"REST"},{"floor":28,"key":"REST"},{"floor":30,"key":"REST"},{"floor":32,"key":"REST"},{"data":"1","floor":40,"key":"LIFT"}],"neow_cost":"NONE","seed_source_timestamp":3064816405600,"circlet_count":0,"master_deck":["Strike_G","Strike_G","Strike_G","Strike_G","Defend_G","Defend_G","Defend_G","Defend_G","Survivor","Neutralize","Prepared+1","Eviscerate","Blur","Noxious Fumes+1","Night Terror","Well Laid Plans+1","Well Laid Plans+1","Tools of the Trade+1","Dagger Throw+1","Crippling Poison+1","Wraith Form v2+1","Acrobatics","Prepared","Caltrops+1","Flechettes","Terror","Predator+1","Acrobatics","Well Laid Plans+1","Underhanded Strike","Venomology","Underhanded Strike","Eviscerate","Caltrops+1","Adrenaline","Prepared+1","Infinite Blades+1","Underhanded Strike+1","Dodge and Roll","Parasite","Backflip"],"relics":["Ring of the Snake","Frozen Egg 2","Kunai","Astrolabe","Dodecahedron","Bag of Preparation","Eternal Feather","Girya"],"potions_floor_usage":[33,33,33,33,33,33,33,38,42,42],"damage_taken":[{"damage":0,"enemies":"Small Slimes","floor":1,"turns":4},{"damage":3,"enemies":"2 Louse","floor":3,"turns":6},{"damage":1,"enemies":"Jaw Worm","floor":7,"turns":5},{"damage":26,"enemies":"Lagavulin","floor":8,"turns":14},{"damage":14,"enemies":"Lots of Slimes","floor":11,"turns":6},{"damage":3,"enemies":"Looter","floor":13,"turns":5},{"damage":9,"enemies":"Red Slaver","floor":14,"turns":4},{"damage":20,"enemies":"Slime Boss","floor":16,"turns":14},{"damage":12,"enemies":"Spheric Guardian","floor":18,"turns":6},{"damage":17,"enemies":"Shell Parasite","floor":21,"turns":6},{"damage":21,"enemies":"Snake Plant","floor":22,"turns":5},{"damage":9,"enemies":"Centurion and Healer","floor":23,"turns":6},{"damage":2,"enemies":"Snecko","floor":27,"turns":5},{"damage":36,"enemies":"Snake Plant","floor":29,"turns":7},{"damage":21,"enemies":"Collector","floor":33,"turns":7},{"damage":18,"enemies":"3 Darklings","floor":35,"turns":6},{"damage":12,"enemies":"Mind Bloom Boss Battle","floor":38,"turns":6},{"damage":8,"enemies":"Orb Walker","floor":39,"turns":3},{"damage":43,"enemies":"Writhing Mass","floor":41,"turns":7},{"damage":16,"enemies":"Sphere and 2 Shapes","floor":42,"turns":2}],"seed_played":"-7953488177990574166","potions_obtained":[{"floor":8,"key":"SpeedPotion"},{"floor":14,"key":"Strength Potion"},{"floor":16,"key":"Poison Potion"},{"floor":21,"key":"EntropicBrew"},{"floor":23,"key":"SkillPotion"},{"floor":35,"key":"Energy Potion"}],"is_trial":false,"path_per_floor":["M","?","M","?","?","R","M","E","T","R","M","R","M","M","R","B",null,"M","$","?","M","M","M","R","$","T","M","R","M","R","$","R","B",null,"M","?","$","?","M","R","M","M"],"character_chosen":"THE_SILENT","items_purchased":["Prepared","Caltrops+1","Flechettes","Acrobatics","Well Laid Plans+1","Underhanded Strike","Eviscerate","Caltrops+1","Infinite Blades+1"],"campfire_rested":7,"item_purchase_floors":[19,19,19,25,25,31,31,31,37],"current_hp_per_floor":[70,70,67,67,56,56,55,29,29,50,36,57,54,45,66,46,70,58,58,58,41,20,11,32,32,32,30,51,15,36,36,57,36,70,52,52,52,40,32,53,10,0],"gold":225,"neow_bonus":"ONE_RANDOM_RARE_CARD","is_prod":false,"is_daily":false,"chose_seed":false,"campfire_upgraded":1,"win_rate":0.0,"timestamp":1566623211,"path_taken":["M","?","M","?","?","R","M","E","T","R","?","R","?","M","R","BOSS","M","$","?","M","M","M","R","$","T","?","R","M","R","$","R","BOSS","M","?","$","?","M","R","M","M"],"build_version":"2019-07-17","purchased_purges":1,"victory":false,"max_hp_per_floor":[70,70,70,70,70,70,70,70,70,70,70,70,70,70,70,70,70,70,70,70,70,70,70,70,70,70,70,70,70,70,70,70,70,70,70,66,66,66,66,66,66,66],"card_choices":[{"not_picked":["Backflip","Predator"],"picked":"Prepared","floor":1},{"not_picked":["Deadly Poison","Acrobatics"],"picked":"Eviscerate","floor":3},{"not_picked":["Bane","Terror"],"picked":"Blur","floor":7},{"not_picked":["Flying Knee","Riddle With Holes"],"picked":"Noxious Fumes","floor":8},{"not_picked":["Blade Dance","Quick Slash"],"picked":"Night Terror","floor":11},{"not_picked":["Leg Sweep","Bane"],"picked":"Well Laid Plans+1","floor":13},{"not_picked":["Poisoned Stab","Flechettes"],"picked":"Well Laid Plans+1","floor":14},{"not_picked":["Envenom+1","Wraith Form v2+1"],"picked":"Tools of the Trade+1","floor":16},{"not_picked":["Deadly Poison+1","Caltrops+1"],"picked":"Acrobatics","floor":18},{"not_picked":["Bouncing Flask","Outmaneuver"],"picked":"Terror","floor":21},{"not_picked":["Sucker Punch","Flying Knee"],"picked":"Predator+1","floor":22},{"not_picked":["Skewer","Bane"],"picked":"Calculated Gamble","floor":23},{"not_picked":["Infinite Blades+1","Reflex"],"picked":"Underhanded Strike","floor":27},{"not_picked":["Slice","Catalyst+1"],"picked":"Venomology","floor":29},{"not_picked":["Night Terror","Corpse Explosion"],"picked":"Adrenaline","floor":33},{"not_picked":["Dodge and Roll+1","Acrobatics"],"picked":"Prepared+1","floor":35},{"not_picked":["Bouncing Flask+1","Crippling Poison"],"picked":"Underhanded Strike+1","floor":38},{"not_picked":["Dagger Throw+1","Deadly Poison+1"],"picked":"Dodge and Roll","floor":39},{"not_picked":["Caltrops+1","Outmaneuver+1"],"picked":"Backflip","floor":41}],"player_experience":26435,"relics_obtained":[{"floor":8,"key":"Frozen Egg 2"},{"floor":9,"key":"Kunai"},{"floor":26,"key":"Bag of Preparation"},{"floor":38,"key":"Girya"}],"event_choices":[{"damage_healed":0,"gold_gain":175,"player_choice":"AGREE","damage_taken":0,"max_hp_gain":0,"max_hp_loss":0,"event_name":"Liars Game","floor":2,"gold_loss":0,"cards_obtained":["Doubt"]},{"cards_removed":["Doubt"],"damage_healed":0,"gold_gain":0,"player_choice":"Card Removal","damage_taken":0,"max_hp_gain":0,"max_hp_loss":0,"event_name":"The Cleric","floor":4,"gold_loss":50},{"damage_healed":0,"gold_gain":75,"player_choice":"Gather Gold","damage_taken":11,"max_hp_gain":0,"max_hp_loss":0,"event_name":"World of Goop","floor":5,"gold_loss":0},{"damage_healed":0,"gold_gain":0,"player_choice":"Gave Potion","damage_taken":0,"relics_obtained":["Dodecahedron"],"max_hp_gain":0,"max_hp_loss":0,"event_name":"WeMeetAgain","floor":20,"gold_loss":0},{"damage_healed":0,"gold_gain":0,"player_choice":"Max HP","damage_taken":0,"max_hp_gain":0,"max_hp_loss":4,"event_name":"Winding Halls","floor":36,"gold_loss":0},{"damage_healed":0,"gold_gain":0,"player_choice":"Fight","damage_taken":0,"max_hp_gain":0,"max_hp_loss":0,"event_name":"MindBloom","floor":38,"gold_loss":0}],"is_beta":false,"boss_relics":[{"not_picked":["Sozu","Black Star"],"picked":"Astrolabe"},{"not_picked":["Runic Pyramid","White Beast Statue"],"picked":"Eternal Feather"}],"items_purged_floors":[37],"is_endless":false,"potions_floor_spawned":[8,14,16,21,23,35],"killed_by":"Sphere and 2 Shapes","ascension_level":0}