{"gold_per_floor":[115,165,11,30,43,68,68,93,119,130,130,145,165,196,196,274,274,292,73,73,73,85,116,116,148,148,148,148,148,164,180,180,256,256,273,173,192,172,182,208,208,219,245,273,292,292,308,260,260,260],"floor_reached":50,"playtime":2295,"items_purged":["Strike_R","Strike_R"],"score":1115,"play_id":"da0caad3-8a8f-44ec-b00f-5fbc6fd523f4","local_time":"20190712231239","is_ascension_mode":true,"campfire_choices":[{"data":"hubris:StunningStrike","floor":7.0,"key":"SMITH"},{"data":"Carnage","floor":11.0,"key":"SMITH"},{"data":"Uppercut","floor":15.0,"key":"SMITH"},{"data":"Berserk","floor":24.0,"key":"SMITH"},{"data":"Double Tap","floor":28.0,"key":"SMITH"},{"floor":32.0,"key":"RECALL"},{"data":"Inflame","floor":41,"key":"SMITH"},{"data":"Flame Barrier","floor":46,"key":"SMITH"},{"floor":49,"key":"REST"}],"neow_cost":"NONE","seed_source_timestamp":0,"circlet_count":0,"master_deck":["AscendersBane","Strike_R","Defend_R","Defend_R","Defend_R","Defend_R","Bash","Cleave","Double Tap+1","hubris:StunningStrike+1","Carnage+1","Uppercut+1","Shrug It Off+1","Berserk+1","Headbutt","Auto Shields","Flame Barrier+1","Rampage","Carnage","Shrug It Off+1","Feed","Flex+1","Inflame+1","Warcry+1","Warcry+1","Metallicize+1"],"special_seed":0,"relics":["Burning Blood","hubris:ToyBattleship","PreservedInsect","Red Skull","Magic Flower","Art of War","hubris:VirtuousBlindfold","Pen Nib","hubris:CuriousFeather","Mercury Hourglass","hubris:ChampionShield","Bottled Lightning","hubris:Backtick","Dead Branch","StoneCalendar","War Paint","Boot"],"potions_floor_usage":[37,40,45,47,50],"damage_taken":[{"damage":8.0,"enemies":"2 Louse","floor":1.0,"turns":3.0},{"damage":0.0,"enemies":"Cultist","floor":4.0,"turns":4.0},{"damage":7.0,"enemies":"Jaw Worm","floor":5.0,"turns":3.0},{"damage":32.0,"enemies":"Gremlin Nob","floor":6.0,"turns":4.0},{"damage":15.0,"enemies":"Lagavulin","floor":8.0,"turns":7.0},{"damage":9.0,"enemies":"Red Slaver","floor":10.0,"turns":3.0},{"damage":1.0,"enemies":"Exordium Thugs","floor":12.0,"turns":3.0},{"damage":0.0,"enemies":"Large Slime","floor":13.0,"turns":4.0},{"damage":0.0,"enemies":"Gremlin Nob","floor":14.0,"turns":4.0},{"damage":53.0,"enemies":"Hexaghost","floor":16.0,"turns":10.0},{"damage":0.0,"enemies":"Chosen","floor":18.0,"turns":4.0},{"damage":7.0,"enemies":"Shell Parasite","floor":22.0,"turns":4.0},{"damage":0.0,"enemies":"Gremlin Leader","floor":23.0,"turns":3.0},{"damage":12.0,"enemies":"Slavers","floor":25.0,"turns":4.0},{"damage":0.0,"enemies":"Snake Plant","floor":30.0,"turns":3.0},{"damage":4.0,"enemies":"Cultist and Chosen","floor":31.0,"turns":4.0},{"damage":48.0,"enemies":"hubris:MusketHawk","floor":33.0,"turns":8.0},{"damage":17.0,"enemies":"3 Shapes","floor":35.0,"turns":5.0},{"damage":13,"enemies":"3 Darklings","floor":37,"turns":13},{"damage":15,"enemies":"4 Shapes","floor":39,"turns":9},{"damage":23,"enemies":"Reptomancer","floor":40,"turns":6},{"damage":0,"enemies":"Jaw Worm Horde","floor":42,"turns":4},{"damage":3,"enemies":"Giant Head","floor":44,"turns":6},{"damage":15,"enemies":"Transient","floor":45,"turns":5},{"damage":20,"enemies":"Maw","floor":47,"turns":7},{"damage":93,"enemies":"Awakened One","floor":50,"turns":25}],"seed_played":"-2280808710298836095","potions_obtained":[{"floor":8.0,"key":"Block Potion"},{"floor":10.0,"key":"Swift Potion"},{"floor":16.0,"key":"AttackPotion"},{"floor":22.0,"key":"Block Potion"},{"floor":31.0,"key":"PowerPotion"},{"floor":33.0,"key":"Weak Potion"},{"floor":37,"key":"Strength Potion"},{"floor":44,"key":"Block Potion"},{"floor":45,"key":"Block Potion"}],"is_trial":false,"path_per_floor":["M","?","$","M","M","E","R","E","T","M","R","M","M","E","R","B",null,"M","$","?","?","M","E","R","E","T","?","R","T","M","M","R","B",null,"M","$","M","?","M","E","R","M","T","E","M","R","M","$","R","B"],"character_chosen":"IRONCLAD","items_purchased":["PreservedInsect","Pen Nib","Block Potion"],"campfire_rested":1,"item_purchase_floors":[3,19,48],"current_hp_per_floor":[66,66,66,72,71,45,45,36,36,36,36,44,53,62,62,18,61,70,70,70,70,72,75,75,72,72,72,72,72,75,75,75,36,65,62,62,63,63,62,48,48,62,62,68,62,62,56,56,83,0],"gold":260,"neow_bonus":"RANDOM_COMMON_RELIC","is_prod":false,"is_daily":false,"chose_seed":false,"campfire_upgraded":7,"win_rate":0,"timestamp":1562987559,"path_taken":["M","?","?","M","?","E","R","E","T","M","R","M","M","E","R","BOSS","M","$","?","?","M","E","R","E","T","?","R","?","M","M","R","BOSS","M","$","M","?","M","E","R","M","T","E","M","R","?","$","R","BOSS"],"build_version":"2019-07-05","purchased_purges":2,"victory":false,"max_hp_per_floor":[75,75,75,75,75,75,75,75,75,75,75,75,75,75,75,75,75,75,75,75,75,75,75,75,75,75,75,75,75,75,75,75,75,75,78,78,81,81,84,84,84,87,87,87,87,87,90,90,90,93],"card_choices":[{"not_picked":["Clothesline","Dual Wield"],"picked":"Cleave","floor":1.0},{"not_picked":["Wild Strike","Body Slam","Flex"],"picked":"SKIP","floor":4.0},{"not_picked":["Iron Wave","Searing Blow"],"picked":"Double Tap","floor":5.0},{"not_picked":["Blood for Blood","Sentinel"],"picked":"hubris:StunningStrike","floor":6.0},{"not_picked":["Seeing Red","Clash","Perfected Strike"],"picked":"SKIP","floor":8.0},{"not_picked":["Heavy Blade","Ghostly Armor"],"picked":"Carnage","floor":10.0},{"not_picked":["Wild Strike","Entrench"],"picked":"Uppercut","floor":12.0},{"not_picked":["Whirlwind","Body Slam"],"picked":"Shrug It Off","floor":13.0},{"not_picked":["Heavy Blade","Blood for Blood","Flex"],"picked":"SKIP","floor":14.0},{"not_picked":["Bludgeon","Dark Embrace"],"picked":"Berserk","floor":16.0},{"not_picked":["Sever Soul","Iron Wave"],"picked":"Headbutt","floor":18.0},{"not_picked":["Armaments","Shrug It Off"],"picked":"Flame Barrier","floor":22.0},{"not_picked":["Fire Breathing","Body Slam","Sword Boomerang"],"picked":"SKIP","floor":23.0},{"not_picked":["Fire Breathing","Body Slam","Sword Boomerang"],"picked":"SKIP","floor":23.0},{"not_picked":["Juggernaut","Berserk","Flex"],"picked":"SKIP","floor":25.0},{"not_picked":["Clash","Flex"],"picked":"Shrug It Off","floor":30.0},{"not_picked":["Carnage","Perfected Strike","Ghostly Armor"],"picked":"SKIP","floor":31.0},{"not_picked":["hubris:StunningStrike","Fiend Fire"],"picked":"Feed","floor":33.0},{"not_picked":["Whirlwind","Havoc"],"picked":"Flex+1","floor":35.0},{"not_picked":["Rage","Searing Blow+1"],"picked":"Inflame","floor":37},{"not_picked":["Carnage+1","Twin Strike"],"picked":"Warcry+1","floor":39},{"not_picked":["Anger","Power Through"],"picked":"Warcry+1","floor":40},{"not_picked":["Sword Boomerang","Twin Strike+1","Ghostly Armor"],"picked":"SKIP","floor":42},{"not_picked":["Pommel Strike","Berserk"],"picked":"Metallicize+1","floor":44},{"not_picked":["Dropkick+1","Uppercut","Anger"],"picked":"SKIP","floor":45},{"not_picked":["Thunderclap+1","Anger+1","Blood for Blood+1"],"picked":"SKIP","floor":47}],"player_experience":2562907,"relics_obtained":[{"floor":6.0,"key":"Red Skull"},{"floor":8.0,"key":"Magic Flower"},{"floor":14.0,"key":"Art of War"},{"floor":23.0,"key":"hubris:CuriousFeather"},{"floor":25.0,"key":"Mercury Hourglass"},{"floor":26.0,"key":"hubris:ChampionShield"},{"floor":29.0,"key":"Bottled Lightning"},{"floor":40,"key":"StoneCalendar"},{"floor":43,"key":"War Paint"},{"floor":44,"key":"Boot"}],"event_choices":[{"damage_healed":0.0,"max_hp_gain":0.0,"max_hp_loss":0.0,"gold_gain":50.0,"event_name":"Golden Shrine","player_choice":"Pray","floor":2.0,"gold_loss":0.0,"damage_taken":0.0},{"damage_healed":0.0,"max_hp_gain":0.0,"max_hp_loss":0.0,"gold_gain":0.0,"event_name":"The Library","player_choice":"Read","floor":21.0,"gold_loss":0.0,"damage_taken":0.0,"cards_obtained":["Auto Shields"]},{"damage_healed":0.0,"max_hp_gain":0.0,"max_hp_loss":0.0,"gold_gain":0.0,"cards_transformed":["Strike_R","Strike_R"],"event_name":"Drug Dealer","player_choice":"Became Test Subject","floor":27.0,"gold_loss":0.0,"damage_taken":0.0,"cards_obtained":["Rampage","Carnage"]},{"damage_healed":0,"gold_gain":0,"player_choice":"Bought 1 Potion","damage_taken":0,"max_hp_gain":0,"max_hp_loss":0,"event_name":"The Woman in Blue","floor":38,"gold_loss":0}],"is_beta":false,"boss_relics":[{"not_picked":["hubris:TerracottaHorce","Mark of Pain"],"picked":"hubris:VirtuousBlindfold"},{"not_picked":["Busted Crown","Runic Cube"],"picked":"hubris:Backtick"}],"items_purged_floors":[19,36],"is_endless":false,"potions_floor_spawned":[8,10,14,16,22,31,33,37,39,44,45],"killed_by":"Awakened One","ascension_level":15}