{"gold_per_floor":[209,224,32,43,93,93,120,131,161,181,211,226,226,24,24,98,98,108,108,108,127,127,127,155,155,181,192,192,192,292,319,319,394,394,407,259,259,278,278,312,312,18,45,79,79,94,94,94,94,94,94,94,30,58,58],"floor_reached":56,"playtime":1899,"items_purged":["Writhe"],"score":1942,"play_id":"2942a445-6a28-46d1-a001-d08884466ca6","local_time":"20190821223932","is_ascension_mode":true,"campfire_choices":[{"data":"Sword Boomerang","floor":6.0,"key":"SMITH"},{"floor":13.0,"key":"REST"},{"data":"Bash","floor":15.0,"key":"SMITH"},{"data":"True Grit","floor":23,"key":"SMITH"},{"data":"Flame Barrier","floor":25,"key":"SMITH"},{"data":"J.A.X.","floor":29,"key":"SMITH"},{"floor":32,"key":"REST"},{"floor":41,"key":"RECALL"},{"data":"1","floor":45,"key":"LIFT"},{"data":"2","floor":47,"key":"LIFT"},{"data":"3","floor":49,"key":"LIFT"},{"data":"Feel No Pain","floor":52,"key":"SMITH"}],"neow_cost":"NONE","seed_source_timestamp":0,"circlet_count":0,"master_deck":["AscendersBane","Defend_R","Defend_R","Defend_R","Bash+1","Sword Boomerang+1","Metallicize","Cleave","Pummel","True Grit+1","Immolate+1","Uppercut+1","Fiend Fire+1","Evolve","Bite+1","Bite+1","Bite+1","Bite+1","Bite+1","Whirlwind+1","Flame Barrier+1","Ghostly Armor+1","J.A.X.+1","Sword Boomerang+1","Feed+1","Clothesline+1","Battle Trance","Thinking Ahead","Shrug It Off","Feel No Pain+1","Power Through","Clumsy","Power Through+1"],"special_seed":0,"relics":["Burning Blood","Vajra","Juzu Bracelet","Tiny Chest","Molten Egg 2","Membership Card","Cursed Key","Blood Vial","Orichalcum","Mango","Kunai","PreservedInsect","Runic Pyramid","Centennial Puzzle","Potion Belt","Medical Kit","Girya","Art of War","Pear"],"potions_floor_usage":[18,30,30,44,55,55,55],"damage_taken":[{"damage":5.0,"enemies":"Cultist","floor":1.0,"turns":4.0},{"damage":8.0,"enemies":"Jaw Worm","floor":2.0,"turns":4.0},{"damage":6.0,"enemies":"2 Louse","floor":4.0,"turns":2.0},{"damage":36.0,"enemies":"Lagavulin","floor":7.0,"turns":6.0},{"damage":5.0,"enemies":"2 Fungi Beasts","floor":8.0,"turns":3.0},{"damage":7.0,"enemies":"Red Slaver","floor":10.0,"turns":3.0},{"damage":22.0,"enemies":"Gremlin Nob","floor":11.0,"turns":4.0},{"damage":14.0,"enemies":"Large Slime","floor":12.0,"turns":4.0},{"damage":31.0,"enemies":"Hexaghost","floor":16.0,"turns":9.0},{"damage":0,"enemies":"Shell Parasite","floor":18,"turns":2},{"damage":8,"enemies":"Spheric Guardian","floor":21,"turns":3},{"damage":46,"enemies":"Book of Stabbing","floor":24,"turns":5},{"damage":3,"enemies":"Cultist and Chosen","floor":27,"turns":6},{"damage":10,"enemies":"Colosseum Slavers","floor":30,"turns":2},{"damage":16,"enemies":"Colosseum Nobs","floor":30,"turns":4},{"damage":42,"enemies":"Slavers","floor":31,"turns":5},{"damage":70,"enemies":"Automaton","floor":33,"turns":9},{"damage":17,"enemies":"3 Darklings","floor":35,"turns":6},{"damage":13,"enemies":"Orb Walker","floor":38,"turns":3},{"damage":6,"enemies":"Giant Head","floor":40,"turns":5},{"damage":55,"enemies":"Reptomancer","floor":44,"turns":7},{"damage":10,"enemies":"Transient","floor":46,"turns":5},{"damage":76,"enemies":"Awakened One","floor":50,"turns":17},{"damage":36,"enemies":"Shield and Spear","floor":54,"turns":5},{"damage":92,"enemies":"The Heart","floor":55,"turns":9}],"seed_played":"7808544285645351437","potions_obtained":[{"floor":4.0,"key":"SkillPotion"},{"floor":7.0,"key":"Explosive Potion"},{"floor":11.0,"key":"SteroidPotion"},{"floor":18,"key":"Poison Potion"},{"floor":31,"key":"FearPotion"},{"floor":38,"key":"Ancient Potion"},{"floor":44,"key":"SneckoOil"}],"is_trial":false,"path_per_floor":["M","M","$","M","?","R","E","M","T","M","E","M","R","$","R","B",null,"M","?","?","M","?","R","E","R","T","M","?","R","?","E","R","B",null,"M","$","?","M","?","E","R","$","T","E","R","M","R","?","R","B",null,"R","$","E","B",null],"character_chosen":"IRONCLAD","items_purchased":["Vajra","Metallicize","Membership Card","Centennial Puzzle","Battle Trance","Power Through","Medical Kit","Girya","FearPotion","Regen Potion"],"campfire_rested":2,"item_purchase_floors":[3,3,14,36,36,42,42,42,53,53],"current_hp_per_floor":[69,67,67,67,67,67,37,38,38,37,21,13,35,35,35,10,59,65,65,52,52,52,52,27,27,27,52,52,52,65,39,58,26,56,66,66,56,67,67,78,78,78,78,41,41,51,51,51,51,29,66,66,66,63,25],"gold":58,"neow_bonus":"HUNDRED_GOLD","is_prod":false,"is_daily":false,"chose_seed":false,"campfire_upgraded":6,"win_rate":0,"timestamp":1566441572,"path_taken":["M","M","?","?","?","R","E","M","T","M","E","M","R","?","R","BOSS","M","?","?","M","?","R","E","R","T","M","?","R","?","E","R","BOSS","M","$","?","M","?","E","R","$","T","E","R","M","R","?","R","BOSS","R","$","E","BOSS"],"build_version":"2019-07-17","purchased_purges":1,"victory":true,"max_hp_per_floor":[75,75,75,75,75,75,75,75,75,75,75,75,75,75,75,75,75,75,75,52,52,52,52,52,52,52,52,52,52,66,66,66,66,66,70,70,70,74,74,78,78,78,78,78,78,78,78,74,74,78,78,78,78,88,92],"card_choices":[{"not_picked":["Havoc","Wild Strike","Ghostly Armor"],"picked":"SKIP","floor":1.0},{"not_picked":["Sever Soul","Pummel"],"picked":"Sword Boomerang","floor":2.0},{"not_picked":["Body Slam","Power Through"],"picked":"Cleave","floor":4.0},{"not_picked":["Flex","Searing Blow","Second Wind"],"picked":"SKIP","floor":7.0},{"not_picked":["Searing Blow","Havoc"],"picked":"Pummel","floor":8.0},{"not_picked":["Pummel","Rupture"],"picked":"True Grit","floor":10.0},{"not_picked":["Offering","Reckless Charge"],"picked":"Immolate","floor":11.0},{"not_picked":["Shrug It Off","Anger+1"],"picked":"Uppercut+1","floor":12.0},{"not_picked":["Limit Break","Immolate+1"],"picked":"Fiend Fire+1","floor":16.0},{"not_picked":["Pummel+1","Power Through","Flex"],"picked":"SKIP","floor":18},{"not_picked":["Sword Boomerang+1","Heavy Blade+1"],"picked":"Whirlwind+1","floor":21},{"not_picked":["Sword Boomerang+1","Seeing Red"],"picked":"Ghostly Armor+1","floor":24},{"not_picked":["Heavy Blade+1","Rupture","Evolve"],"picked":"SKIP","floor":27},{"not_picked":["True Grit+1","Flex"],"picked":"Sword Boomerang+1","floor":31},{"not_picked":["Fiend Fire+1","Bludgeon+1"],"picked":"Feed+1","floor":33},{"not_picked":["Pommel Strike+1","Perfected Strike+1"],"picked":"Clothesline+1","floor":35},{"not_picked":["Jack Of All Trades","Enlightenment"],"picked":"Thinking Ahead","floor":37},{"not_picked":["Cleave+1","Reckless Charge+1"],"picked":"Shrug It Off","floor":38},{"not_picked":["Cleave+1","Battle Trance"],"picked":"Feel No Pain","floor":40},{"not_picked":["Body Slam+1","Sword Boomerang+1","Entrench"],"picked":"SKIP","floor":44},{"not_picked":["Carnage+1","Flex"],"picked":"Power Through+1","floor":46},{"not_picked":["Seeing Red","Armaments","Fire Breathing"],"picked":"SKIP","floor":54}],"player_experience":2721542,"relics_obtained":[{"floor":7.0,"key":"Juzu Bracelet"},{"floor":9.0,"key":"Tiny Chest"},{"floor":11.0,"key":"Molten Egg 2"},{"floor":24,"key":"Blood Vial"},{"floor":26,"key":"Orichalcum"},{"floor":30,"key":"Mango"},{"floor":30,"key":"Kunai"},{"floor":31,"key":"PreservedInsect"},{"floor":40,"key":"Potion Belt"},{"floor":44,"key":"Art of War"},{"floor":54,"key":"Pear"}],"event_choices":[{"damage_healed":0.0,"max_hp_gain":0.0,"max_hp_loss":0.0,"gold_gain":50.0,"event_name":"Golden Shrine","player_choice":"Pray","floor":5.0,"gold_loss":0.0,"damage_taken":0.0},{"damage_healed":0,"gold_gain":0,"player_choice":"Read","damage_taken":0,"max_hp_gain":0,"max_hp_loss":0,"event_name":"The Library","floor":19,"gold_loss":0,"cards_obtained":["Evolve"]},{"damage_healed":0,"gold_gain":0,"player_choice":"Became a vampire","damage_taken":0,"max_hp_gain":0,"max_hp_loss":23,"event_name":"Vampires","floor":20,"gold_loss":0,"cards_obtained":["Bite","Bite","Bite","Bite","Bite"]},{"damage_healed":0,"gold_gain":0,"cards_transformed":["Defend_R"],"player_choice":"Transformed","damage_taken":0,"max_hp_gain":0,"max_hp_loss":0,"event_name":"Transmorgrifier","floor":22,"gold_loss":0,"cards_obtained":["Flame Barrier"]},{"damage_healed":0,"gold_gain":0,"player_choice":"Obtain J.A.X.","damage_taken":0,"max_hp_gain":0,"max_hp_loss":0,"event_name":"Drug Dealer","floor":28,"gold_loss":0,"cards_obtained":["J.A.X."]},{"damage_healed":0,"gold_gain":0,"player_choice":"Fight","damage_taken":0,"max_hp_gain":0,"max_hp_loss":0,"event_name":"Colosseum","floor":30,"gold_loss":0},{"damage_healed":0,"gold_gain":0,"player_choice":"Fought Nobs","damage_taken":0,"max_hp_gain":0,"max_hp_loss":0,"event_name":"Colosseum","floor":30,"gold_loss":0},{"damage_healed":0,"gold_gain":0,"player_choice":"Memory 3","damage_taken":10,"max_hp_gain":0,"max_hp_loss":0,"event_name":"SensoryStone","floor":37,"gold_loss":0},{"damage_healed":0,"gold_gain":0,"player_choice":"Ignored","damage_taken":0,"max_hp_gain":0,"max_hp_loss":0,"event_name":"Tomb of Lord Red Mask","floor":39,"gold_loss":0},{"damage_healed":0,"gold_gain":0,"player_choice":"Max HP","damage_taken":0,"max_hp_gain":0,"max_hp_loss":4,"event_name":"Winding Halls","floor":48,"gold_loss":0}],"is_beta":false,"boss_relics":[{"not_picked":["Black Blood","Sozu"],"picked":"Cursed Key"},{"not_picked":["Pandora\u0027s Box","Tiny House"],"picked":"Runic Pyramid"}],"items_purged_floors":[36],"is_endless":false,"potions_floor_spawned":[4,7,11,12,16,18,30,31,38,44],"ascension_level":15}