{"gold_per_floor":[111,111,128,128,203,203,203,220,246,246,67,67,67,106,106,231,231,247,268,193,7,22,22,22,46,46,84,105,5,5,18,18,18],"floor_reached":33,"playtime":3075,"items_purged":["Injury","Decay"],"score":302,"play_id":"39859d85-be16-4942-89c2-61909fea7ec4","local_time":"20181230192213","is_ascension_mode":true,"campfire_choices":[{"data":"True Grit","floor":6.0,"key":"SMITH"},{"data":"Body Slam","floor":12.0,"key":"SMITH"},{"data":"Clothesline","floor":15.0,"key":"SMITH"},{"data":"Bash","floor":23.0,"key":"SMITH"},{"floor":30,"key":"REST"},{"floor":32,"key":"REST"}],"neow_cost":"NONE","seed_source_timestamp":0,"circlet_count":0,"master_deck":["Strike_R","Strike_R+1","Strike_R","Strike_R+1","Defend_R","Defend_R","Defend_R","Defend_R","Bash+1","Body Slam+1","True Grit+1","Dual Wield","Iron Wave+1","Shrug It Off","Clothesline+1","Immolate","Cleave","Anger","Rage","Flex+1","True Grit","Impervious","Rage+1","True Grit+1","Feed","Shockwave"],"special_seed":0,"relics":["Burning Blood","Question Card","Bronze Scales","Golden Idol","Pen Nib","Black Star","Oddly Smooth Stone","Matryoshka","Dream Catcher","Bag of Marbles"],"potions_floor_usage":[27,31],"damage_taken":[{"damage":0.0,"enemies":"2 Louse","floor":1.0,"turns":3.0},{"damage":5.0,"enemies":"Small Slimes","floor":3.0,"turns":4.0},{"damage":1.0,"enemies":"Cultist","floor":8.0,"turns":3.0},{"damage":11.0,"enemies":"Lagavulin","floor":14.0,"turns":8.0},{"damage":15.0,"enemies":"The Guardian","floor":16.0,"turns":12.0},{"damage":31.0,"enemies":"Spheric Guardian","floor":18.0,"turns":6.0},{"damage":2.0,"enemies":"Chosen","floor":19.0,"turns":5.0},{"damage":15.0,"enemies":"Snake Plant","floor":22.0,"turns":4.0},{"damage":29.0,"enemies":"Sentry and Sphere","floor":25.0,"turns":7.0},{"damage":26,"enemies":"Gremlin Leader","floor":27,"turns":9},{"damage":0,"enemies":"Chosen and Byrds","floor":28,"turns":2},{"damage":19,"enemies":"Shelled Parasite and Fungi","floor":31,"turns":6},{"damage":86,"enemies":"Collector","floor":33,"turns":8}],"seed_played":"-7479259586330527454","potions_obtained":[{"floor":14.0,"key":"SpeedPotion"},{"floor":18.0,"key":"Regen Potion"},{"floor":22.0,"key":"Weak Potion"},{"floor":28,"key":"EssenceOfSteel"}],"is_trial":false,"path_per_floor":["M","?","M","?","?","R","T","M","T","?","$","R","?","E","R","B","B",null,"M","M","?","$","M","R","?","M","T","E","M","$","R","M","R","B"],"character_chosen":"IRONCLAD","items_purchased":["Iron Wave","Shrug It Off","Oddly Smooth Stone","Rage"],"campfire_rested":2,"item_purchase_floors":[11,11,21,21],"current_hp_per_floor":[88,70,71,71,60,60,60,65,65,65,65,65,65,60,60,51,88,63,67,67,67,70,70,70,47,47,27,33,33,59,46,72,0],"gold":18,"neow_bonus":"TEN_PERCENT_HP_BONUS","is_prod":false,"is_daily":false,"chose_seed":false,"campfire_upgraded":4,"win_rate":0,"timestamp":1546194133,"path_taken":["M","?","M","?","?","R","?","M","T","?","$","R","?","E","R","BOSS","BOSS","M","M","?","$","M","R","?","M","T","E","?","?","R","M","R","BOSS"],"build_version":"2018-12-20","purchased_purges":2,"victory":false,"max_hp_per_floor":[88,88,88,88,88,88,88,88,88,88,88,88,88,88,88,88,88,88,88,88,88,88,88,88,88,88,88,88,88,88,88,88,88],"card_choices":[{"not_picked":["Anger","Clash"],"picked":"Body Slam","floor":1.0},{"not_picked":["Ghostly Armor","Rupture"],"picked":"True Grit","floor":3.0},{"not_picked":["Heavy Blade","Twin Strike","Dark Embrace"],"picked":"Dual Wield","floor":8.0},{"not_picked":["Spot Weakness","Clash","Thunderclap"],"picked":"Clothesline","floor":14.0},{"not_picked":["Dark Embrace","Feed","Berserk"],"picked":"Immolate","floor":16.0},{"not_picked":["Sword Boomerang","Anger","Clothesline"],"picked":"Cleave","floor":18.0},{"not_picked":["Wild Strike","Twin Strike","Perfected Strike"],"picked":"Anger","floor":19.0},{"not_picked":["Twin Strike","Warcry","Uppercut"],"picked":"Flex+1","floor":22.0},{"not_picked":["Infernal Blade+1","Headbutt","Clash+1"],"picked":"True Grit","floor":25.0},{"not_picked":["Demon Form","Inflame","Entrench+1"],"picked":"Impervious","floor":27},{"not_picked":["Headbutt","Anger+1","Clothesline"],"picked":"Rage+1","floor":28},{"not_picked":["Clash+1","Pommel Strike+1","Anger"],"picked":"True Grit+1","floor":30},{"not_picked":["Spot Weakness","Seeing Red","Thunderclap"],"picked":"Feed","floor":31},{"not_picked":["Cleave","Evolve","Dual Wield+1"],"picked":"Shockwave","floor":32}],"player_experience":76806,"relics_obtained":[{"floor":7.0,"key":"Question Card"},{"floor":9.0,"key":"Bronze Scales"},{"floor":14.0,"key":"Pen Nib"},{"floor":26.0,"key":"Matryoshka"},{"floor":27,"key":"Dream Catcher"},{"floor":27,"key":"Bag of Marbles"}],"event_choices":[{"damage_healed":0.0,"max_hp_gain":0.0,"max_hp_loss":0.0,"gold_gain":0.0,"event_name":"Shining Light","player_choice":"Entered Light","floor":2.0,"gold_loss":0.0,"damage_taken":18.0,"cards_upgraded":["Strike_R","Strike_R"]},{"damage_healed":0.0,"max_hp_gain":0.0,"max_hp_loss":0.0,"gold_gain":0.0,"event_name":"Liars Game","player_choice":"Ignored","floor":4.0,"gold_loss":0.0,"damage_taken":0.0},{"damage_healed":0.0,"max_hp_gain":0.0,"max_hp_loss":0.0,"gold_gain":75.0,"event_name":"World of Goop","player_choice":"Gather Gold","floor":5.0,"gold_loss":0.0,"damage_taken":11.0},{"damage_healed":0.0,"max_hp_gain":0.0,"max_hp_loss":0.0,"gold_gain":0.0,"event_name":"Golden Idol","player_choice":"Take Wound","floor":10.0,"gold_loss":0.0,"damage_taken":0.0,"relics_obtained":["Golden Idol"],"cards_obtained":["Injury"]},{"damage_healed":0.0,"max_hp_gain":0.0,"max_hp_loss":0.0,"gold_gain":0.0,"event_name":"Living Wall","player_choice":"Grow","floor":13.0,"gold_loss":0.0,"damage_taken":0.0,"cards_upgraded":["Iron Wave"]},{"cards_removed":["Strike_R"],"damage_healed":0.0,"max_hp_gain":0.0,"max_hp_loss":0.0,"gold_gain":0.0,"event_name":"Beggar","player_choice":"Gave Gold","floor":20.0,"gold_loss":75.0,"damage_taken":0.0},{"damage_healed":0.0,"max_hp_gain":0.0,"max_hp_loss":0.0,"gold_gain":0.0,"event_name":"Wheel of Change","player_choice":"Cursed","floor":24.0,"gold_loss":0.0,"damage_taken":0.0,"cards_obtained":["Decay"]}],"is_beta":false,"boss_relics":[{"not_picked":["White Beast Statue","Coffee Dripper"],"picked":"Black Star"}],"items_purged_floors":[11,29],"is_endless":false,"potions_floor_spawned":[14,18,22,28],"killed_by":"Collector","ascension_level":1}