{"gold_per_floor":[114,126,140,140,153,153,189,213,213,213,213,238,238,258,258,386,386,401,401,122,146,146,146,146,177,200,200,232,243,243,271,271,375,375,385,385,399,414,85,112,22,50,76,76,91,122,139,139],"floor_reached":48,"playtime":3129,"items_purged":["Strike_B","Reprogram"],"score":580,"play_id":"7c6e509b-c5c1-4557-8da1-f98d4d48b092","local_time":"20190721204652","is_ascension_mode":false,"campfire_choices":[{"data":"Darkness","floor":6,"key":"SMITH"},{"data":"Dualcast","floor":10,"key":"SMITH"},{"floor":13,"key":"REST"},{"data":"Beam Cell","floor":15,"key":"SMITH"},{"data":"Fission","floor":23,"key":"SMITH"},{"data":"Loop","floor":27,"key":"SMITH"},{"data":"Leap","floor":32,"key":"SMITH"},{"floor":44,"key":"RECALL"}],"neow_cost":"NONE","seed_source_timestamp":868675854431200,"circlet_count":0,"master_deck":["Zap+1","Dualcast+1","Melter","Darkness+1","Beam Cell+1","Loop+1","Conserve Battery","Capacitor","Compile Driver","Cold Snap","Fission+1","Barrage","Ball Lightning","Stack","Sunder+1","Leap+1","Coolheaded+1","Streamline+1","Core Surge+1","Chill","Undo","Rainbow","Sunder+1","Leap+1","Redo+1","Redo","Loop","Cold Snap+1","Barrage+1","Core Surge+1","Compile Driver+1"],"relics":["Cracked Core","Bloody Idol","Orichalcum","Matryoshka","Velvet Choker","Centennial Puzzle","Molten Egg 2","Symbiotic Virus","Strawberry","Darkstone Periapt","Omamori","Pandora\u0027s Box","Happy Flower","Boot","Girya","Bag of Preparation","Juzu Bracelet"],"potions_floor_usage":[28,31,33,33,46,46],"damage_taken":[{"damage":2,"enemies":"Jaw Worm","floor":1,"turns":4},{"damage":0,"enemies":"2 Louse","floor":2,"turns":1},{"damage":1,"enemies":"Cultist","floor":3,"turns":3},{"damage":3,"enemies":"Exordium Wildlife","floor":5,"turns":3},{"damage":26,"enemies":"Lagavulin","floor":7,"turns":6},{"damage":0,"enemies":"Large Slime","floor":8,"turns":5},{"damage":3,"enemies":"2 Fungi Beasts","floor":12,"turns":4},{"damage":7,"enemies":"3 Louse","floor":14,"turns":4},{"damage":24,"enemies":"The Guardian","floor":16,"turns":9},{"damage":0,"enemies":"Spheric Guardian","floor":18,"turns":2},{"damage":13,"enemies":"Shell Parasite","floor":21,"turns":3},{"damage":25,"enemies":"Book of Stabbing","floor":25,"turns":5},{"damage":32,"enemies":"Slavers","floor":28,"turns":3},{"damage":7,"enemies":"Centurion and Healer","floor":29,"turns":5},{"damage":9,"enemies":"Book of Stabbing","floor":31,"turns":5},{"damage":28,"enemies":"Collector","floor":33,"turns":6},{"damage":5,"enemies":"3 Shapes","floor":35,"turns":6},{"damage":1,"enemies":"3 Darklings","floor":37,"turns":5},{"damage":7,"enemies":"Writhing Mass","floor":38,"turns":6},{"damage":33,"enemies":"Reptomancer","floor":40,"turns":9},{"damage":10,"enemies":"Nemesis","floor":42,"turns":5},{"damage":0,"enemies":"4 Shapes","floor":45,"turns":4},{"damage":46,"enemies":"Giant Head","floor":46,"turns":9},{"damage":20,"enemies":"Transient","floor":47,"turns":5},{"damage":12,"enemies":"Writhing Mass","floor":48,"turns":2}],"seed_played":"4300661930408134197","potions_obtained":[{"floor":1,"key":"FearPotion"},{"floor":3,"key":"SteroidPotion"},{"floor":8,"key":"Energy Potion"},{"floor":16,"key":"Ancient Potion"},{"floor":28,"key":"Weak Potion"},{"floor":31,"key":"SteroidPotion"},{"floor":33,"key":"PowerPotion"},{"floor":37,"key":"Strength Potion"},{"floor":38,"key":"Block Potion"},{"floor":47,"key":"Strength Potion"}],"is_trial":false,"path_per_floor":["M","M","M","?","M","R","E","M","T","R","?","M","R","M","R","B",null,"M","?","$","M","?","R","?","E","T","R","E","M","?","E","R","B",null,"M","?","M","M","$","E","?","E","T","R","M","E","M","M"],"character_chosen":"DEFECT","items_purchased":["Ball Lightning","Centennial Puzzle","Happy Flower","Loop"],"campfire_rested":1,"item_purchase_floors":[20,20,39,39],"current_hp_per_floor":[80,80,79,59,56,56,30,30,30,30,30,27,51,44,44,20,82,82,82,82,69,69,69,69,49,61,61,34,32,61,57,57,34,89,89,89,89,87,87,59,59,54,59,59,64,23,8,0],"gold":139,"neow_bonus":"TEN_PERCENT_HP_BONUS","is_prod":false,"is_daily":false,"chose_seed":false,"campfire_upgraded":6,"win_rate":0,"timestamp":1563734812,"path_taken":["M","M","M","?","M","R","E","M","T","R","?","?","R","M","R","BOSS","M","?","$","M","?","R","?","E","T","R","E","M","?","E","R","BOSS","M","?","M","M","$","E","?","E","T","R","?","E","M","M"],"build_version":"2019-07-17","purchased_purges":2,"victory":false,"max_hp_per_floor":[82,82,82,82,82,82,82,82,82,82,82,82,82,82,82,82,82,82,82,82,82,82,82,82,82,89,89,89,89,89,89,89,89,89,89,89,89,89,89,89,89,89,89,89,89,89,89,89],"card_choices":[{"not_picked":["Rip and Tear","White Noise"],"picked":"Melter","floor":1},{"not_picked":["Leap","Capacitor"],"picked":"Darkness","floor":2},{"not_picked":["Hologram","Gash"],"picked":"Beam Cell","floor":3},{"not_picked":["Rip and Tear","Coolheaded"],"picked":"Loop","floor":5},{"not_picked":["All For One","Turbo"],"picked":"Conserve Battery","floor":7},{"not_picked":["Undo","Cold Snap"],"picked":"Capacitor","floor":8},{"not_picked":["Gash","Go for the Eyes"],"picked":"Compile Driver","floor":12},{"not_picked":["Coolheaded","Sunder"],"picked":"Cold Snap","floor":14},{"not_picked":["Machine Learning","Rainbow"],"picked":"Fission","floor":16},{"not_picked":["Hologram","Static Discharge"],"picked":"Barrage","floor":18},{"not_picked":["Rebound","Force Field"],"picked":"Stack","floor":21},{"not_picked":["Go for the Eyes","Gash+1"],"picked":"Sunder","floor":25},{"not_picked":["Heatsinks+1","Go for the Eyes+1"],"picked":"Leap","floor":28},{"not_picked":["Go for the Eyes+1","Ball Lightning+1"],"picked":"Coolheaded+1","floor":29},{"not_picked":["Steam Power+1","White Noise"],"picked":"Streamline+1","floor":31},{"not_picked":["Rainbow","Amplify"],"picked":"Core Surge+1","floor":33},{"not_picked":["Blizzard+1","Static Discharge"],"picked":"Leap+1","floor":35},{"not_picked":["Rebound+1","Hologram+1"],"picked":"Redo+1","floor":37},{"not_picked":["Streamline+1","Steam+1"],"picked":"Redo","floor":38},{"not_picked":["Fusion","Hyperbeam+1","Aggregate+1"],"picked":"SKIP","floor":40},{"not_picked":["Coolheaded+1","Chill"],"picked":"Cold Snap+1","floor":42},{"not_picked":["Sunder+1","Coolheaded+1"],"picked":"Barrage+1","floor":45},{"not_picked":["Double Energy+1","Gash+1"],"picked":"Core Surge+1","floor":46},{"not_picked":["Streamline+1","Double Energy"],"picked":"Compile Driver+1","floor":47}],"player_experience":305102,"relics_obtained":[{"floor":7,"key":"Orichalcum"},{"floor":9,"key":"Matryoshka"},{"floor":25,"key":"Molten Egg 2"},{"floor":26,"key":"Symbiotic Virus"},{"floor":26,"key":"Strawberry"},{"floor":28,"key":"Darkstone Periapt"},{"floor":31,"key":"Omamori"},{"floor":40,"key":"Boot"},{"floor":42,"key":"Girya"},{"floor":43,"key":"Bag of Preparation"},{"floor":46,"key":"Juzu Bracelet"}],"event_choices":[{"damage_healed":0,"gold_gain":0,"player_choice":"Take Damage","damage_taken":20,"relics_obtained":["Golden Idol"],"max_hp_gain":0,"max_hp_loss":0,"event_name":"Golden Idol","floor":4,"gold_loss":0},{"damage_healed":0,"gold_gain":0,"player_choice":"Ignored","damage_taken":0,"max_hp_gain":0,"max_hp_loss":0,"event_name":"NoteForYourself","floor":11,"gold_loss":0},{"damage_healed":0,"gold_gain":0,"player_choice":"Ignored","damage_taken":0,"max_hp_gain":0,"max_hp_loss":0,"event_name":"Vampires","floor":19,"gold_loss":0},{"cards_removed":["Strike_B"],"damage_healed":0,"gold_gain":0,"player_choice":"Elegance","damage_taken":0,"max_hp_gain":0,"max_hp_loss":0,"event_name":"Back to Basics","floor":22,"gold_loss":0},{"damage_healed":0,"gold_gain":0,"player_choice":"Gave Idol","damage_taken":0,"relics_obtained":["Bloody Idol"],"max_hp_gain":0,"max_hp_loss":0,"event_name":"Forgotten Altar","floor":24,"relics_lost":["Golden Idol"],"gold_loss":0},{"damage_healed":29,"gold_gain":0,"player_choice":"Heal","damage_taken":0,"max_hp_gain":0,"max_hp_loss":0,"event_name":"The Library","floor":30,"gold_loss":0},{"damage_healed":0,"gold_gain":0,"player_choice":"Ignored","damage_taken":0,"max_hp_gain":0,"max_hp_loss":0,"event_name":"Tomb of Lord Red Mask","floor":36,"gold_loss":0},{"cards_removed":["Aggregate"],"damage_healed":0,"gold_gain":0,"player_choice":"Upgrade and Remove","damage_taken":0,"max_hp_gain":0,"max_hp_loss":0,"event_name":"Designer","floor":41,"gold_loss":90,"cards_upgraded":["Zap"]}],"is_beta":false,"boss_relics":[{"not_picked":["Coffee Dripper","Ectoplasm"],"picked":"Velvet Choker"},{"not_picked":["Sozu","Orrery"],"picked":"Pandora\u0027s Box"}],"items_purged_floors":[20,39],"is_endless":false,"potions_floor_spawned":[1,3,8,12,16,28,29,31,33,37,38,47],"killed_by":"Writhing Mass","ascension_level":0}