{"gold_per_floor":[11,11,11,26,39,39,63,104,185,9,9,32,32,71,71,202,202,227,262,64,77,100,143,163,179,179,203,203,222,222,246,246,372,372,391,407,431,12,36,76,96,120,120,220,40,40,40,58,58,58,58,58,9,43,43],"floor_reached":56,"playtime":4723,"items_purged":["Berserk","Injury"],"score":1215,"play_id":"49cd6f16-5a67-490d-a18d-1ff23a8f0255","local_time":"20190325202646","is_ascension_mode":false,"campfire_choices":[{"data":"Spot Weakness","floor":6,"key":"SMITH"},{"floor":13,"key":"REST"},{"data":"Pummel","floor":15,"key":"SMITH"},{"floor":28,"key":"REST"},{"data":"Flame Barrier","floor":32,"key":"SMITH"},{"floor":46,"key":"RECALL"},{"floor":49,"key":"REST"},{"data":"Corruption","floor":52,"key":"SMITH"}],"neow_cost":"NO_GOLD","seed_source_timestamp":199636879494600,"circlet_count":0,"master_deck":["Bash+1","Impervious","Power Through","Spot Weakness+1","Evolve","Shrug It Off","Rampage","Havoc+1","Pummel+1","Inflame","Ghostly Armor","Immolate","Havoc","Demon Form","Sentinel","Sword Boomerang","Pummel","Sword Boomerang","Rampage","Heavy Blade","Flame Barrier+1","Heavy Blade","Reaper","Burning Pact","Reckless Charge","Feel No Pain+1","Defend_R","Double Tap","Corruption+1","Feel No Pain","Pummel","Double Tap","Havoc","Second Wind+1","Juggernaut","Infernal Blade+1","Shrug It Off+1"],"relics":["Burning Blood","Golden Idol","Dead Branch","Whetstone","Bottled Tornado","Potion Belt","Pandora\u0027s Box","Red Mask","Frozen Eye","Ancient Tea Set","Question Card","Cursed Key","Blood Vial","Self Forming Clay","Oddly Smooth Stone"],"potions_floor_usage":[8,16,21,23,23,31,33,33,36,42,42,50,54,55,55],"damage_taken":[{"damage":6,"enemies":"Jaw Worm","floor":1,"turns":4},{"damage":2,"enemies":"Small Slimes","floor":4,"turns":4},{"damage":1,"enemies":"Cultist","floor":5,"turns":6},{"damage":5,"enemies":"Exordium Thugs","floor":7,"turns":5},{"damage":36,"enemies":"Gremlin Nob","floor":8,"turns":6},{"damage":2,"enemies":"3 Louse","floor":12,"turns":3},{"damage":18,"enemies":"3 Sentries","floor":14,"turns":7},{"damage":11,"enemies":"Slime Boss","floor":16,"turns":9},{"damage":16,"enemies":"Chosen","floor":18,"turns":6},{"damage":29,"enemies":"Masked Bandits","floor":19,"turns":4},{"damage":13,"enemies":"Shell Parasite","floor":21,"turns":3},{"damage":5,"enemies":"Snecko","floor":22,"turns":5},{"damage":7,"enemies":"Book of Stabbing","floor":23,"turns":5},{"damage":16,"enemies":"Shelled Parasite and Fungi","floor":24,"turns":5},{"damage":14,"enemies":"Centurion and Healer","floor":25,"turns":4},{"damage":20,"enemies":"Cultist and Chosen","floor":27,"turns":8},{"damage":6,"enemies":"Chosen and Byrds","floor":29,"turns":4},{"damage":20,"enemies":"Snake Plant","floor":31,"turns":6},{"damage":22,"enemies":"Champ","floor":33,"turns":10},{"damage":22,"enemies":"3 Darklings","floor":35,"turns":8},{"damage":34,"enemies":"3 Shapes","floor":36,"turns":4},{"damage":19,"enemies":"Jaw Worm Horde","floor":37,"turns":5},{"damage":9,"enemies":"3 Darklings","floor":39,"turns":3},{"damage":29,"enemies":"Giant Head","floor":40,"turns":8},{"damage":9,"enemies":"Writhing Mass","floor":41,"turns":7},{"damage":13,"enemies":"4 Shapes","floor":42,"turns":3},{"damage":11,"enemies":"Maw","floor":48,"turns":6},{"damage":52,"enemies":"Awakened One","floor":50,"turns":10},{"damage":25,"enemies":"Shield and Spear","floor":54,"turns":5},{"damage":31,"enemies":"The Heart","floor":55,"turns":9}],"seed_played":"-5200443467965709568","potions_obtained":[{"floor":5,"key":"Regen Potion"},{"floor":8,"key":"Energy Potion"},{"floor":14,"key":"Weak Potion"},{"floor":16,"key":"Energy Potion"},{"floor":18,"key":"Energy Potion"},{"floor":21,"key":"SteroidPotion"},{"floor":25,"key":"Regen Potion"},{"floor":27,"key":"Poison Potion"},{"floor":35,"key":"Fire Potion"},{"floor":37,"key":"SkillPotion"},{"floor":40,"key":"Dexterity Potion"},{"floor":42,"key":"FearPotion"},{"floor":54,"key":"SkillPotion"}],"is_trial":false,"path_per_floor":["M","?","?","M","M","R","M","E","T","$","?","M","R","E","R","B",null,"M","?","$","M","M","E","M","M","T","M","R","M","?","M","R","B",null,"M","M","M","$","M","E","M","M","T","?","$","R","?","M","R","B",null,"R","$","E","B",null],"character_chosen":"IRONCLAD","items_purchased":["Havoc","Pummel","Dexterity Potion","Frozen Eye","Blood Vial","Feel No Pain","Pummel","Block Potion","Juggernaut","PowerPotion"],"campfire_rested":3,"item_purchase_floors":[10,10,10,20,38,38,38,38,45,53],"current_hp_per_floor":[80,60,42,46,51,51,52,37,37,37,37,41,65,53,53,48,80,70,47,47,40,41,40,30,22,22,23,47,47,47,58,58,42,80,72,44,32,32,31,24,23,42,42,42,42,42,42,55,79,49,80,80,80,61,44],"gold":43,"neow_bonus":"THREE_RARE_CARDS","is_prod":false,"is_daily":false,"chose_seed":false,"campfire_upgraded":4,"win_rate":0,"timestamp":1553542006,"path_taken":["M","?","?","M","M","R","M","E","T","$","?","?","R","E","R","BOSS","M","?","$","M","M","E","M","M","T","M","R","M","?","M","R","BOSS","M","M","M","$","?","E","M","M","T","?","?","R","?","M","R","BOSS","R","$","E","BOSS"],"build_version":"2019-01-23","purchased_purges":2,"victory":true,"max_hp_per_floor":[80,80,80,80,80,80,80,80,80,80,80,80,80,80,80,80,80,80,80,80,80,80,80,80,80,80,80,80,80,80,80,80,80,80,80,80,80,80,80,80,80,80,80,80,80,80,80,80,80,80,80,80,80,80,80],"card_choices":[{"not_picked":["Bludgeon","Feed"],"picked":"Impervious","floor":0},{"not_picked":["Clothesline","Clash"],"picked":"Power Through","floor":1},{"not_picked":["Wild Strike","Clothesline"],"picked":"Spot Weakness","floor":4},{"not_picked":["Pommel Strike","Dual Wield"],"picked":"Evolve","floor":5},{"not_picked":["Flex","Dual Wield"],"picked":"Shrug It Off","floor":7},{"not_picked":["Searing Blow","Cleave"],"picked":"Rampage","floor":8},{"not_picked":["Warcry","Perfected Strike"],"picked":"Inflame","floor":12},{"not_picked":["Flex","Evolve"],"picked":"Ghostly Armor","floor":14},{"not_picked":["Barricade","Feed"],"picked":"Immolate","floor":16},{"not_picked":["Entrench","Flex"],"picked":"Flame Barrier","floor":18},{"not_picked":["Shrug It Off","Twin Strike"],"picked":"True Grit+1","floor":19},{"not_picked":["Hemokinesis","Headbutt"],"picked":"Heavy Blade","floor":21},{"not_picked":["Ghostly Armor","Headbutt+1"],"picked":"Reaper","floor":22},{"not_picked":["Spot Weakness","Evolve","Cleave"],"picked":"SKIP","floor":23},{"not_picked":["Flex","Anger+1"],"picked":"Burning Pact","floor":24},{"not_picked":["Shrug It Off+1","Havoc"],"picked":"Reckless Charge","floor":25},{"not_picked":["Feed","Thunderclap+1","Spot Weakness"],"picked":"Feel No Pain+1","floor":27},{"not_picked":["Anger+1","Thunderclap+1","Dual Wield","Clash"],"picked":"SKIP","floor":29},{"not_picked":["Headbutt","Demon Form","Heavy Blade","Pommel Strike+1"],"picked":"SKIP","floor":31},{"not_picked":["Reaper","Berserk","Dark Embrace"],"picked":"Double Tap","floor":33},{"not_picked":["Clash+1","Sword Boomerang+1","Combust+1","Perfected Strike"],"picked":"SKIP","floor":35},{"not_picked":["Pommel Strike","Burning Pact","Headbutt+1","Twin Strike"],"picked":"SKIP","floor":36},{"not_picked":["Wild Strike+1","Flex+1","Battle Trance+1"],"picked":"Corruption","floor":37},{"not_picked":["Wild Strike","Rupture","Clothesline+1"],"picked":"Double Tap","floor":39},{"not_picked":["Body Slam","Brutality","Corruption+1"],"picked":"Havoc","floor":40},{"not_picked":["Clash","Warcry","Heavy Blade"],"picked":"Second Wind+1","floor":41},{"not_picked":["Sword Boomerang+1","Inflame+1","Body Slam","Armaments"],"picked":"SKIP","floor":42},{"not_picked":["Body Slam","Flex+1","Sever Soul"],"picked":"Infernal Blade+1","floor":48},{"not_picked":["Metallicize+1","Cleave","Flame Barrier+1"],"picked":"Shrug It Off+1","floor":54}],"player_experience":260356,"relics_obtained":[{"floor":8,"key":"Whetstone"},{"floor":9,"key":"Bottled Tornado"},{"floor":14,"key":"Potion Belt"},{"floor":19,"key":"Red Mask"},{"floor":23,"key":"Ancient Tea Set"},{"floor":26,"key":"Question Card"},{"floor":40,"key":"Self Forming Clay"},{"floor":54,"key":"Oddly Smooth Stone"}],"event_choices":[{"damage_healed":0,"gold_gain":0,"player_choice":"Take Damage","damage_taken":20,"relics_obtained":["Golden Idol"],"max_hp_gain":0,"max_hp_loss":0,"event_name":"Golden Idol","floor":2,"gold_loss":0},{"damage_healed":0,"gold_gain":0,"player_choice":"Success","damage_taken":18,"relics_obtained":["Dead Branch"],"max_hp_gain":0,"max_hp_loss":0,"event_name":"Scrap Ooze","floor":3,"gold_loss":0},{"damage_healed":0,"gold_gain":0,"player_choice":"Forge","damage_taken":0,"max_hp_gain":0,"max_hp_loss":0,"event_name":"Accursed Blacksmith","floor":11,"gold_loss":0,"cards_upgraded":["Havoc"]},{"damage_healed":0,"gold_gain":0,"player_choice":"Fought Bandits","damage_taken":0,"max_hp_gain":0,"max_hp_loss":0,"event_name":"Masked Bandits","floor":19,"gold_loss":0},{"cards_removed":["True Grit"],"damage_healed":0,"gold_gain":0,"player_choice":"Took Card","damage_taken":0,"max_hp_gain":0,"max_hp_loss":0,"event_name":"NoteForYourself","floor":30,"gold_loss":0,"cards_obtained":["Defend_R"]},{"damage_healed":0,"gold_gain":100,"player_choice":"Pray","damage_taken":0,"max_hp_gain":0,"max_hp_loss":0,"event_name":"Golden Shrine","floor":44,"gold_loss":0},{"damage_healed":0,"gold_gain":0,"player_choice":"Ignored","damage_taken":0,"max_hp_gain":0,"max_hp_loss":0,"event_name":"Mysterious Sphere","floor":47,"gold_loss":0}],"is_beta":false,"boss_relics":[{"not_picked":["Eternal Feather","Philosopher\u0027s Stone"],"picked":"Pandora\u0027s Box"},{"not_picked":["Runic Dome","Tiny House"],"picked":"Cursed Key"}],"items_purged_floors":[38,45],"is_endless":false,"potions_floor_spawned":[5,8,14,16,18,21,25,27,35,37,40,42,54],"ascension_level":0}