{"gold_per_floor":[117,117,127,107,123,123,136,161,161,192,208,238,238,253,253,327,327,345,345,66,95,95,95,111,111,134,134,134],"floor_reached":28,"playtime":798,"items_purged":[],"score":413,"play_id":"2205a12a-ab5e-4ede-b886-cb080488bfd0","local_time":"20190801213846","is_ascension_mode":true,"campfire_choices":[{"data":"Doom and Gloom","floor":6,"key":"SMITH"},{"data":"White Noise","floor":13,"key":"SMITH"},{"data":"Strike_B","floor":15,"key":"PURGE"},{"data":"Writhe","floor":23,"key":"PURGE"},{"data":"Strike_B","floor":25,"key":"PURGE"},{"data":"Clumsy","floor":27,"key":"PURGE"}],"neow_cost":"NONE","seed_source_timestamp":1913668234054469,"circlet_count":0,"master_deck":["AscendersBane","Strike_B","Strike_B","Defend_B","Defend_B","Defend_B","Defend_B","Zap+1","Dualcast","Cold Snap","Doom and Gloom+1","Chill","Coolheaded","Undo","White Noise+1","Core Surge","Hologram","Electrodynamics","Genetic Algorithm"],"relics":["Cracked Core","Peace Pipe","Symbiotic Virus","Bottled Lightning","Bird Faced Urn","Cursed Key","OrangePellets","Red Mask","Mummified Hand","Art of War"],"potions_floor_usage":[8,12,16,28],"damage_taken":[{"damage":7,"enemies":"Jaw Worm","floor":1,"turns":3},{"damage":0,"enemies":"2 Louse","floor":3,"turns":2},{"damage":0,"enemies":"Cultist","floor":5,"turns":3},{"damage":4,"enemies":"Looter","floor":7,"turns":3},{"damage":15,"enemies":"3 Sentries","floor":8,"turns":4},{"damage":11,"enemies":"Gremlin Nob","floor":10,"turns":3},{"damage":6,"enemies":"Blue Slaver","floor":11,"turns":2},{"damage":5,"enemies":"Lagavulin","floor":12,"turns":5},{"damage":0,"enemies":"Exordium Thugs","floor":14,"turns":4},{"damage":9,"enemies":"Slime Boss","floor":16,"turns":7},{"damage":3,"enemies":"Shell Parasite","floor":18,"turns":6},{"damage":30,"enemies":"Masked Bandits","floor":21,"turns":4},{"damage":0,"enemies":"Chosen","floor":24,"turns":4},{"damage":46,"enemies":"Book of Stabbing","floor":28,"turns":7}],"seed_played":"-6695705668988315720","potions_obtained":[{"floor":1,"key":"Explosive Potion"},{"floor":4,"key":"SpeedPotion"},{"floor":10,"key":"Fire Potion"},{"floor":11,"key":"Regen Potion"},{"floor":12,"key":"Dexterity Potion"},{"floor":16,"key":"SteroidPotion"}],"is_trial":false,"path_per_floor":["M","?","M","?","M","R","M","E","T","E","M","E","R","M","R","B",null,"M","$","$","?","T","R","M","R","T","R","E"],"character_chosen":"DEFECT","items_purchased":["OrangePellets","Genetic Algorithm"],"campfire_rested":0,"item_purchase_floors":[20,20],"current_hp_per_floor":[57,57,57,57,57,57,53,38,38,27,21,30,30,32,32,25,60,61,61,61,35,35,35,39,39,39,39,0],"gold":134,"neow_bonus":"THREE_CARDS","is_prod":false,"is_daily":false,"chose_seed":false,"campfire_upgraded":2,"win_rate":0,"timestamp":1564709926,"path_taken":["M","?","M","?","M","R","M","E","T","E","M","E","R","M","R","BOSS","M","?","$","?","?","R","M","R","T","R","E"],"build_version":"2019-07-17","purchased_purges":0,"victory":false,"max_hp_per_floor":[71,71,71,71,71,71,71,71,71,71,71,71,71,71,71,71,71,71,71,71,71,71,71,71,71,71,71,71],"card_choices":[{"not_picked":["Redo","Coolheaded"],"picked":"Cold Snap","floor":0},{"not_picked":["Rip and Tear","Barrage"],"picked":"Doom and Gloom","floor":1},{"not_picked":["Blizzard","Chaos","Redo"],"picked":"SKIP","floor":3},{"not_picked":["Barrage","Sweeping Beam"],"picked":"Chill","floor":5},{"not_picked":["Steam","Skim"],"picked":"Coolheaded","floor":7},{"not_picked":["Streamline","Lockon"],"picked":"Undo","floor":8},{"not_picked":["Redo","Streamline"],"picked":"White Noise","floor":10},{"not_picked":["Fusion","Coolheaded","Leap"],"picked":"SKIP","floor":11},{"not_picked":["Aggregate","Leap"],"picked":"Core Surge","floor":12},{"not_picked":["Steam","Beam Cell"],"picked":"Hologram","floor":14},{"not_picked":["Creative AI","Fission"],"picked":"Electrodynamics","floor":16},{"not_picked":["Redo","Conserve Battery","Double Energy+1"],"picked":"SKIP","floor":18},{"not_picked":["Beam Cell","Turbo","Leap"],"picked":"SKIP","floor":24}],"player_experience":2632554,"relics_obtained":[{"floor":8,"key":"Peace Pipe"},{"floor":9,"key":"Symbiotic Virus"},{"floor":10,"key":"Bottled Lightning"},{"floor":12,"key":"Bird Faced Urn"},{"floor":21,"key":"Red Mask"},{"floor":22,"key":"Mummified Hand"},{"floor":26,"key":"Art of War"}],"event_choices":[{"damage_healed":0,"gold_gain":0,"player_choice":"Grow","damage_taken":0,"max_hp_gain":0,"max_hp_loss":0,"event_name":"Living Wall","floor":2,"gold_loss":0,"cards_upgraded":["Zap"]},{"damage_healed":0,"gold_gain":0,"player_choice":"Bought 1 Potion","damage_taken":0,"max_hp_gain":0,"max_hp_loss":0,"event_name":"The Woman in Blue","floor":4,"gold_loss":0},{"damage_healed":0,"gold_gain":0,"player_choice":"Fought Bandits","damage_taken":0,"max_hp_gain":0,"max_hp_loss":0,"event_name":"Masked Bandits","floor":21,"gold_loss":0}],"is_beta":false,"boss_relics":[{"not_picked":["Busted Crown","Calling Bell"],"picked":"Cursed Key"}],"items_purged_floors":[],"is_endless":false,"potions_floor_spawned":[1,10,11,12,16,18,21],"killed_by":"Book of Stabbing","ascension_level":15}