{"gold_per_floor":[119,119,139,150,166,166,184,184,184,184,211,211,136,164,164,235,235,253,61,81,81,97,97,123,143,168,201,201,236,255,269,269,343,343,358,358,52,65,1064,1064,1093,1033,1033,1033,1044,1061,1087,1099,1099,1099,1099,1099,175,210,210],"floor_reached":55,"playtime":2104,"items_purged":["Pain","Strike_B","Normality"],"score":1382,"play_id":"02e8d703-82e5-4488-902c-e049da30340f","local_time":"20190623201244","is_ascension_mode":true,"campfire_choices":[{"floor":6,"key":"REST"},{"floor":10,"key":"REST"},{"data":"Coolheaded","floor":12,"key":"SMITH"},{"data":"Steam","floor":15,"key":"SMITH"},{"floor":23,"key":"REST"},{"floor":28,"key":"RECALL"},{"floor":32,"key":"REST"},{"floor":40,"key":"REST"},{"floor":44,"key":"REST"},{"floor":49,"key":"REST"},{"floor":52,"key":"REST"}],"neow_cost":"NONE","seed_source_timestamp":863544916760062,"circlet_count":0,"master_deck":["AscendersBane","Strike_B","Strike_B","Strike_B","Defend_B","Defend_B","Defend_B","Defend_B","Zap+1","Dualcast","Steam+1","Cold Snap","Coolheaded+1","Doom and Gloom","Core Surge","Biased Cognition","Compile Driver+1","Hologram","Genetic Algorithm","Consume","Compile Driver","Hologram","Coolheaded","Biased Cognition","Ball Lightning"],"relics":["Cracked Core","WarpedTongs","Kunai","Mercury Hourglass","Singing Bowl","Potion Belt","Fusion Hammer","Runic Capacitor","Regal Pillow","Lantern","PreservedInsect","Omamori","Cursed Key","ClockworkSouvenir","Bottled Lightning","Ginger","Anchor","Toy Ornithopter","Gremlin Horn","Bag of Preparation"],"potions_floor_usage":[7,14,24,27,29,31,33,53,55,55,55,55],"damage_taken":[{"damage":12,"enemies":"Jaw Worm","floor":1,"turns":3},{"damage":2,"enemies":"Cultist","floor":3,"turns":2},{"damage":9,"enemies":"Small Slimes","floor":4,"turns":3},{"damage":2,"enemies":"Exordium Thugs","floor":5,"turns":4},{"damage":12,"enemies":"Gremlin Gang","floor":7,"turns":3},{"damage":13,"enemies":"3 Sentries","floor":11,"turns":4},{"damage":20,"enemies":"Gremlin Nob","floor":14,"turns":4},{"damage":5,"enemies":"The Guardian","floor":16,"turns":12},{"damage":7,"enemies":"2 Thieves","floor":18,"turns":3},{"damage":0,"enemies":"Spheric Guardian","floor":20,"turns":4},{"damage":3,"enemies":"Snecko","floor":22,"turns":4},{"damage":8,"enemies":"Gremlin Leader","floor":24,"turns":6},{"damage":5,"enemies":"Centurion and Healer","floor":25,"turns":7},{"damage":14,"enemies":"Book of Stabbing","floor":27,"turns":4},{"damage":9,"enemies":"Slavers","floor":29,"turns":5},{"damage":28,"enemies":"Snake Plant","floor":30,"turns":4},{"damage":10,"enemies":"Shelled Parasite and Fungi","floor":31,"turns":5},{"damage":19,"enemies":"Collector","floor":33,"turns":13},{"damage":0,"enemies":"3 Shapes","floor":35,"turns":4},{"damage":30,"enemies":"3 Darklings","floor":38,"turns":3},{"damage":9,"enemies":"Nemesis","floor":41,"turns":7},{"damage":0,"enemies":"Maw","floor":45,"turns":7},{"damage":11,"enemies":"4 Shapes","floor":46,"turns":4},{"damage":12,"enemies":"Reptomancer","floor":47,"turns":6},{"damage":0,"enemies":"Jaw Worm Horde","floor":48,"turns":5},{"damage":24,"enemies":"Donu and Deca","floor":50,"turns":13},{"damage":38,"enemies":"Shield and Spear","floor":54,"turns":7},{"damage":94,"enemies":"The Heart","floor":55,"turns":11}],"seed_played":"-5827860165016409203","potions_obtained":[{"floor":4,"key":"LiquidBronze"},{"floor":5,"key":"PowerPotion"},{"floor":7,"key":"Poison Potion"},{"floor":14,"key":"Energy Potion"},{"floor":18,"key":"Dexterity Potion"},{"floor":22,"key":"FocusPotion"},{"floor":25,"key":"FocusPotion"},{"floor":27,"key":"Dexterity Potion"},{"floor":35,"key":"SpeedPotion"},{"floor":41,"key":"GamblersBrew"},{"floor":46,"key":"FearPotion"}],"is_trial":false,"path_per_floor":["M","?","M","M","M","R","M","?","T","R","E","R","$","E","R","B",null,"M","$","M","?","M","R","E","M","T","E","R","E","M","M","R","B",null,"M","?","$","M","?","R","E","?","T","R","M","M","E","M","R","B",null,"R","$","E","B"],"character_chosen":"DEFECT","items_purchased":["Runic Capacitor","ClockworkSouvenir","Biased Cognition","Toy Ornithopter","Fruit Juice","LiquidBronze","Ball Lightning","Gremlin Horn"],"campfire_rested":8,"item_purchase_floors":[19,37,53,53,53,53,53,53],"current_hp_per_floor":[52,52,50,41,39,60,48,48,48,69,56,56,56,38,38,33,63,56,56,58,58,55,75,67,62,62,50,50,43,17,9,48,31,72,72,68,68,38,38,80,71,71,71,91,93,84,74,76,99,75,93,99,104,68,0],"gold":210,"neow_bonus":"UPGRADE_CARD","is_prod":false,"is_daily":false,"chose_seed":false,"campfire_upgraded":2,"win_rate":0,"timestamp":1561335164,"path_taken":["M","?","M","M","?","R","?","?","T","R","E","R","$","E","R","BOSS","M","$","M","?","M","R","E","M","T","E","R","E","?","M","R","BOSS","M","?","$","M","?","R","E","?","T","R","M","M","E","M","R","BOSS","R","$","E","BOSS"],"build_version":"2019-06-21","purchased_purges":3,"victory":false,"max_hp_per_floor":[71,71,71,71,71,71,71,71,71,71,71,71,71,73,73,73,73,73,73,75,75,75,75,75,75,75,77,77,79,81,83,83,85,85,85,91,91,91,91,91,91,91,91,91,93,95,97,99,99,99,99,99,104,106,106],"card_choices":[{"not_picked":["Rebound","Go for the Eyes"],"picked":"Steam","floor":1},{"not_picked":["Consume","Stack","Double Energy"],"picked":"SKIP","floor":3},{"not_picked":["Tempest","Steam"],"picked":"Cold Snap","floor":4},{"not_picked":["Fusion","Rebound"],"picked":"Coolheaded","floor":5},{"not_picked":["Hello World","Aggregate"],"picked":"Doom and Gloom","floor":7},{"not_picked":["Scrape","Turbo"],"picked":"Core Surge","floor":11},{"not_picked":["Cold Snap","Tempest","Hologram"],"picked":"Singing Bowl","floor":14},{"not_picked":["Buffer","Machine Learning"],"picked":"Biased Cognition","floor":16},{"not_picked":["Barrage","Rebound"],"picked":"Compile Driver+1","floor":18},{"not_picked":["Reprogram","Streamline+1","Static Discharge"],"picked":"Singing Bowl","floor":20},{"not_picked":["Go for the Eyes","Barrage"],"picked":"Hologram","floor":22},{"not_picked":["Fission","Sweeping Beam"],"picked":"Genetic Algorithm","floor":24},{"not_picked":["Skim","Gash"],"picked":"Consume","floor":25},{"not_picked":["Cold Snap","Sweeping Beam","Gash"],"picked":"Singing Bowl","floor":27},{"not_picked":["Double Energy","Force Field","Ball Lightning+1"],"picked":"Singing Bowl","floor":29},{"not_picked":["Ball Lightning","Beam Cell","Double Energy"],"picked":"Singing Bowl","floor":30},{"not_picked":["Aggregate","Turbo","Melter"],"picked":"Singing Bowl","floor":31},{"not_picked":["Amplify","Buffer","Fission"],"picked":"Singing Bowl","floor":33},{"not_picked":["Barrage","Melter+1"],"picked":"Compile Driver","floor":35},{"not_picked":["Dark Shackles","Deep Breath","Discovery"],"picked":"Singing Bowl","floor":36},{"not_picked":["PanicButton","Forethought","Swift Strike"],"picked":"Singing Bowl","floor":36},{"not_picked":["Blind","Swift Strike","Deep Breath"],"picked":"Singing Bowl","floor":36},{"not_picked":["Steam Power","Gash"],"picked":"Hologram","floor":38},{"not_picked":["Stack+1","Consume"],"picked":"Coolheaded","floor":41},{"not_picked":["Go for the Eyes","Sunder+1","Steam"],"picked":"Singing Bowl","floor":45},{"not_picked":["Leap","Beam Cell","Cold Snap"],"picked":"Singing Bowl","floor":46},{"not_picked":["FTL","Fission","Gash+1"],"picked":"Singing Bowl","floor":47},{"not_picked":["Steam Power+1","Consume","Recycle+1"],"picked":"Singing Bowl","floor":48},{"not_picked":["Tempest+1","BootSequence","Streamline"],"picked":"Singing Bowl","floor":54}],"player_experience":2562167,"relics_obtained":[{"floor":8,"key":"Kunai"},{"floor":9,"key":"Mercury Hourglass"},{"floor":11,"key":"Singing Bowl"},{"floor":14,"key":"Potion Belt"},{"floor":24,"key":"Regal Pillow"},{"floor":26,"key":"Lantern"},{"floor":27,"key":"PreservedInsect"},{"floor":29,"key":"Omamori"},{"floor":41,"key":"Bottled Lightning"},{"floor":47,"key":"Anchor"},{"floor":54,"key":"Bag of Preparation"}],"event_choices":[{"damage_healed":0,"gold_gain":0,"player_choice":"Rummage","damage_taken":0,"relics_obtained":["WarpedTongs"],"max_hp_gain":0,"max_hp_loss":0,"event_name":"Accursed Blacksmith","floor":2,"gold_loss":0,"cards_obtained":["Pain"]},{"damage_healed":0,"gold_gain":0,"player_choice":"Relic","damage_taken":0,"max_hp_gain":0,"max_hp_loss":0,"event_name":"Wheel of Change","floor":8,"gold_loss":0},{"damage_healed":0,"gold_gain":0,"player_choice":"0 cards matched","damage_taken":0,"max_hp_gain":0,"max_hp_loss":0,"event_name":"Match and Keep!","floor":21,"gold_loss":0,"cards_obtained":[]},{"damage_healed":0,"gold_gain":0,"player_choice":"Memory 3","damage_taken":10,"max_hp_gain":0,"max_hp_loss":0,"event_name":"SensoryStone","floor":36,"gold_loss":0},{"damage_healed":0,"gold_gain":999,"player_choice":"Gold","damage_taken":0,"max_hp_gain":0,"max_hp_loss":0,"event_name":"MindBloom","floor":39,"gold_loss":0,"cards_obtained":["Normality","Normality"]},{"damage_healed":0,"gold_gain":0,"player_choice":"Paid Gold","damage_taken":0,"relics_obtained":["Ginger"],"max_hp_gain":0,"max_hp_loss":0,"event_name":"WeMeetAgain","floor":42,"gold_loss":60}],"is_beta":true,"boss_relics":[{"not_picked":["Tiny House","Empty Cage"],"picked":"Fusion Hammer"},{"not_picked":["Calling Bell","Busted Crown"],"picked":"Cursed Key"}],"items_purged_floors":[13,37,53],"is_endless":false,"potions_floor_spawned":[4,5,7,11,14,18,22,25,27,35,41,46],"killed_by":"The Heart","ascension_level":15}