{"gold_per_floor":[114,16,33,33,50,50,50,50,50,0,0,59,88,104,104,201,201,221,238,254,254,1,1,101,23,23,36,48,48,48,66,66,66],"floor_reached":33,"playtime":2549,"items_purged":["Defend_G"],"score":297,"play_id":"4f7a8896-9e81-43f2-b3c8-01fe7b430fe9","local_time":"20190101204847","is_ascension_mode":true,"campfire_choices":[{"data":"Neutralize","floor":6,"key":"SMITH"},{"data":"Dodge and Roll","floor":8,"key":"SMITH"},{"data":"Blur","floor":11,"key":"SMITH"},{"data":"Backflip","floor":15,"key":"SMITH"},{"data":"Glass Knife","floor":23,"key":"SMITH"},{"floor":29,"key":"REST"},{"data":"Dagger Spray","floor":32,"key":"SMITH"}],"neow_cost":"NONE","seed_source_timestamp":287318239148200,"circlet_count":0,"master_deck":["Defend_G","Defend_G","Defend_G","Strike_G","Strike_G","Strike_G","Strike_G","Survivor","Neutralize+1","Dodge and Roll+1","Dagger Spray+1","Blur+1","Backflip+1","Calculated Gamble+1","PiercingWail","Glass Knife+1","Dodge and Roll+1","Sucker Punch+1","Quick Slash","Writhe","Cloak And Dagger","Backstab+1","Heel Hook","Sucker Punch+1","Quick Slash","Unload"],"relics":["Ring of the Snake","Incense Burner","Strawberry","Dodecahedron","Runic Pyramid","FossilizedHelix","Vajra","Pocketwatch","Kunai","Du-Vu Doll"],"potions_floor_usage":[12,12,13,16,20],"damage_taken":[{"damage":18,"enemies":"Cultist","floor":1,"turns":8},{"damage":2,"enemies":"Small Slimes","floor":3,"turns":4},{"damage":0,"enemies":"Jaw Worm","floor":5,"turns":6},{"damage":26,"enemies":"Lagavulin Event","floor":12,"turns":14},{"damage":0,"enemies":"3 Sentries","floor":13,"turns":7},{"damage":4,"enemies":"3 Louse","floor":14,"turns":4},{"damage":37,"enemies":"The Guardian","floor":16,"turns":29},{"damage":0,"enemies":"Chosen","floor":18,"turns":4},{"damage":0,"enemies":"3 Byrds","floor":19,"turns":5},{"damage":14,"enemies":"Centurion and Healer","floor":20,"turns":19},{"damage":0,"enemies":"Colosseum Slavers","floor":24,"turns":6},{"damage":60,"enemies":"Colosseum Nobs","floor":24,"turns":9},{"damage":0,"enemies":"Chosen and Byrds","floor":27,"turns":4},{"damage":6,"enemies":"Snake Plant","floor":28,"turns":5},{"damage":0,"enemies":"Cultist and Chosen","floor":31,"turns":6},{"damage":30,"enemies":"Collector","floor":33,"turns":6}],"seed_played":"4976277323085232113","potions_obtained":[{"floor":3,"key":"Fire Potion"},{"floor":12,"key":"PowerPotion"},{"floor":14,"key":"SpeedPotion"},{"floor":18,"key":"Explosive Potion"},{"floor":20,"key":"Swift Potion"},{"floor":28,"key":"Swift Potion"}],"is_trial":false,"path_per_floor":["M","$","M","?","M","R","?","R","T","?","R","?","E","M","R","B",null,"M","M","M","?","$","R","?","$","T","M","M","R","?","M","R","B"],"character_chosen":"THE_SILENT","items_purchased":["Dodge and Roll","Block Potion","Vajra","Cloak And Dagger","Heel Hook"],"campfire_rested":1,"item_purchase_floors":[2,2,22,22,25],"current_hp_per_floor":[59,59,57,77,77,77,70,70,70,70,70,51,51,47,47,10,84,84,84,70,70,70,70,10,10,10,10,4,29,29,29,29,0],"gold":66,"neow_bonus":"TEN_PERCENT_HP_BONUS","is_prod":false,"is_daily":false,"chose_seed":false,"campfire_upgraded":6,"win_rate":0,"timestamp":1546372127,"path_taken":["M","$","M","?","?","R","?","R","T","?","R","?","E","M","R","BOSS","M","M","M","?","$","R","?","$","T","M","M","R","?","M","R","BOSS"],"build_version":"2018-12-20","purchased_purges":1,"victory":false,"max_hp_per_floor":[77,77,77,77,77,77,77,77,77,77,77,84,84,84,84,84,84,84,84,84,84,84,84,84,84,84,84,84,84,84,84,84,84],"card_choices":[{"not_picked":["Flying Knee","Dagger Spray"],"picked":"Masterful Stab","floor":1},{"not_picked":["Deflect","Calculated Gamble"],"picked":"Dagger Spray","floor":3},{"not_picked":["Cloak And Dagger","Backstab"],"picked":"Blur","floor":5},{"not_picked":["PiercingWail","Underhanded Strike"],"picked":"Backflip","floor":12},{"not_picked":["Phantasmal Killer","Bane"],"picked":"Calculated Gamble","floor":13},{"not_picked":["Predator","Prepared"],"picked":"PiercingWail","floor":14},{"not_picked":["Tools of the Trade","Unload"],"picked":"Glass Knife","floor":16},{"not_picked":["Sucker Punch+1","Prepared"],"picked":"Dodge and Roll+1","floor":18},{"not_picked":["Accuracy","Prepared"],"picked":"Sucker Punch+1","floor":19},{"not_picked":["Deadly Poison+1","Prepared"],"picked":"Quick Slash","floor":20},{"not_picked":["Deflect","Tactician+1"],"picked":"Backstab+1","floor":24},{"not_picked":["Expertise","Backflip"],"picked":"Sucker Punch+1","floor":27},{"not_picked":["Backflip","Blade Dance"],"picked":"Quick Slash","floor":28},{"not_picked":["Acrobatics","Blade Dance+1"],"picked":"Unload","floor":31}],"player_experience":121106,"relics_obtained":[{"floor":9,"key":"Incense Burner"},{"floor":12,"key":"Strawberry"},{"floor":13,"key":"Dodecahedron"},{"floor":24,"key":"Pocketwatch"},{"floor":24,"key":"Kunai"},{"floor":26,"key":"Du-Vu Doll"}],"event_choices":[{"cards_removed":["Masterful Stab"],"damage_healed":20,"gold_gain":0,"player_choice":"Offered Uncommon","damage_taken":0,"max_hp_gain":0,"max_hp_loss":0,"event_name":"Bonfire Elementals","floor":4,"gold_loss":0},{"cards_removed":["Defend_G"],"damage_healed":0,"gold_gain":0,"player_choice":"Card Removal","damage_taken":7,"max_hp_gain":0,"max_hp_loss":0,"event_name":"Golden Wing","floor":7,"gold_loss":0},{"cards_removed":["Strike_G"],"damage_healed":0,"gold_gain":0,"player_choice":"Card Removal","damage_taken":0,"max_hp_gain":0,"max_hp_loss":0,"event_name":"The Cleric","floor":10,"gold_loss":50},{"damage_healed":0,"gold_gain":0,"player_choice":"Searched \u00271\u0027 times","damage_taken":0,"max_hp_gain":0,"max_hp_loss":0,"event_name":"Dead Adventurer","floor":12,"gold_loss":0},{"damage_healed":0,"gold_gain":0,"player_choice":"Opened","damage_taken":0,"relics_obtained":["FossilizedHelix"],"max_hp_gain":0,"max_hp_loss":0,"event_name":"The Mausoleum","floor":21,"gold_loss":0,"cards_obtained":["Writhe"]},{"damage_healed":0,"gold_gain":0,"player_choice":"Fight","damage_taken":0,"max_hp_gain":0,"max_hp_loss":0,"event_name":"Colosseum","floor":24,"gold_loss":0},{"damage_healed":0,"gold_gain":0,"player_choice":"Fought Nobs","damage_taken":0,"max_hp_gain":0,"max_hp_loss":0,"event_name":"Colosseum","floor":24,"gold_loss":0},{"damage_healed":0,"gold_gain":0,"player_choice":"Forge","damage_taken":0,"max_hp_gain":0,"max_hp_loss":0,"event_name":"Accursed Blacksmith","floor":30,"gold_loss":0,"cards_upgraded":["Calculated Gamble"]}],"is_beta":false,"boss_relics":[{"not_picked":["Black Star","Fusion Hammer"],"picked":"Runic Pyramid"}],"items_purged_floors":[22],"is_endless":false,"potions_floor_spawned":[3,12,14,18,20,28],"killed_by":"Collector","ascension_level":2}