{"gold_per_floor":[111,131,144,144,156,156,191,44,121,121,133,158,168,183,183,282,282,298,313,8,8,19,52,87,13,37,56,56,85,85,99,99,195,195,206,206,306,356,370,370,370,383,406,406,628,628,659,79,79,79],"floor_reached":50,"playtime":3804,"items_purged":["Strike_B","Strike_B"],"score":762,"play_id":"8fe7ec96-b9f8-437d-a296-0f33ebffe26f","local_time":"20190128204804","is_ascension_mode":true,"campfire_choices":[{"data":"Seek","floor":6,"key":"SMITH"},{"data":"Darkness","floor":10,"key":"SMITH"},{"data":"Dualcast","floor":15,"key":"SMITH"},{"floor":28,"key":"REST"},{"data":"Fusion","floor":30,"key":"SMITH"},{"data":"Redo","floor":32,"key":"SMITH"},{"data":"Buffer","floor":40,"key":"SMITH"},{"floor":44,"key":"REST"},{"data":"Darkness","floor":46,"key":"SMITH"},{"floor":49,"key":"REST"}],"neow_cost":"TEN_PERCENT_HP_LOSS","seed_source_timestamp":37299030993800,"circlet_count":0,"master_deck":["Defend_B","Defend_B","Defend_B","Defend_B","Zap","Dualcast+1","Core Surge","Melter","Turbo","Leap","Self Repair","Seek+1","Darkness+1","Streamline","Conserve Battery","Conserve Battery","Stack","Undo","Capacitor","Electrodynamics","Redo+1","Redo","Capacitor+1","Chill","Go for the Eyes+1","Fusion+1","Stack","Turbo","Buffer+1","Barrage+1","Turbo+1","White Noise+1","Hologram","Darkness+1","Defragment","Storm"],"relics":["Cracked Core","FossilizedHelix","Darkstone Periapt","Art of War","Runic Pyramid","Torii","Blue Candle","Red Mask","Juzu Bracelet","Symbiotic Virus","Lizard Tail","Prayer Wheel","Gambling Chip","Spirit Poop","Mummified Hand","DataDisk","Bottled Lightning"],"potions_floor_usage":[13,38,50,50],"damage_taken":[{"damage":2,"enemies":"Jaw Worm","floor":1,"turns":3},{"damage":0,"enemies":"Small Slimes","floor":2,"turns":2},{"damage":0,"enemies":"2 Louse","floor":3,"turns":3},{"damage":7,"enemies":"Large Slime","floor":5,"turns":5},{"damage":21,"enemies":"Lagavulin","floor":7,"turns":6},{"damage":10,"enemies":"Lots of Slimes","floor":11,"turns":5},{"damage":33,"enemies":"Gremlin Nob","floor":12,"turns":5},{"damage":8,"enemies":"Exordium Thugs","floor":13,"turns":4},{"damage":0,"enemies":"Exordium Wildlife","floor":14,"turns":4},{"damage":0,"enemies":"Slime Boss","floor":16,"turns":6},{"damage":0,"enemies":"Chosen","floor":18,"turns":7},{"damage":9,"enemies":"Shell Parasite","floor":19,"turns":7},{"damage":1,"enemies":"Snecko","floor":22,"turns":5},{"damage":53,"enemies":"Slavers","floor":23,"turns":7},{"damage":18,"enemies":"Masked Bandits","floor":24,"turns":5},{"damage":0,"enemies":"Cultist and Chosen","floor":27,"turns":5},{"damage":6,"enemies":"Book of Stabbing","floor":29,"turns":6},{"damage":0,"enemies":"Shelled Parasite and Fungi","floor":31,"turns":5},{"damage":0,"enemies":"Automaton","floor":33,"turns":11},{"damage":0,"enemies":"Orb Walker","floor":35,"turns":4},{"damage":1,"enemies":"Mind Bloom Boss Battle","floor":37,"turns":9},{"damage":53,"enemies":"2 Orb Walkers","floor":38,"turns":7},{"damage":1,"enemies":"3 Shapes","floor":39,"turns":5},{"damage":0,"enemies":"Maw","floor":42,"turns":9},{"damage":37,"enemies":"Giant Head","floor":47,"turns":12},{"damage":93,"enemies":"Time Eater","floor":50,"turns":13}],"seed_played":"3436349418164451628","potions_obtained":[{"floor":1,"key":"Poison Potion"},{"floor":3,"key":"GamblersBrew"},{"floor":11,"key":"Regen Potion"},{"floor":23,"key":"Poison Potion"},{"floor":29,"key":"Strength Potion"},{"floor":38,"key":"Fire Potion"}],"is_trial":false,"path_per_floor":["M","M","M","?","M","R","E","$","T","R","M","E","M","M","R","B",null,"M","M","$","?","M","E","?","$","T","M","R","E","R","M","R","B",null,"M","?","?","?","M","R","?","M","T","R","?","R","E","$","R","B"],"character_chosen":"DEFECT","items_purchased":["Streamline","Conserve Battery","Torii","Fusion","DataDisk","Bottled Lightning","Storm"],"campfire_rested":3,"item_purchase_floors":[8,8,20,25,48,48,48],"current_hp_per_floor":[66,66,66,71,71,71,50,50,50,50,47,21,32,39,39,46,73,73,71,71,71,73,27,16,16,16,23,44,45,45,52,52,59,73,73,79,79,26,25,25,25,32,32,55,55,55,25,25,48,0],"gold":79,"neow_bonus":"TRANSFORM_TWO_CARDS","is_prod":false,"is_daily":false,"chose_seed":false,"campfire_upgraded":7,"win_rate":0,"timestamp":1548704884,"path_taken":["M","M","M","?","M","R","E","$","T","R","M","E","M","M","R","BOSS","M","M","$","?","M","E","?","?","T","M","R","E","R","M","R","BOSS","M","?","?","?","M","R","?","M","T","R","?","R","E","$","R","BOSS"],"build_version":"2019-01-23","purchased_purges":2,"victory":false,"max_hp_per_floor":[68,68,68,73,73,73,73,73,73,73,73,73,73,73,73,73,73,73,73,73,73,73,73,73,73,73,73,73,73,73,73,73,73,73,73,79,79,79,79,79,79,79,79,79,79,79,79,79,79,79],"card_choices":[{"not_picked":["Consume","Sweeping Beam"],"picked":"Turbo","floor":1},{"not_picked":["Sweeping Beam","Hello World"],"picked":"Leap","floor":2},{"not_picked":["Sweeping Beam","Heatsinks"],"picked":"Self Repair","floor":3},{"not_picked":["Barrage","Reinforced Body"],"picked":"Seek","floor":5},{"not_picked":["All For One","Storm"],"picked":"Darkness","floor":7},{"not_picked":["Coolheaded","Chaos"],"picked":"Conserve Battery","floor":11},{"not_picked":["Cold Snap","Streamline"],"picked":"Stack","floor":12},{"not_picked":["Stack","Reprogram"],"picked":"Undo","floor":13},{"not_picked":["Leap","Streamline"],"picked":"Capacitor","floor":14},{"not_picked":["Reboot","Core Surge"],"picked":"Electrodynamics","floor":16},{"not_picked":["Hologram","Scrape"],"picked":"Redo","floor":18},{"not_picked":["Go for the Eyes","Rebound"],"picked":"Redo","floor":19},{"not_picked":["Coolheaded","Fusion"],"picked":"Capacitor+1","floor":22},{"not_picked":["Static Discharge","Auto Shields+1"],"picked":"Chill","floor":23},{"not_picked":["Gash","Streamline"],"picked":"Go for the Eyes+1","floor":24},{"not_picked":["Turbo","Undo"],"picked":"Stack","floor":27},{"not_picked":["Leap","Heatsinks"],"picked":"Turbo","floor":29},{"not_picked":["Go for the Eyes+1","Stack","All For One"],"picked":"SKIP","floor":31},{"not_picked":["Amplify","Creative AI"],"picked":"Buffer","floor":33},{"not_picked":["Recycle","Leap+1"],"picked":"Barrage+1","floor":35},{"not_picked":["Beam Cell+1","Static Discharge+1"],"picked":"Turbo+1","floor":37},{"not_picked":["Conserve Battery","Steam+1"],"picked":"White Noise+1","floor":38},{"not_picked":["Steam+1","Genetic Algorithm"],"picked":"Hologram","floor":39},{"not_picked":["Melter+1","Coolheaded"],"picked":"Darkness","floor":39},{"not_picked":["Gash+1","Rebound","Stack+1"],"picked":"SKIP","floor":42},{"not_picked":["White Noise","Stack","Static Discharge+1"],"picked":"SKIP","floor":42},{"not_picked":["Sunder+1","Auto Shields+1"],"picked":"Defragment","floor":47}],"player_experience":215397,"relics_obtained":[{"floor":7,"key":"FossilizedHelix"},{"floor":9,"key":"Darkstone Periapt"},{"floor":12,"key":"Art of War"},{"floor":23,"key":"Blue Candle"},{"floor":24,"key":"Red Mask"},{"floor":26,"key":"Juzu Bracelet"},{"floor":29,"key":"Symbiotic Virus"},{"floor":37,"key":"Prayer Wheel"},{"floor":38,"key":"Gambling Chip"},{"floor":47,"key":"Mummified Hand"}],"event_choices":[{"damage_healed":0,"gold_gain":0,"player_choice":"Donut","damage_taken":0,"max_hp_gain":5,"max_hp_loss":0,"event_name":"Big Fish","floor":4,"gold_loss":0},{"damage_healed":0,"gold_gain":0,"player_choice":"Ignored","damage_taken":0,"max_hp_gain":0,"max_hp_loss":0,"event_name":"Vampires","floor":21,"gold_loss":0},{"damage_healed":0,"gold_gain":0,"player_choice":"Fought Bandits","damage_taken":0,"max_hp_gain":0,"max_hp_loss":0,"event_name":"Masked Bandits","floor":24,"gold_loss":0},{"damage_healed":18,"gold_gain":0,"player_choice":"Writhe","damage_taken":0,"max_hp_gain":0,"max_hp_loss":0,"event_name":"Winding Halls","floor":36,"gold_loss":0,"cards_obtained":["Writhe"]},{"damage_healed":0,"gold_gain":0,"player_choice":"Fight","damage_taken":0,"max_hp_gain":0,"max_hp_loss":0,"event_name":"MindBloom","floor":37,"gold_loss":0},{"damage_healed":0,"gold_gain":0,"player_choice":"Fight","damage_taken":0,"max_hp_gain":0,"max_hp_loss":0,"event_name":"Mysterious Sphere","floor":38,"gold_loss":0},{"cards_removed":["Writhe"],"damage_healed":0,"gold_gain":0,"player_choice":"Offered Curse","damage_taken":0,"relics_obtained":["Spirit Poop"],"max_hp_gain":0,"max_hp_loss":0,"event_name":"Bonfire Elementals","floor":41,"gold_loss":0},{"damage_healed":0,"gold_gain":222,"player_choice":"Wore Mask","damage_taken":0,"max_hp_gain":0,"max_hp_loss":0,"event_name":"Tomb of Lord Red Mask","floor":45,"gold_loss":0}],"is_beta":false,"boss_relics":[{"not_picked":["Fusion Hammer","Philosopher\u0027s Stone"],"picked":"Runic Pyramid"},{"not_picked":["Pandora\u0027s Box","Black Star"],"picked":"Lizard Tail"}],"items_purged_floors":[8,48],"is_endless":false,"potions_floor_spawned":[1,3,11,12,23,27,29,31,33,35,38,42],"killed_by":"Time Eater","ascension_level":3}