{"gold_per_floor":[143,68,84,84,97,97,126,126,126,145,175,186,186,186,186,258,258,268,268,268,280,210,210,242,242,242,270,286,297,331,343,343,415,415,431,445,117,143,157,184,196,242,254,278,302,347,359,32,32,32,32,32,32,67,67],"floor_reached":55,"playtime":2241,"items_purged":["Parasite"],"score":1513,"play_id":"b1c9980a-6e88-42f4-b6e5-ab4aaca044a4","local_time":"20190623193729","is_ascension_mode":true,"campfire_choices":[{"data":"Bash","floor":6.0,"key":"SMITH"},{"floor":13.0,"key":"REST"},{"data":"Uppercut","floor":15.0,"key":"SMITH"},{"data":"Spot Weakness","floor":23.0,"key":"SMITH"},{"data":"Anger","floor":32.0,"key":"SMITH"},{"floor":41.0,"key":"RECALL"},{"data":"Magnetism","floor":49.0,"key":"SMITH"},{"data":"Sword Boomerang","floor":52.0,"key":"SMITH"}],"neow_cost":"NONE","seed_source_timestamp":861252785604871,"circlet_count":0,"master_deck":["AscendersBane","Defend_R","Defend_R","Defend_R","Defend_R","Bash+1","Spot Weakness+1","Pommel Strike","Sword Boomerang+1","Uppercut+1","Anger+1","Berserk","Twin Strike+1","Corruption+1","Corruption+1","Ghostly","Ghostly","Ghostly","Ghostly","Shockwave","Disarm","Feel No Pain","Pummel+1","Exhume","Armaments","Flame Barrier","Reaper+1","Magnetism+1","Sentinel+1","Impervious","Burning Pact"],"special_seed":0,"relics":["Burning Blood","Tiny Chest","Charon\u0027s Ashes","Unceasing Top","Matryoshka","Astrolabe","Singing Bowl","Darkstone Periapt","Happy Flower","Molten Egg 2","The Courier","Philosopher\u0027s Stone","Vajra","Anchor","Centennial Puzzle","MawBank","Shuriken","Pear","Bag of Marbles","Strange Spoon","Bag of Preparation"],"potions_floor_usage":[55,55],"damage_taken":[{"damage":8.0,"enemies":"2 Louse","floor":1.0,"turns":3.0},{"damage":4.0,"enemies":"Small Slimes","floor":3.0,"turns":4.0},{"damage":6.0,"enemies":"Cultist","floor":5.0,"turns":3.0},{"damage":35.0,"enemies":"Lagavulin","floor":7.0,"turns":5.0},{"damage":22.0,"enemies":"Lots of Slimes","floor":10.0,"turns":4.0},{"damage":20.0,"enemies":"3 Sentries","floor":11.0,"turns":6.0},{"damage":8.0,"enemies":"Blue Slaver","floor":12.0,"turns":3.0},{"damage":22.0,"enemies":"Hexaghost","floor":16.0,"turns":7.0},{"damage":10.0,"enemies":"3 Byrds","floor":18.0,"turns":3.0},{"damage":3.0,"enemies":"Chosen","floor":21.0,"turns":5.0},{"damage":0.0,"enemies":"Slavers","floor":24.0,"turns":3.0},{"damage":1.0,"enemies":"Book of Stabbing","floor":27.0,"turns":5.0},{"damage":3.0,"enemies":"Snake Plant","floor":28.0,"turns":4.0},{"damage":1.0,"enemies":"Snecko","floor":29.0,"turns":4.0},{"damage":0.0,"enemies":"Gremlin Leader","floor":30.0,"turns":4.0},{"damage":10.0,"enemies":"Sentry and Sphere","floor":31.0,"turns":5.0},{"damage":6.0,"enemies":"Collector","floor":33.0,"turns":7.0},{"damage":0.0,"enemies":"3 Shapes","floor":35.0,"turns":5.0},{"damage":1.0,"enemies":"Orb Walker","floor":36.0,"turns":3.0},{"damage":4.0,"enemies":"3 Darklings","floor":39.0,"turns":3.0},{"damage":0.0,"enemies":"Reptomancer","floor":40.0,"turns":4.0},{"damage":42.0,"enemies":"Nemesis","floor":42.0,"turns":9.0},{"damage":11.0,"enemies":"Jaw Worm Horde","floor":44.0,"turns":3.0},{"damage":0.0,"enemies":"Writhing Mass","floor":45.0,"turns":5.0},{"damage":11.0,"enemies":"Giant Head","floor":46.0,"turns":8.0},{"damage":7.0,"enemies":"Donu and Deca","floor":50.0,"turns":8.0},{"damage":52.0,"enemies":"Shield and Spear","floor":54.0,"turns":8.0},{"damage":89,"enemies":"The Heart","floor":55,"turns":9}],"seed_played":"4533457503604711614","potions_obtained":[{"floor":3.0,"key":"Poison Potion"},{"floor":12.0,"key":"PowerPotion"},{"floor":16.0,"key":"Dexterity Potion"},{"floor":21.0,"key":"AttackPotion"},{"floor":24.0,"key":"LiquidBronze"},{"floor":30.0,"key":"Strength Potion"},{"floor":39.0,"key":"BloodPotion"},{"floor":42.0,"key":"SpeedPotion"},{"floor":45.0,"key":"SpeedPotion"}],"is_trial":false,"path_per_floor":["M","?","M","?","M","R","E","?","T","M","E","M","R","T","R","B",null,"M","?","?","M","$","R","E","?","T","E","M","M","E","M","R","B",null,"M","M","$","T","M","E","R","E","T","M","M","E","?","$","R","B",null,"R","$","E","B"],"character_chosen":"IRONCLAD","items_purchased":["Disarm","Reaper+1","Vajra","Magnetism","Impervious","Burning Pact","Strange Spoon"],"campfire_rested":1,"item_purchase_floors":[22,37,37,37,48,48,48],"current_hp_per_floor":[66,66,68,73,73,73,44,44,44,28,14,12,36,36,36,20,65,61,40,40,40,40,40,42,42,42,44,46,46,46,44,44,44,47,48,48,48,48,48,50,50,37,47,64,72,74,74,71,71,71,71,71,71,62,0],"gold":67,"neow_bonus":"RANDOM_COMMON_RELIC","is_prod":false,"is_daily":false,"chose_seed":false,"campfire_upgraded":6,"win_rate":0,"timestamp":1561333049,"path_taken":["M","?","M","?","M","R","E","?","T","?","E","?","R","?","R","BOSS","M","?","?","?","$","R","E","?","T","E","M","M","E","M","R","BOSS","M","?","$","?","M","E","R","E","T","M","M","E","?","$","R","BOSS","R","$","E","BOSS"],"build_version":"2019-06-21","purchased_purges":1,"victory":false,"max_hp_per_floor":[75,75,75,80,80,80,80,80,80,80,80,80,80,80,80,80,80,80,40,40,40,40,40,42,42,42,44,46,46,46,48,48,48,48,48,48,48,48,48,50,50,52,62,64,72,74,74,71,71,71,71,71,71,73,73],"card_choices":[{"not_picked":["Wild Strike","Fire Breathing"],"picked":"Spot Weakness","floor":1.0},{"not_picked":["Flex","Rupture"],"picked":"Pommel Strike","floor":3.0},{"not_picked":["Rampage","Blood for Blood","Power Through"],"picked":"SKIP","floor":5.0},{"not_picked":["Pommel Strike","Bloodletting","Iron Wave"],"picked":"SKIP","floor":7.0},{"not_picked":["Ghostly Armor","Iron Wave"],"picked":"Sword Boomerang","floor":10.0},{"not_picked":["True Grit","Havoc"],"picked":"Uppercut","floor":11.0},{"not_picked":["Thunderclap","Flex"],"picked":"Anger","floor":12.0},{"not_picked":["Exhume","Barricade"],"picked":"Berserk","floor":16.0},{"not_picked":["Wild Strike","Warcry","Headbutt"],"picked":"SKIP","floor":18.0},{"not_picked":["Intimidate","Burning Pact"],"picked":"Shockwave","floor":21.0},{"not_picked":["Hemokinesis","Perfected Strike","Intimidate+1"],"picked":"Singing Bowl","floor":24.0},{"not_picked":["Dropkick+1","Perfected Strike+1","Berserk"],"picked":"Singing Bowl","floor":27.0},{"not_picked":["Dual Wield+1","Thunderclap+1","Headbutt+1"],"picked":"Singing Bowl","floor":28.0},{"not_picked":["Evolve","Sever Soul+1"],"picked":"Feel No Pain","floor":29.0},{"not_picked":["Heavy Blade+1","Searing Blow+1"],"picked":"Pummel+1","floor":30.0},{"not_picked":["Clothesline+1","Havoc","Sever Soul+1"],"picked":"Singing Bowl","floor":31.0},{"not_picked":["Dark Embrace","Double Tap"],"picked":"Exhume","floor":33.0},{"not_picked":["Clothesline+1","Battle Trance+1"],"picked":"Armaments","floor":35.0},{"not_picked":["Perfected Strike+1","Infernal Blade"],"picked":"Flame Barrier","floor":36.0},{"not_picked":["Rupture","Power Through"],"picked":"Sentinel+1","floor":39.0},{"not_picked":["Inflame","Anger+1","Rampage+1"],"picked":"Singing Bowl","floor":40.0},{"not_picked":["Second Wind","Dropkick+1","Rage"],"picked":"Singing Bowl","floor":42.0},{"not_picked":["Havoc","Warcry","Body Slam+1"],"picked":"Singing Bowl","floor":44.0},{"not_picked":["Uppercut+1","Shockwave+1","Carnage+1"],"picked":"Singing Bowl","floor":45.0},{"not_picked":["Rage","Perfected Strike+1","Anger+1"],"picked":"Singing Bowl","floor":46.0},{"not_picked":["Pommel Strike+1","Headbutt+1","Clash+1"],"picked":"Singing Bowl","floor":54.0}],"player_experience":2559926,"relics_obtained":[{"floor":7.0,"key":"Charon\u0027s Ashes"},{"floor":11.0,"key":"Unceasing Top"},{"floor":14.0,"key":"Matryoshka"},{"floor":24.0,"key":"Singing Bowl"},{"floor":26.0,"key":"Happy Flower"},{"floor":26.0,"key":"Molten Egg 2"},{"floor":27.0,"key":"The Courier"},{"floor":38.0,"key":"Anchor"},{"floor":38.0,"key":"Centennial Puzzle"},{"floor":40.0,"key":"MawBank"},{"floor":42.0,"key":"Shuriken"},{"floor":43.0,"key":"Pear"},{"floor":46.0,"key":"Bag of Marbles"},{"floor":54.0,"key":"Bag of Preparation"}],"event_choices":[{"cards_removed":["Strike_R"],"damage_healed":0.0,"max_hp_gain":0.0,"max_hp_loss":0.0,"gold_gain":0.0,"event_name":"The Cleric","player_choice":"Card Removal","floor":2.0,"gold_loss":75.0,"damage_taken":0.0},{"damage_healed":0.0,"max_hp_gain":5.0,"max_hp_loss":0.0,"gold_gain":0.0,"event_name":"Big Fish","player_choice":"Donut","floor":4.0,"gold_loss":0.0,"damage_taken":0.0},{"cards_removed":["Strike_R"],"damage_healed":0.0,"max_hp_gain":0.0,"max_hp_loss":0.0,"gold_gain":0.0,"event_name":"Bonfire Elementals","player_choice":"Offered Basic","floor":8.0,"gold_loss":0.0,"damage_taken":0.0},{"damage_healed":0.0,"max_hp_gain":0.0,"max_hp_loss":40.0,"gold_gain":0.0,"event_name":"Ghosts","player_choice":"Became a Ghost","floor":19.0,"gold_loss":0.0,"damage_taken":0.0,"cards_obtained":["Ghostly","Ghostly","Ghostly"]},{"damage_healed":0.0,"max_hp_gain":0.0,"max_hp_loss":0.0,"gold_gain":0.0,"event_name":"Duplicator","player_choice":"Copied","floor":20.0,"gold_loss":0.0,"damage_taken":0.0,"cards_obtained":["Ghostly"]},{"damage_healed":0.0,"max_hp_gain":0.0,"max_hp_loss":0.0,"gold_gain":0.0,"event_name":"WeMeetAgain","player_choice":"Gave Potion","floor":25.0,"gold_loss":0.0,"damage_taken":0.0,"relics_obtained":["Darkstone Periapt"]},{"damage_healed":0.0,"max_hp_gain":0.0,"max_hp_loss":0.0,"gold_gain":0.0,"event_name":"SecretPortal","player_choice":"Ignored","floor":47.0,"gold_loss":0.0,"damage_taken":0.0}],"is_beta":true,"boss_relics":[{"not_picked":["Velvet Choker","Black Blood"],"picked":"Astrolabe"},{"not_picked":["Eternal Feather","Sozu"],"picked":"Philosopher\u0027s Stone"}],"items_purged_floors":[48],"is_endless":false,"potions_floor_spawned":[3,12,16,21,24,30,31,39,42,45],"killed_by":"The Heart","ascension_level":15}