{"gold_per_floor":[114,114,114,2,12,41,41,64,90,90,124,124,142,156,156,253,253,273,273,283,283,137,137,147,147,170,189,201,201,201,201,201,201],"floor_reached":33,"playtime":1182,"items_purged":["Strike_B","Strike_B"],"score":253,"play_id":"8c5465f9-ea38-4d35-ae22-dc62a464e7f2","local_time":"20190823171911","is_ascension_mode":false,"campfire_choices":[{"floor":7,"key":"REST"},{"data":"Zap","floor":12,"key":"SMITH"},{"data":"Streamline","floor":15,"key":"SMITH"},{"floor":23,"key":"REST"},{"data":"Scrape","floor":25,"key":"SMITH"},{"data":"Dualcast","floor":29,"key":"SMITH"},{"floor":32,"key":"REST"}],"neow_cost":"NONE","seed_source_timestamp":573197978540400,"circlet_count":0,"master_deck":["Strike_B","Defend_B","Defend_B","Defend_B","Zap+1","Dualcast+1","Streamline+1","Sunder","Rebound","Scrape+1","Go for the Eyes","Ball Lightning","Beam Cell","Go for the Eyes","Stack+1","Rainbow+1","Hologram+1","Gash+1","Conserve Battery+1","Tempest+1","Auto Shields+1","Leap+1","RitualDagger","Hello World"],"relics":["Cracked Core","Toxic Egg 2","Happy Flower","Potion Belt","Boot","Philosopher\u0027s Stone","Nilry\u0027s Codex","Pen Nib","Lantern"],"potions_floor_usage":[33,33],"damage_taken":[{"damage":0,"enemies":"2 Louse","floor":1,"turns":2},{"damage":3,"enemies":"Jaw Worm","floor":5,"turns":3},{"damage":49,"enemies":"Lagavulin","floor":6,"turns":6},{"damage":10,"enemies":"Gremlin Nob","floor":11,"turns":3},{"damage":0,"enemies":"Cultist","floor":13,"turns":2},{"damage":8,"enemies":"Red Slaver","floor":14,"turns":2},{"damage":18,"enemies":"The Guardian","floor":16,"turns":9},{"damage":18,"enemies":"3 Byrds","floor":18,"turns":4},{"damage":2,"enemies":"Chosen","floor":20,"turns":4},{"damage":8,"enemies":"Centurion and Healer","floor":24,"turns":5},{"damage":9,"enemies":"Sentry and Sphere","floor":27,"turns":3},{"damage":0,"enemies":"Shelled Parasite and Fungi","floor":28,"turns":6},{"damage":73,"enemies":"Collector","floor":33,"turns":7}],"seed_played":"2129508457606045624","potions_obtained":[{"floor":1,"key":"SteroidPotion"},{"floor":6,"key":"SteroidPotion"},{"floor":11,"key":"Fire Potion"},{"floor":16,"key":"Regen Potion"},{"floor":18,"key":"Poison Potion"},{"floor":27,"key":"GamblersBrew"},{"floor":28,"key":"FocusPotion"}],"is_trial":false,"path_per_floor":["M","?","?","$","M","E","R","T","T","?","E","R","M","M","R","B",null,"M","?","M","?","$","R","M","R","T","M","M","R","?","?","R","B"],"character_chosen":"DEFECT","items_purchased":["Scrape","Conserve Battery+1"],"campfire_rested":3,"item_purchase_floors":[4,22],"current_hp_per_floor":[75,75,80,80,77,28,52,52,52,52,42,42,42,34,34,16,80,62,46,44,44,44,68,60,60,60,51,51,51,45,45,69,0],"gold":201,"neow_bonus":"THREE_CARDS","is_prod":false,"is_daily":false,"chose_seed":false,"campfire_upgraded":4,"win_rate":0,"timestamp":1566573551,"path_taken":["M","?","?","$","?","E","R","?","T","?","E","R","?","M","R","BOSS","M","?","M","?","$","R","M","R","T","M","M","R","?","?","R","BOSS"],"build_version":"2019-07-17","purchased_purges":2,"victory":false,"max_hp_per_floor":[75,75,80,80,80,80,80,80,80,80,80,80,80,80,80,80,80,80,80,80,80,80,80,80,80,80,80,80,80,80,80,80,80],"card_choices":[{"not_picked":["Scrape","Leap"],"picked":"Streamline","floor":0},{"not_picked":["Static Discharge","Undo"],"picked":"Sunder","floor":1},{"not_picked":["Cold Snap","Leap"],"picked":"Go for the Eyes","floor":5},{"not_picked":["Streamline","Static Discharge"],"picked":"Ball Lightning","floor":6},{"not_picked":["Consume+1","Conserve Battery+1"],"picked":"Beam Cell","floor":11},{"not_picked":["Tempest+1","Barrage"],"picked":"Go for the Eyes","floor":13},{"not_picked":["Consume+1","Fusion+1"],"picked":"Stack+1","floor":14},{"not_picked":["Buffer","Biased Cognition"],"picked":"Rainbow+1","floor":16},{"not_picked":["Blizzard","Compile Driver"],"picked":"Hologram+1","floor":18},{"not_picked":["Reinforced Body+1","Turbo+1"],"picked":"Gash+1","floor":20},{"not_picked":["Stack+1","Melter"],"picked":"Tempest+1","floor":24},{"not_picked":["Undo+1","Hologram+1"],"picked":"Auto Shields+1","floor":27},{"not_picked":["Chill+1","Streamline+1"],"picked":"Leap+1","floor":28}],"player_experience":346869,"relics_obtained":[{"floor":6,"key":"Toxic Egg 2"},{"floor":8,"key":"Happy Flower"},{"floor":9,"key":"Potion Belt"},{"floor":11,"key":"Boot"},{"floor":19,"key":"Nilry\u0027s Codex"},{"floor":26,"key":"Lantern"}],"event_choices":[{"damage_healed":0,"gold_gain":0,"cards_transformed":["Strike_B"],"player_choice":"Change","damage_taken":0,"max_hp_gain":0,"max_hp_loss":0,"event_name":"Living Wall","floor":2,"gold_loss":0,"cards_obtained":["Rebound"]},{"damage_healed":0,"gold_gain":0,"player_choice":"Donut","damage_taken":0,"max_hp_gain":5,"max_hp_loss":0,"event_name":"Big Fish","floor":3,"gold_loss":0},{"damage_healed":0,"gold_gain":0,"player_choice":"Bought 0 Potions","damage_taken":0,"max_hp_gain":0,"max_hp_loss":0,"event_name":"The Woman in Blue","floor":10,"gold_loss":0},{"damage_healed":0,"gold_gain":0,"player_choice":"Obtained Book","damage_taken":16,"max_hp_gain":0,"max_hp_loss":0,"event_name":"Cursed Tome","floor":19,"gold_loss":0},{"damage_healed":0,"gold_gain":0,"player_choice":"Opened","damage_taken":0,"relics_obtained":["Pen Nib"],"max_hp_gain":0,"max_hp_loss":0,"event_name":"The Mausoleum","floor":21,"gold_loss":0},{"damage_healed":0,"gold_gain":0,"player_choice":"Joined the Cult","damage_taken":6,"max_hp_gain":0,"max_hp_loss":0,"event_name":"Nest","floor":30,"gold_loss":0,"cards_obtained":["RitualDagger"]},{"damage_healed":0,"gold_gain":0,"cards_transformed":["Defend_B"],"player_choice":"Transformed","damage_taken":0,"max_hp_gain":0,"max_hp_loss":0,"event_name":"Transmorgrifier","floor":31,"gold_loss":0,"cards_obtained":["Hello World"]}],"is_beta":false,"boss_relics":[{"not_picked":["Fusion Hammer","Tiny House"],"picked":"Philosopher\u0027s Stone"}],"items_purged_floors":[4,22],"is_endless":false,"potions_floor_spawned":[1,6,11,16,18,27,28],"killed_by":"Collector","ascension_level":0}