{"gold_per_floor":[112,129,129,129,14,44,55,55,55,71,71,83,83,103,103,206,206,218,43,60,60,72,72,97,97,97,97,97,114,130,143,143,143],"floor_reached":33,"playtime":2358,"items_purged":["Defend_R","Strike_R"],"score":294,"play_id":"b3625cd1-cfd4-4e7e-b13a-f27e3642906c","local_time":"20190816143701","is_ascension_mode":false,"campfire_choices":[{"floor":8.0,"key":"REST"},{"data":"Armaments","floor":13.0,"key":"SMITH"},{"floor":15.0,"key":"REST"},{"floor":23,"key":"REST"},{"floor":25,"key":"REST"},{"data":"Demon Form","floor":28,"key":"SMITH"},{"data":"Corruption","floor":32,"key":"SMITH"}],"neow_cost":"NONE","seed_source_timestamp":0,"circlet_count":0,"master_deck":["Strike_R","Strike_R","Strike_R","Strike_R","Defend_R","Defend_R","Bash","Berserk+1","Blood for Blood","Disarm","Evolve","Burning Pact","Metallicize","Corruption+1","Armaments+1","Fiend Fire","Perfected Strike+1","Perfected Strike","Wild Strike","Shrug It Off","Flex","Demon Form+1","Bash","Bloodletting+1","Second Wind+1","True Grit+1"],"special_seed":0,"relics":["Burning Blood","Peace Pipe","Pear","Velvet Choker","Dead Branch","Orichalcum"],"potions_floor_usage":[],"damage_taken":[{"damage":12.0,"enemies":"Jaw Worm","floor":1.0,"turns":4.0},{"damage":13.0,"enemies":"Small Slimes","floor":2.0,"turns":3.0},{"damage":51.0,"enemies":"3 Sentries","floor":6.0,"turns":7.0},{"damage":6.0,"enemies":"Cultist","floor":7.0,"turns":3.0},{"damage":13.0,"enemies":"2 Fungi Beasts","floor":10.0,"turns":4.0},{"damage":20.0,"enemies":"Red Slaver","floor":12.0,"turns":3.0},{"damage":15.0,"enemies":"Looter","floor":14.0,"turns":3.0},{"damage":38.0,"enemies":"The Guardian","floor":16.0,"turns":11.0},{"damage":39.0,"enemies":"2 Thieves","floor":18.0,"turns":4.0},{"damage":13,"enemies":"3 Byrds","floor":20,"turns":6},{"damage":8,"enemies":"Cultist and Chosen","floor":22,"turns":7},{"damage":51,"enemies":"Book of Stabbing","floor":24,"turns":7},{"damage":0,"enemies":"Snecko","floor":29,"turns":3},{"damage":7,"enemies":"Chosen and Byrds","floor":30,"turns":6},{"damage":0,"enemies":"Centurion and Healer","floor":31,"turns":7},{"damage":68,"enemies":"Collector","floor":33,"turns":5}],"seed_played":"2630718848413149951","potions_obtained":[{"floor":1.0,"key":"Strength Potion"},{"floor":7.0,"key":"Energy Potion"},{"floor":10.0,"key":"EssenceOfSteel"}],"is_trial":false,"path_per_floor":["M","M","?","?","$","E","M","R","T","M","?","M","R","M","R","B",null,"M","$","M","?","M","R","E","R","T","?","R","M","M","M","R","B"],"character_chosen":"IRONCLAD","items_purchased":["Evolve","Perfected Strike","Wild Strike"],"campfire_rested":4,"item_purchase_floors":[5,19,19],"current_hp_per_floor":[74,67,67,72,72,27,27,52,62,55,55,41,41,32,60,28,95,62,62,55,46,44,72,27,55,55,55,55,61,60,66,66,0],"gold":143,"neow_bonus":"TRANSFORM_CARD","is_prod":false,"is_daily":false,"chose_seed":false,"campfire_upgraded":3,"win_rate":0,"timestamp":1565959021,"path_taken":["M","M","?","?","$","E","M","R","T","M","?","M","R","?","R","BOSS","M","$","M","?","?","R","E","R","T","?","R","M","?","M","R","BOSS"],"build_version":"2019-07-17","purchased_purges":2,"victory":false,"max_hp_per_floor":[80,80,80,85,85,85,85,85,95,95,95,95,95,95,95,95,95,95,95,95,95,95,95,95,95,95,95,95,95,95,95,95,95],"card_choices":[{"not_picked":["Rupture","Clash"],"picked":"Blood for Blood","floor":1.0},{"not_picked":["Shockwave","Clash"],"picked":"Disarm","floor":2.0},{"not_picked":["Flex","Perfected Strike"],"picked":"Burning Pact","floor":6.0},{"not_picked":["Flex","Impervious"],"picked":"Metallicize","floor":7.0},{"not_picked":["Blood for Blood","True Grit"],"picked":"Corruption","floor":10.0},{"not_picked":["Havoc","Dual Wield"],"picked":"Armaments","floor":12.0},{"not_picked":["Sentinel","Rupture","Pommel Strike"],"picked":"SKIP","floor":14.0},{"not_picked":["Immolate","Berserk"],"picked":"Fiend Fire","floor":16.0},{"not_picked":["Entrench","Thunderclap"],"picked":"Perfected Strike+1","floor":18.0},{"not_picked":["Sword Boomerang","Clash"],"picked":"Shrug It Off","floor":20},{"not_picked":["Clash","Fire Breathing+1","Infernal Blade"],"picked":"SKIP","floor":22},{"not_picked":["Fiend Fire","Clash"],"picked":"Flex","floor":24},{"not_picked":["Metallicize","Wild Strike"],"picked":"Bloodletting+1","floor":29},{"not_picked":["Body Slam+1","Clash"],"picked":"Second Wind+1","floor":30},{"not_picked":["Anger","Thunderclap"],"picked":"True Grit+1","floor":31}],"player_experience":327566,"relics_obtained":[{"floor":6.0,"key":"Peace Pipe"},{"floor":9.0,"key":"Pear"},{"floor":24,"key":"Dead Branch"},{"floor":26,"key":"Orichalcum"}],"event_choices":[{"damage_healed":0.0,"max_hp_gain":0.0,"max_hp_loss":0.0,"gold_gain":0.0,"event_name":"Golden Idol","player_choice":"Ignored","floor":3.0,"gold_loss":0.0,"damage_taken":0.0},{"damage_healed":0.0,"max_hp_gain":5.0,"max_hp_loss":0.0,"gold_gain":0.0,"event_name":"Big Fish","player_choice":"Donut","floor":4.0,"gold_loss":0.0,"damage_taken":0.0},{"damage_healed":0.0,"max_hp_gain":0.0,"max_hp_loss":0.0,"gold_gain":0.0,"event_name":"Accursed Blacksmith","player_choice":"Forge","floor":11.0,"gold_loss":0.0,"damage_taken":0.0,"cards_upgraded":["Berserk"]},{"damage_healed":0,"gold_gain":0,"player_choice":"","damage_taken":9,"max_hp_gain":0,"max_hp_loss":0,"event_name":"Knowing Skull","floor":21,"potions_obtained":[],"gold_loss":0,"cards_obtained":[]},{"damage_healed":0,"gold_gain":0,"player_choice":"2 cards matched","damage_taken":0,"max_hp_gain":0,"max_hp_loss":0,"event_name":"Match and Keep!","floor":27,"gold_loss":0,"cards_obtained":["Demon Form","Bash"]}],"is_beta":false,"boss_relics":[{"not_picked":["Orrery","Philosopher\u0027s Stone"],"picked":"Velvet Choker"}],"items_purged_floors":[5,19],"is_endless":false,"potions_floor_spawned":[1,7,10,14,24,29,30,31],"killed_by":"Collector","ascension_level":0}