{"gold_per_floor":[118,268,1,18,35,68,68,97,122,122,137,171,171,188,188,261,261,277,293,293,311,29,29,45,77,130,130],"floor_reached":27,"playtime":1254,"items_purged":["Doubt","Strike_B"],"score":555,"play_id":"40f6f838-3cb4-4ac2-a741-edfaf10c463c","local_time":"20190720225401","is_ascension_mode":true,"campfire_choices":[{"data":"Zap","floor":7,"key":"SMITH"},{"floor":10,"key":"REST"},{"data":"Defragment","floor":15,"key":"SMITH"},{"floor":23,"key":"REST"}],"neow_cost":"PERCENT_DAMAGE","seed_source_timestamp":880831218897896,"circlet_count":0,"master_deck":["AscendersBane","Strike_B","Strike_B","Strike_B","Defend_B","Defend_B+1","Defend_B","Defend_B","Zap+1","Dualcast+1","Sunder","Coolheaded","Ball Lightning","Hologram","Defragment+1","conspire:SharedLibrary","Coolheaded","Core Surge","Capacitor","Cold Snap","conspire:Rain","Recycle","hubris:PowerSurge","Defragment"],"relics":["Cracked Core","War Paint","Dream Catcher","Strawberry","Vajra","conspire:Flyswatter","Philosopher\u0027s Stone","Membership Card","hubris:64BitClover","Centennial Puzzle"],"potions_floor_usage":[5,8,12,13,16,18,27,27],"damage_taken":[{"damage":2,"enemies":"Small Slimes","floor":1,"turns":5},{"damage":0,"enemies":"Jaw Worm","floor":4,"turns":3},{"damage":0,"enemies":"2 Louse","floor":5,"turns":3},{"damage":13,"enemies":"3 Sentries","floor":6,"turns":6},{"damage":15,"enemies":"Lagavulin","floor":8,"turns":6},{"damage":7,"enemies":"Exordium Thugs","floor":11,"turns":3},{"damage":9,"enemies":"Gremlin Nob","floor":12,"turns":3},{"damage":0,"enemies":"Large Slime","floor":14,"turns":4},{"damage":0,"enemies":"The Guardian","floor":16,"turns":11},{"damage":45,"enemies":"3 Byrds","floor":18,"turns":5},{"damage":0,"enemies":"Shell Parasite","floor":19,"turns":6},{"damage":1,"enemies":"Shelled Parasite and Fungi","floor":21,"turns":6},{"damage":17,"enemies":"Snecko","floor":24,"turns":5},{"damage":46,"enemies":"Slavers","floor":25,"turns":7},{"damage":11,"enemies":"conspire:Head Lice","floor":27,"turns":2}],"seed_played":"936844105022189756","potions_obtained":[{"floor":4,"key":"Block Potion"},{"floor":5,"key":"AttackPotion"},{"floor":8,"key":"FearPotion"},{"floor":12,"key":"Fire Potion"},{"floor":13,"key":"Fruit Juice"},{"floor":13,"key":"GamblersBrew"},{"floor":21,"key":"SteroidPotion"},{"floor":25,"key":"Weak Potion"}],"is_trial":false,"path_per_floor":["M","?","$","M","M","E","R","E","T","R","M","E","?","M","R","B",null,"M","M","?","M","$","R","M","E","T","E"],"character_chosen":"DEFECT","items_purchased":["War Paint","Coolheaded","Membership Card","hubris:PowerSurge"],"campfire_rested":2,"item_purchase_floors":[3,3,22,22],"current_hp_per_floor":[58,58,58,58,58,45,45,37,37,64,57,48,53,53,53,53,86,41,41,41,40,40,69,52,6,6,0],"gold":130,"neow_bonus":"TWENTY_PERCENT_HP_BONUS","is_prod":false,"is_daily":false,"chose_seed":false,"campfire_upgraded":2,"win_rate":0,"timestamp":1563677641,"path_taken":["M","?","$","M","M","E","R","E","T","R","M","E","?","?","R","BOSS","M","M","?","M","$","R","M","E","T","E"],"build_version":"2019-07-17","purchased_purges":2,"victory":false,"max_hp_per_floor":[85,85,85,85,85,85,85,92,92,92,92,92,97,97,97,97,97,97,97,97,97,97,97,97,97,97,97],"card_choices":[{"not_picked":["Conserve Battery","Fusion"],"picked":"Sunder","floor":1},{"not_picked":["Hello World","Aggregate","Tempest"],"picked":"SKIP","floor":4},{"not_picked":["Hologram","Skim"],"picked":"Ball Lightning","floor":5},{"not_picked":["Multi-Cast","Leap"],"picked":"Hologram","floor":6},{"not_picked":["Chaos","Rebound"],"picked":"Defragment","floor":8},{"not_picked":["Sunder","Force Field","Go for the Eyes"],"picked":"SKIP","floor":11},{"not_picked":["Defragment","Compile Driver"],"picked":"conspire:SharedLibrary","floor":12},{"not_picked":["Ball Lightning","Rebound"],"picked":"Coolheaded","floor":14},{"not_picked":["Multi-Cast","hubris:SpecializedCircuitry"],"picked":"Core Surge","floor":16},{"not_picked":["Barrage","Hologram"],"picked":"Capacitor","floor":18},{"not_picked":["Steam Power","Redo"],"picked":"Cold Snap","floor":19},{"not_picked":["hubris:Ukulele","Sweeping Beam"],"picked":"Recycle","floor":21},{"not_picked":["Storm","hubris:PowerSurge"],"picked":"Defragment","floor":24},{"not_picked":["conspire:SharedLibrary","Compile Driver","Ball Lightning"],"picked":"SKIP","floor":25}],"player_experience":2610525,"relics_obtained":[{"floor":6,"key":"Dream Catcher"},{"floor":8,"key":"Strawberry"},{"floor":9,"key":"Vajra"},{"floor":12,"key":"conspire:Flyswatter"},{"floor":25,"key":"hubris:64BitClover"},{"floor":26,"key":"Centennial Puzzle"}],"event_choices":[{"damage_healed":0,"gold_gain":150,"player_choice":"AGREE","damage_taken":0,"max_hp_gain":0,"max_hp_loss":0,"event_name":"Liars Game","floor":2,"gold_loss":0,"cards_obtained":["Doubt"]},{"damage_healed":0,"gold_gain":0,"player_choice":"Got Potions","damage_taken":0,"max_hp_gain":0,"max_hp_loss":0,"event_name":"Lab","floor":13,"gold_loss":0},{"damage_healed":0,"gold_gain":0,"player_choice":"Read","damage_taken":0,"max_hp_gain":0,"max_hp_loss":0,"event_name":"The Library","floor":20,"gold_loss":0,"cards_obtained":["conspire:Rain"]}],"is_beta":false,"boss_relics":[{"not_picked":["hubris:Stopwatch","Tiny House"],"picked":"Philosopher\u0027s Stone"}],"items_purged_floors":[3,22],"is_endless":false,"potions_floor_spawned":[4,5,8,12,14,21,25],"killed_by":"conspire:Head Lice","ascension_level":15}