{"gold_per_floor":[118,81,99,110,110,110,122,122,148,176,196,223,223,234,234,308,308,328,273,286,174,174,174,204,204,204,231,244,244,33,33,45,130,192,218,230,1241,737,737,737,765,765,765,785,95,113,146,166,166,166,166,166,16,50,50],"floor_reached":56,"playtime":2303,"items_purged":["Strike_G","Normality","Normality","Strike_G+1"],"score":2102,"play_id":"c1ce2112-fdb7-43dc-b959-412f80238b0d","local_time":"20190604235706","is_ascension_mode":true,"campfire_choices":[{"data":"Backstab","floor":6,"key":"SMITH"},{"data":"Skewer","floor":8,"key":"SMITH"},{"data":"Deadly Poison","floor":13,"key":"SMITH"},{"data":"Footwork","floor":15,"key":"SMITH"},{"data":"Noxious Fumes","floor":23,"key":"SMITH"},{"data":"Corpse Explosion","floor":25,"key":"SMITH"},{"data":"Footwork","floor":29,"key":"SMITH"},{"data":"Noxious Fumes","floor":32,"key":"SMITH"},{"data":"Malaise","floor":40,"key":"SMITH"},{"floor":42,"key":"RECALL"},{"data":"Catalyst","floor":49,"key":"SMITH"},{"data":"Well Laid Plans","floor":52,"key":"SMITH"}],"neow_cost":"NONE","seed_source_timestamp":1747898105270954,"circlet_count":0,"master_deck":["AscendersBane","Strike_G+1","Strike_G+1","Strike_G+1","Defend_G+1","Defend_G+1","Defend_G+1","Defend_G+1","Defend_G+1","Survivor+1","Neutralize","Backstab+1","Footwork+1","Leg Sweep","Quick Slash+1","Skewer+1","Footwork+1","Escape Plan","Deadly Poison+1","PiercingWail","Corpse Explosion+1","Crippling Poison","Noxious Fumes+1","Acrobatics","Backflip","Noxious Fumes+1","Malaise+1","Escape Plan","Acrobatics+1","Noxious Fumes","Backflip","Catalyst+1","PiercingWail","Well Laid Plans+1","Master of Strategy","Dodge and Roll"],"relics":["Ring of the Snake","War Paint","Regal Pillow","Bird Faced Urn","Coffee Dripper","Tiny Chest","Dodecahedron","Lantern","Oddly Smooth Stone","MawBank","Tiny House","PreservedInsect","OrangePellets","Dream Catcher","Happy Flower","Bag of Preparation","Centennial Puzzle","Pen Nib","Art of War"],"potions_floor_usage":[10,12,18,20,27,34,55,55],"damage_taken":[{"damage":0,"enemies":"Small Slimes","floor":1,"turns":4},{"damage":0,"enemies":"2 Louse","floor":3,"turns":3},{"damage":0,"enemies":"Jaw Worm","floor":4,"turns":6},{"damage":0,"enemies":"Blue Slaver","floor":7,"turns":4},{"damage":21,"enemies":"Lagavulin","floor":10,"turns":5},{"damage":0,"enemies":"Looter","floor":11,"turns":3},{"damage":0,"enemies":"Gremlin Nob","floor":12,"turns":3},{"damage":2,"enemies":"2 Fungi Beasts","floor":14,"turns":3},{"damage":4,"enemies":"The Guardian","floor":16,"turns":13},{"damage":0,"enemies":"Spheric Guardian","floor":18,"turns":3},{"damage":0,"enemies":"2 Thieves","floor":20,"turns":1},{"damage":10,"enemies":"Gremlin Leader","floor":24,"turns":8},{"damage":13,"enemies":"Book of Stabbing","floor":27,"turns":6},{"damage":15,"enemies":"Snake Plant","floor":28,"turns":6},{"damage":29,"enemies":"Automaton","floor":33,"turns":10},{"damage":0,"enemies":"3 Darklings","floor":35,"turns":5},{"damage":2,"enemies":"Nemesis","floor":41,"turns":7},{"damage":6,"enemies":"Orb Walker","floor":44,"turns":4},{"damage":0,"enemies":"Jaw Worm Horde","floor":46,"turns":1},{"damage":0,"enemies":"Giant Head","floor":47,"turns":6},{"damage":1,"enemies":"Sphere and 2 Shapes","floor":48,"turns":5},{"damage":9,"enemies":"Time Eater","floor":50,"turns":9},{"damage":13,"enemies":"Shield and Spear","floor":54,"turns":3},{"damage":46,"enemies":"The Heart","floor":55,"turns":14}],"seed_played":"-5593279956567005078","potions_obtained":[{"floor":0,"key":"SteroidPotion"},{"floor":0,"key":"SteroidPotion"},{"floor":10,"key":"FearPotion"},{"floor":12,"key":"Strength Potion"},{"floor":18,"key":"Fire Potion"},{"floor":28,"key":"Fruit Juice"},{"floor":33,"key":"Energy Potion"},{"floor":34,"key":"Swift Potion"},{"floor":35,"key":"Poison Potion"}],"is_trial":false,"path_per_floor":["M","$","M","M","?","R","M","R","T","E","M","E","R","M","R","B",null,"M","?","M","$","?","R","E","R","T","E","M","R","$","T","R","B",null,"M","?","?","$","?","R","E","R","T","M","$","M","E","M","R","B",null,"R","$","E","B",null],"character_chosen":"THE_SILENT","items_purchased":["Footwork","Noxious Fumes","Noxious Fumes","Oddly Smooth Stone","PreservedInsect","OrangePellets","Noxious Fumes","PiercingWail","Well Laid Plans","Bag of Preparation","Centennial Puzzle","Master of Strategy"],"campfire_rested":0,"item_purchase_floors":[2,21,30,30,38,38,38,45,45,45,45,45],"current_hp_per_floor":[59,59,59,59,59,59,59,59,59,38,38,38,38,38,38,38,59,61,61,61,61,61,61,56,56,56,49,40,40,40,40,40,19,64,72,72,72,72,72,72,74,74,74,76,76,76,76,76,76,71,75,75,75,65,31],"gold":50,"neow_bonus":"THREE_SMALL_POTIONS","is_prod":false,"is_daily":false,"chose_seed":false,"campfire_upgraded":11,"win_rate":0,"timestamp":1559707026,"path_taken":["M","$","M","M","?","R","M","R","T","E","M","E","R","M","R","BOSS","M","?","M","$","?","R","E","R","T","E","M","R","?","?","R","BOSS","M","?","?","$","?","R","E","R","T","M","$","M","E","M","R","BOSS","R","$","E","BOSS"],"build_version":"2019-06-02","purchased_purges":4,"victory":true,"max_hp_per_floor":[66,66,66,66,66,66,66,66,66,66,66,66,66,66,66,66,66,66,66,66,66,66,66,66,66,66,66,66,66,66,66,66,66,76,76,76,76,76,76,76,76,76,76,76,76,76,76,76,76,76,76,76,76,76,76],"card_choices":[{"not_picked":["Concentrate","Poisoned Stab"],"picked":"Backstab","floor":1},{"not_picked":["Terror","Masterful Stab"],"picked":"Leg Sweep","floor":3},{"not_picked":["Bane","Cloak And Dagger"],"picked":"Quick Slash","floor":4},{"not_picked":["Slice","Dagger Throw"],"picked":"Skewer","floor":7},{"not_picked":["Sucker Punch","Bane"],"picked":"Footwork","floor":10},{"not_picked":["Skewer","All Out Attack"],"picked":"Escape Plan","floor":11},{"not_picked":["Night Terror","Sucker Punch"],"picked":"Deadly Poison","floor":12},{"not_picked":["Backflip","Cloak And Dagger"],"picked":"PiercingWail","floor":14},{"not_picked":["Die Die Die","Bullet Time"],"picked":"Corpse Explosion","floor":16},{"not_picked":["Skewer","Setup","Flying Knee"],"picked":"SKIP","floor":18},{"not_picked":["Dagger Throw","Flechettes"],"picked":"Crippling Poison","floor":20},{"not_picked":["Slice","Expertise"],"picked":"Acrobatics","floor":24},{"not_picked":["Deadly Poison+1","Grand Finale"],"picked":"Backflip","floor":27},{"not_picked":["Flying Knee","Underhanded Strike","Eviscerate"],"picked":"SKIP","floor":28},{"not_picked":["Flying Knee","Underhanded Strike","Eviscerate"],"picked":"SKIP","floor":28},{"not_picked":["Corpse Explosion","Doppelganger"],"picked":"Malaise","floor":33},{"not_picked":["Finisher","Outmaneuver"],"picked":"Escape Plan","floor":34},{"not_picked":["Underhanded Strike","Bane"],"picked":"Acrobatics+1","floor":35},{"not_picked":["Unload","Phantasmal Killer"],"picked":"Backflip","floor":41},{"not_picked":["Crippling Poison+1","Accuracy+1"],"picked":"Catalyst","floor":44},{"not_picked":["Poisoned Stab","Deflect","Sucker Punch"],"picked":"SKIP","floor":46},{"not_picked":["All Out Attack","Deflect"],"picked":"Dodge and Roll","floor":47},{"not_picked":["Blade Dance","Underhanded Strike+1","Corpse Explosion"],"picked":"SKIP","floor":48},{"not_picked":["Endless Agony+1","Footwork","Noxious Fumes"],"picked":"SKIP","floor":54}],"player_experience":2519313,"relics_obtained":[{"floor":9,"key":"War Paint"},{"floor":10,"key":"Regal Pillow"},{"floor":12,"key":"Bird Faced Urn"},{"floor":24,"key":"Dodecahedron"},{"floor":27,"key":"Lantern"},{"floor":31,"key":"MawBank"},{"floor":41,"key":"Dream Catcher"},{"floor":43,"key":"Happy Flower"},{"floor":47,"key":"Pen Nib"},{"floor":54,"key":"Art of War"}],"event_choices":[{"damage_healed":0,"gold_gain":0,"player_choice":"Ignored","damage_taken":0,"max_hp_gain":0,"max_hp_loss":0,"event_name":"Liars Game","floor":5,"gold_loss":0},{"damage_healed":0,"gold_gain":0,"player_choice":"Obtained Relic","damage_taken":0,"relics_obtained":["Tiny Chest"],"max_hp_gain":0,"max_hp_loss":0,"event_name":"Addict","floor":19,"gold_loss":85},{"damage_healed":0,"gold_gain":0,"player_choice":"Simplicity","damage_taken":0,"max_hp_gain":0,"max_hp_loss":0,"event_name":"Back to Basics","floor":22,"gold_loss":0,"cards_upgraded":["Strike_G","Strike_G","Strike_G","Strike_G","Defend_G","Defend_G","Defend_G","Defend_G"]},{"damage_healed":0,"gold_gain":0,"player_choice":"Ignored","damage_taken":0,"max_hp_gain":0,"max_hp_loss":0,"event_name":"Tomb of Lord Red Mask","floor":36,"gold_loss":0},{"damage_healed":0,"gold_gain":999,"player_choice":"Gold","damage_taken":0,"max_hp_gain":0,"max_hp_loss":0,"event_name":"MindBloom","floor":37,"gold_loss":0,"cards_obtained":["Normality","Normality"]},{"damage_healed":0,"gold_gain":0,"player_choice":"Leave","damage_taken":0,"max_hp_gain":0,"max_hp_loss":0,"event_name":"FaceTrader","floor":39,"gold_loss":0}],"is_beta":true,"boss_relics":[{"not_picked":["Orrery","Empty Cage"],"picked":"Coffee Dripper"},{"not_picked":["HoveringKite","Runic Dome"],"picked":"Tiny House"}],"items_purged_floors":[21,38,45,53],"is_endless":false,"potions_floor_spawned":[3,10,12,16,18,28,33,35,48],"ascension_level":15}