{"gold_per_floor":[113,113,124,49,49,49,83,83,83,103,132,132,55,87,87,163,163,173,192,202,214,214,67,67,87,87,117,117,137,150,185,185,185],"floor_reached":33,"playtime":1368,"items_purged":["Strike_R","Strike_R"],"score":559,"play_id":"559369fe-27a2-4bf7-87eb-6121875a4f73","local_time":"20190726212836","is_ascension_mode":true,"campfire_choices":[{"data":"Carnage","floor":6,"key":"SMITH"},{"data":"Bash","floor":8,"key":"SMITH"},{"data":"Flame Barrier","floor":15,"key":"SMITH"},{"data":"True Grit","floor":24,"key":"SMITH"},{"floor":28,"key":"REST"},{"floor":32,"key":"REST"}],"neow_cost":"NONE","seed_source_timestamp":1394029691162326,"circlet_count":0,"master_deck":["AscendersBane","Strike_R","Strike_R","Strike_R","Defend_R","Defend_R","Defend_R","Defend_R","Bash+1","Flame Barrier+1","Carnage+1","Anger","Inflame","Juggernaut","Feed","Disarm","Sword Boomerang","Battle Trance","True Grit+1","Burning Pact","Clothesline","Feed","Disarm+1"],"relics":["Burning Blood","Oddly Smooth Stone","Pear","Singing Bowl","Ice Cream","Mark of Pain","Potion Belt","Toxic Egg 2"],"potions_floor_usage":[7,20,21,27,27,31],"damage_taken":[{"damage":8,"enemies":"Small Slimes","floor":1,"turns":4},{"damage":2,"enemies":"Jaw Worm","floor":3,"turns":3},{"damage":13,"enemies":"Lagavulin","floor":7,"turns":6},{"damage":0,"enemies":"Cultist","floor":10,"turns":3},{"damage":5,"enemies":"Gremlin Nob","floor":11,"turns":3},{"damage":26,"enemies":"Lagavulin","floor":14,"turns":6},{"damage":11,"enemies":"The Guardian","floor":16,"turns":10},{"damage":0,"enemies":"3 Byrds","floor":18,"turns":1},{"damage":2,"enemies":"Chosen","floor":19,"turns":4},{"damage":69,"enemies":"Sentry and Sphere","floor":20,"turns":8},{"damage":20,"enemies":"Centurion and Healer","floor":21,"turns":11},{"damage":37,"enemies":"Cultist and Chosen","floor":25,"turns":7},{"damage":18,"enemies":"Book of Stabbing","floor":27,"turns":5},{"damage":12,"enemies":"Snake Plant","floor":29,"turns":4},{"damage":28,"enemies":"Chosen and Byrds","floor":30,"turns":7},{"damage":25,"enemies":"Gremlin Leader","floor":31,"turns":8},{"damage":56,"enemies":"Collector","floor":33,"turns":6}],"seed_played":"-9193602228924210322","potions_obtained":[{"floor":5,"key":"EssenceOfSteel"},{"floor":5,"key":"BloodPotion"},{"floor":7,"key":"LiquidBronze"},{"floor":20,"key":"Regen Potion"},{"floor":25,"key":"Regen Potion"},{"floor":30,"key":"Weak Potion"}],"is_trial":false,"path_per_floor":["M","?","M","$","?","R","E","R","T","M","E","?","$","E","R","B",null,"M","M","M","M","?","$","R","M","T","E","R","M","M","E","R","B"],"character_chosen":"IRONCLAD","items_purchased":["Inflame","True Grit"],"campfire_rested":2,"item_purchase_floors":[13,23],"current_hp_per_floor":[66,71,75,75,75,75,68,68,78,84,87,82,82,62,62,57,83,89,95,55,61,61,61,61,35,35,37,68,62,40,24,56,0],"gold":185,"neow_bonus":"THREE_CARDS","is_prod":false,"is_daily":false,"chose_seed":false,"campfire_upgraded":4,"win_rate":0,"timestamp":1564190916,"path_taken":["M","?","M","$","?","R","E","R","T","?","E","?","$","E","R","BOSS","M","M","?","M","?","$","R","M","T","E","R","M","M","E","R","BOSS"],"build_version":"2019-07-17","purchased_purges":2,"victory":false,"max_hp_per_floor":[75,80,80,80,80,80,80,80,90,90,92,92,92,92,92,92,92,92,95,95,100,100,100,100,105,105,105,105,105,105,108,108,108],"card_choices":[{"not_picked":["Sword Boomerang","Intimidate"],"picked":"Flame Barrier","floor":0},{"not_picked":["Headbutt","True Grit"],"picked":"Carnage","floor":1},{"not_picked":["Sword Boomerang","Blood for Blood"],"picked":"Anger","floor":3},{"not_picked":["Bloodletting","Carnage","Power Through"],"picked":"SKIP","floor":7},{"not_picked":["Rampage","Body Slam","Perfected Strike"],"picked":"SKIP","floor":10},{"not_picked":["Warcry","Anger","Wild Strike"],"picked":"Singing Bowl","floor":11},{"not_picked":["Wild Strike","Pommel Strike"],"picked":"Juggernaut","floor":14},{"not_picked":["Demon Form","Offering"],"picked":"Feed","floor":16},{"not_picked":["Perfected Strike","Wild Strike"],"picked":"Disarm","floor":18},{"not_picked":["Heavy Blade","Iron Wave"],"picked":"Sword Boomerang","floor":19},{"not_picked":["Inflame","Carnage"],"picked":"Battle Trance","floor":20},{"not_picked":["Perfected Strike+1","Sword Boomerang","Havoc"],"picked":"Singing Bowl","floor":21},{"not_picked":["Fire Breathing","Body Slam","Second Wind"],"picked":"Singing Bowl","floor":25},{"not_picked":["Body Slam","Power Through"],"picked":"Burning Pact","floor":27},{"not_picked":["Thunderclap","Body Slam"],"picked":"Clothesline","floor":29},{"not_picked":["Pommel Strike","Iron Wave"],"picked":"Feed","floor":30},{"not_picked":["Headbutt","Anger"],"picked":"Disarm","floor":31}],"player_experience":2621332,"relics_obtained":[{"floor":7,"key":"Oddly Smooth Stone"},{"floor":9,"key":"Pear"},{"floor":11,"key":"Singing Bowl"},{"floor":14,"key":"Ice Cream"},{"floor":27,"key":"Potion Belt"},{"floor":31,"key":"Toxic Egg 2"}],"event_choices":[{"damage_healed":0,"gold_gain":0,"player_choice":"Donut","damage_taken":0,"max_hp_gain":5,"max_hp_loss":0,"event_name":"Big Fish","floor":2,"gold_loss":0},{"damage_healed":0,"gold_gain":0,"player_choice":"Got Potions","damage_taken":0,"max_hp_gain":0,"max_hp_loss":0,"event_name":"Lab","floor":5,"gold_loss":0},{"damage_healed":0,"gold_gain":0,"player_choice":"Bought 0 Potions","damage_taken":0,"max_hp_gain":0,"max_hp_loss":0,"event_name":"The Woman in Blue","floor":12,"gold_loss":0},{"damage_healed":0,"gold_gain":0,"player_choice":"Ignored","damage_taken":0,"max_hp_gain":0,"max_hp_loss":0,"event_name":"The Mausoleum","floor":22,"gold_loss":0}],"is_beta":false,"boss_relics":[{"not_picked":["Runic Cube","Empty Cage"],"picked":"Mark of Pain"}],"items_purged_floors":[4,23],"is_endless":false,"potions_floor_spawned":[7,11,16,19,20,25,30],"killed_by":"Collector","ascension_level":15}