{"gold_per_floor":[117,97,110,35,35,68,68,42,68,68,84,99,132,57,57,132,132,151,3,18,47,67,67,67,86,140,170,182,225,237,281,293,378,390,418,447,681,710,1721,1733,1764,1806,1818,1858,1870],"floor_reached":45,"playtime":1634,"items_purged":["Strike_R"],"score":1006,"play_id":"de1b27cb-3581-4203-8831-7a19b0ce6154","local_time":"20190710224325","is_ascension_mode":true,"campfire_choices":[{"data":"Bash","floor":7,"key":"SMITH"},{"data":"Armaments","floor":10,"key":"SMITH"},{"data":"Anger","floor":15,"key":"SMITH"},{"data":"Immolate","floor":23,"key":"SMITH"},{"data":"Fiend Fire","floor":28,"key":"SMITH"},{"floor":30,"key":"RECALL"},{"data":"Clothesline","floor":32,"key":"SMITH"},{"data":"Dual Wield","floor":40,"key":"SMITH"}],"neow_cost":"NONE","seed_source_timestamp":15746226483544,"circlet_count":0,"master_deck":["AscendersBane","Strike_R","Strike_R+1","Strike_R","Defend_R+1","Defend_R","Defend_R","Defend_R","Bash+1","Clothesline+1","Feel No Pain","Armaments+1","Headbutt","Anger+1","Headbutt","Immolate+1","Shrug It Off","Battle Trance+1","Clothesline","Fiend Fire+1","Heavy Blade+1","Iron Wave+1","Offering","Dual Wield+1","Blood for Blood"],"relics":["Burning Blood","NeowsBlessing","Bag of Marbles","Strawberry","Ancient Tea Set","Snecko Eye","PreservedInsect","Red Mask","MawBank","Omamori","Mercury Hourglass","Sozu","Boot","Pantograph"],"potions_floor_usage":[12,16,18,33],"damage_taken":[{"damage":0,"enemies":"2 Louse","floor":1,"turns":1},{"damage":0,"enemies":"Cultist","floor":3,"turns":1},{"damage":0,"enemies":"Gremlin Nob","floor":6,"turns":1},{"damage":0,"enemies":"Small Slimes","floor":11,"turns":3},{"damage":3,"enemies":"Blue Slaver","floor":12,"turns":4},{"damage":17,"enemies":"3 Sentries","floor":13,"turns":8},{"damage":27,"enemies":"Slime Boss","floor":16,"turns":8},{"damage":1,"enemies":"Spheric Guardian","floor":18,"turns":3},{"damage":10,"enemies":"Shell Parasite","floor":20,"turns":2},{"damage":10,"enemies":"Masked Bandits","floor":21,"turns":3},{"damage":1,"enemies":"Centurion and Healer","floor":22,"turns":2},{"damage":0,"enemies":"Snake Plant","floor":25,"turns":2},{"damage":0,"enemies":"Sentry and Sphere","floor":27,"turns":3},{"damage":7,"enemies":"Slavers","floor":29,"turns":4},{"damage":20,"enemies":"Book of Stabbing","floor":31,"turns":3},{"damage":33,"enemies":"Automaton","floor":33,"turns":9},{"damage":0,"enemies":"3 Darklings","floor":35,"turns":3},{"damage":0,"enemies":"3 Shapes","floor":36,"turns":3},{"damage":6,"enemies":"Sphere and 2 Shapes","floor":38,"turns":2},{"damage":12,"enemies":"Transient","floor":41,"turns":5},{"damage":60,"enemies":"Nemesis","floor":42,"turns":5},{"damage":40,"enemies":"Giant Head","floor":44,"turns":6},{"damage":25,"enemies":"Maw","floor":45,"turns":2}],"seed_played":"9148747762558609622","potions_obtained":[{"floor":2,"key":"Regen Potion"},{"floor":3,"key":"Poison Potion"},{"floor":13,"key":"SteroidPotion"},{"floor":18,"key":"Strength Potion"},{"floor":21,"key":"FairyPotion"},{"floor":33,"key":"Strength Potion"}],"is_trial":false,"path_per_floor":["M","?","M","?","?","E","R","$","T","R","M","M","E","$","R","B",null,"M","$","M","?","M","R","?","M","T","M","R","E","R","E","R","B",null,"M","M","?","M","?","R","M","E","T","E","M"],"character_chosen":"IRONCLAD","items_purchased":["Armaments","PreservedInsect"],"campfire_rested":0,"item_purchase_floors":[8,19],"current_hp_per_floor":[74,74,75,75,52,58,58,58,65,65,71,82,71,71,71,50,74,79,79,75,71,76,76,76,82,82,82,82,81,81,67,67,40,72,78,82,82,82,82,82,76,22,22,14,0],"gold":1870,"neow_bonus":"THREE_ENEMY_KILL","is_prod":false,"is_daily":false,"chose_seed":false,"campfire_upgraded":7,"win_rate":0,"timestamp":1562813005,"path_taken":["M","?","?","?","?","E","R","$","T","R","M","M","E","$","R","BOSS","M","$","M","?","M","R","?","M","T","M","R","E","R","E","R","BOSS","M","M","?","M","?","R","M","E","T","E","M"],"build_version":"2019-07-10","purchased_purges":1,"victory":false,"max_hp_per_floor":[75,75,75,75,75,75,75,75,82,82,82,82,82,82,82,82,82,82,82,82,82,82,82,82,82,82,82,82,82,82,82,82,82,82,82,82,82,82,82,82,82,82,82,82,82],"card_choices":[{"not_picked":["Havoc","Sever Soul","Intimidate"],"picked":"SKIP","floor":1},{"not_picked":["Ghostly Armor","Dropkick"],"picked":"Clothesline","floor":3},{"not_picked":["Flex","Shrug It Off"],"picked":"Feel No Pain","floor":6},{"not_picked":["Rupture","Infernal Blade"],"picked":"Headbutt","floor":11},{"not_picked":["Second Wind","Wild Strike"],"picked":"Anger","floor":12},{"not_picked":["Shrug It Off","Heavy Blade"],"picked":"Headbutt","floor":13},{"not_picked":["Fiend Fire","Dark Embrace"],"picked":"Immolate","floor":16},{"not_picked":["Flex","Heavy Blade"],"picked":"Shrug It Off","floor":18},{"not_picked":["Evolve","Thunderclap"],"picked":"Battle Trance+1","floor":20},{"not_picked":["Rupture","Hemokinesis","Iron Wave"],"picked":"SKIP","floor":22},{"not_picked":["Havoc","Flex","Fire Breathing"],"picked":"SKIP","floor":25},{"not_picked":["Flex","Shrug It Off+1"],"picked":"Fiend Fire","floor":27},{"not_picked":["Metallicize","Perfected Strike+1"],"picked":"Heavy Blade+1","floor":29},{"not_picked":["Sword Boomerang","Wild Strike"],"picked":"Iron Wave+1","floor":31},{"not_picked":["Berserk","Brutality"],"picked":"Offering","floor":33},{"not_picked":["Metallicize+1","Body Slam"],"picked":"Dual Wield","floor":35},{"not_picked":["Rupture","Hemokinesis","Headbutt"],"picked":"SKIP","floor":36},{"not_picked":["Anger+1","Carnage","Twin Strike"],"picked":"SKIP","floor":38},{"not_picked":["Rage+1","Dropkick","True Grit"],"picked":"SKIP","floor":41},{"not_picked":["Wild Strike","Perfected Strike","Iron Wave"],"picked":"SKIP","floor":42},{"not_picked":["Body Slam+1","Sword Boomerang+1"],"picked":"Blood for Blood","floor":44}],"player_experience":2624613,"relics_obtained":[{"floor":6,"key":"Bag of Marbles"},{"floor":9,"key":"Strawberry"},{"floor":13,"key":"Ancient Tea Set"},{"floor":21,"key":"Red Mask"},{"floor":26,"key":"MawBank"},{"floor":29,"key":"Omamori"},{"floor":31,"key":"Mercury Hourglass"},{"floor":42,"key":"Boot"},{"floor":44,"key":"Pantograph"}],"event_choices":[{"damage_healed":0,"gold_gain":0,"player_choice":"Bought 1 Potion","damage_taken":0,"max_hp_gain":0,"max_hp_loss":0,"event_name":"The Woman in Blue","floor":2,"gold_loss":0},{"cards_removed":["Strike_R"],"damage_healed":0,"gold_gain":0,"player_choice":"Card Removal","damage_taken":0,"max_hp_gain":0,"max_hp_loss":0,"event_name":"The Cleric","floor":4,"gold_loss":75},{"damage_healed":0,"gold_gain":0,"player_choice":"Entered Light","damage_taken":23,"max_hp_gain":0,"max_hp_loss":0,"event_name":"Shining Light","floor":5,"gold_loss":0,"cards_upgraded":["Defend_R","Strike_R"]},{"damage_healed":0,"gold_gain":0,"player_choice":"Fought Bandits","damage_taken":0,"max_hp_gain":0,"max_hp_loss":0,"event_name":"Masked Bandits","floor":21,"gold_loss":0},{"damage_healed":0,"gold_gain":0,"player_choice":"Read","damage_taken":0,"max_hp_gain":0,"max_hp_loss":0,"event_name":"The Library","floor":24,"gold_loss":0,"cards_obtained":["Clothesline"]},{"damage_healed":0,"gold_gain":222,"player_choice":"Wore Mask","damage_taken":0,"max_hp_gain":0,"max_hp_loss":0,"event_name":"Tomb of Lord Red Mask","floor":37,"gold_loss":0},{"damage_healed":0,"gold_gain":999,"player_choice":"Gold","damage_taken":0,"max_hp_gain":0,"max_hp_loss":0,"event_name":"MindBloom","floor":39,"gold_loss":0,"cards_obtained":["Normality","Normality"]}],"is_beta":true,"boss_relics":[{"not_picked":["Philosopher\u0027s Stone","Empty Cage"],"picked":"Snecko Eye"},{"not_picked":["Runic Cube","Black Blood"],"picked":"Sozu"}],"items_purged_floors":[14],"is_endless":false,"potions_floor_spawned":[3,6,13,18,21,33,36,38,41],"killed_by":"Maw","ascension_level":15}