{"gold_per_floor":[112,112,126,136,43,43,57,57,111,111,124,155,166,182,182,284,284,303,315,315,25,44,44,44,56,56,56],"floor_reached":27,"playtime":1144,"items_purged":["Strike_R"],"score":217,"play_id":"919f3556-a865-49b5-b0e5-2cab359674d7","local_time":"20190118000806","is_ascension_mode":false,"campfire_choices":[{"data":"Armaments","floor":6,"key":"SMITH"},{"data":"Spot Weakness","floor":8,"key":"SMITH"},{"data":"Whirlwind","floor":10,"key":"SMITH"},{"data":"Bash","floor":15,"key":"SMITH"},{"data":"Juggernaut","floor":23,"key":"SMITH"}],"neow_cost":"NONE","seed_source_timestamp":99781247422000,"circlet_count":0,"master_deck":["Strike_R","Strike_R","Strike_R","Defend_R","Defend_R","Defend_R","Bash+1","Spot Weakness+1","Cleave","Iron Wave","Whirlwind+1","Armaments+1","Anger","Burning Pact","Shrug It Off","Clothesline","Rampage","Juggernaut+1","Bloodletting","Spot Weakness+1","Rage","Body Slam","Anger+1"],"relics":["Burning Blood","Ancient Tea Set","Dream Catcher","Black Star","Anchor","Omamori","Shuriken"],"potions_floor_usage":[22],"damage_taken":[{"damage":9,"enemies":"Jaw Worm","floor":1,"turns":4},{"damage":13,"enemies":"Cultist","floor":3,"turns":5},{"damage":0,"enemies":"Small Slimes","floor":4,"turns":3},{"damage":13,"enemies":"2 Fungi Beasts","floor":7,"turns":3},{"damage":3,"enemies":"Gremlin Gang","floor":11,"turns":3},{"damage":13,"enemies":"3 Sentries","floor":12,"turns":4},{"damage":0,"enemies":"Exordium Wildlife","floor":13,"turns":3},{"damage":2,"enemies":"Blue Slaver","floor":14,"turns":3},{"damage":31,"enemies":"The Guardian","floor":16,"turns":8},{"damage":11,"enemies":"Chosen","floor":18,"turns":6},{"damage":36,"enemies":"Shell Parasite","floor":19,"turns":5},{"damage":4,"enemies":"Centurion and Healer","floor":22,"turns":7},{"damage":22,"enemies":"Snake Plant","floor":25,"turns":3},{"damage":39,"enemies":"Sentry and Sphere","floor":27,"turns":5}],"seed_played":"2538557561804410027","potions_obtained":[{"floor":1,"key":"Regen Potion"},{"floor":12,"key":"AttackPotion"},{"floor":14,"key":"Strength Potion"},{"floor":16,"key":"AttackPotion"}],"is_trial":false,"path_per_floor":["M","?","M","M","$","R","M","R","T","R","M","E","M","M","R","B",null,"M","M","?","$","M","R","$","M","T","M"],"character_chosen":"IRONCLAD","items_purchased":["Whirlwind","Armaments","Rage","Omamori"],"campfire_rested":0,"item_purchase_floors":[5,5,21,21],"current_hp_per_floor":[77,77,70,76,76,76,69,69,69,69,72,65,71,75,75,50,80,75,45,45,45,47,47,47,31,31,0],"gold":56,"neow_bonus":"REMOVE_CARD","is_prod":false,"is_daily":false,"chose_seed":false,"campfire_upgraded":5,"win_rate":0,"timestamp":1547766486,"path_taken":["M","?","M","M","$","R","M","R","T","R","M","E","M","?","R","BOSS","M","M","?","$","M","R","$","?","T","M"],"build_version":"2019-01-10","purchased_purges":1,"victory":false,"max_hp_per_floor":[80,80,80,80,80,80,80,80,80,80,80,80,80,80,80,80,80,80,80,80,80,80,80,80,80,80,80],"card_choices":[{"not_picked":["Havoc","Flex"],"picked":"Spot Weakness","floor":1},{"not_picked":["Fire Breathing","Body Slam"],"picked":"Cleave","floor":3},{"not_picked":["Combust","Reaper"],"picked":"Iron Wave","floor":4},{"not_picked":["Flex","Perfected Strike"],"picked":"Anger","floor":7},{"not_picked":["Twin Strike","Blood for Blood"],"picked":"Burning Pact","floor":11},{"not_picked":["Rupture","Offering"],"picked":"Shrug It Off","floor":12},{"not_picked":["Clash","Heavy Blade"],"picked":"Clothesline","floor":13},{"not_picked":["Armaments","Wild Strike"],"picked":"Rampage","floor":14},{"not_picked":["Reaper","Barricade"],"picked":"Juggernaut","floor":16},{"not_picked":["Thunderclap","Clothesline"],"picked":"Bloodletting","floor":18},{"not_picked":["Anger","Cleave"],"picked":"Spot Weakness+1","floor":19},{"not_picked":["Warcry","Heavy Blade"],"picked":"Body Slam","floor":22},{"not_picked":["Sword Boomerang+1","Clothesline"],"picked":"Anger+1","floor":25}],"player_experience":193284,"relics_obtained":[{"floor":9,"key":"Ancient Tea Set"},{"floor":12,"key":"Dream Catcher"},{"floor":26,"key":"Shuriken"}],"event_choices":[{"cards_removed":["Strike_R"],"damage_healed":0,"gold_gain":0,"player_choice":"Purged","damage_taken":0,"max_hp_gain":0,"max_hp_loss":0,"event_name":"Purifier","floor":2,"gold_loss":0},{"damage_healed":0,"gold_gain":0,"player_choice":"Gave Potion","damage_taken":0,"relics_obtained":["Anchor"],"max_hp_gain":0,"max_hp_loss":0,"event_name":"WeMeetAgain","floor":20,"gold_loss":0}],"is_beta":false,"boss_relics":[{"not_picked":["Philosopher\u0027s Stone","Snecko Eye"],"picked":"Black Star"}],"items_purged_floors":[21],"is_endless":false,"potions_floor_spawned":[1,12,14,16,18,19],"killed_by":"Sentry and Sphere","ascension_level":0}