{"gold_per_floor":[11,11,11,34,7,7,21,21,21,42,25,56,71,110,110,206,206,225,225,78,91,114,114,152,173,200,200],"floor_reached":27,"playtime":2973,"items_purged":["Strike_R"],"score":473,"play_id":"1ca51fee-f423-4c58-89c1-ebd25e6fac22","local_time":"20190712203854","is_ascension_mode":true,"campfire_choices":[{"data":"Bash","floor":6,"key":"SMITH"},{"data":"Inflame","floor":8,"key":"SMITH"},{"data":"Corruption","floor":15,"key":"SMITH"},{"data":"Barricade","floor":23,"key":"SMITH"}],"neow_cost":"NO_GOLD","seed_source_timestamp":179747861087632,"circlet_count":0,"master_deck":["AscendersBane","Strike_R","Strike_R","Strike_R","Strike_R","Defend_R","Defend_R","Defend_R+1","Defend_R","Bash+1","Bludgeon+1","Shrug It Off","Headbutt","hubris:ReadiedAction","Inflame+1","Corruption+1","Ghostly Armor","Barricade+1","Impervious","Body Slam+1","Feel No Pain","Armaments+1","Shockwave+1"],"relics":["Burning Blood","Golden Idol","Ornamental Fan","Bottled Flame","hubris:GrandSneckoEye","Singing Bowl","War Paint"],"potions_floor_usage":[11,16,27],"damage_taken":[{"damage":7,"enemies":"Jaw Worm","floor":1,"turns":2},{"damage":0,"enemies":"2 Louse","floor":4,"turns":2},{"damage":4,"enemies":"Small Slimes","floor":7,"turns":2},{"damage":20,"enemies":"3 Louse","floor":10,"turns":4},{"damage":11,"enemies":"Exordium Thugs","floor":11,"turns":4},{"damage":0,"enemies":"Gremlin Nob","floor":12,"turns":2},{"damage":3,"enemies":"Looter","floor":13,"turns":2},{"damage":15,"enemies":"3 Sentries","floor":14,"turns":9},{"damage":26,"enemies":"Hexaghost","floor":16,"turns":9},{"damage":2,"enemies":"Chosen","floor":18,"turns":3},{"damage":0,"enemies":"Spheric Guardian","floor":21,"turns":2},{"damage":19,"enemies":"Shelled Parasite and Fungi","floor":22,"turns":7},{"damage":42,"enemies":"Gremlin Leader","floor":24,"turns":8},{"damage":13,"enemies":"Snake Plant","floor":25,"turns":4},{"damage":21,"enemies":"Slavers","floor":27,"turns":4}],"seed_played":"4326311834588877967","potions_obtained":[{"floor":7,"key":"SpeedPotion"},{"floor":10,"key":"AttackPotion"},{"floor":16,"key":"SneckoOil"},{"floor":18,"key":"SpeedPotion"},{"floor":24,"key":"Ancient Potion"}],"is_trial":false,"path_per_floor":["M","?","?","M","$","R","M","R","T","M","M","E","M","E","R","B",null,"M","?","$","M","M","R","E","M","T","E"],"character_chosen":"IRONCLAD","items_purchased":["hubris:ReadiedAction","Feel No Pain"],"campfire_rested":0,"item_purchase_floors":[5,20],"current_hp_per_floor":[67,67,41,47,47,47,49,49,49,35,30,36,39,30,30,10,59,63,63,63,69,56,56,20,15,15,0],"gold":200,"neow_bonus":"THREE_RARE_CARDS","is_prod":false,"is_daily":false,"chose_seed":false,"campfire_upgraded":4,"win_rate":0,"timestamp":1562978334,"path_taken":["M","?","?","M","$","R","M","R","T","M","M","E","M","E","R","BOSS","M","?","$","M","M","R","E","M","T","E"],"build_version":"2019-07-05","purchased_purges":1,"victory":false,"max_hp_per_floor":[75,75,75,75,75,75,75,75,75,75,75,75,75,75,75,75,75,75,75,75,75,75,75,75,77,77,77],"card_choices":[{"not_picked":["Limit Break","Brutality"],"picked":"Bludgeon","floor":0},{"not_picked":["Body Slam","Armaments"],"picked":"Shrug It Off","floor":1},{"not_picked":["Wild Strike","Ghostly Armor"],"picked":"Headbutt","floor":4},{"not_picked":["Clothesline","Havoc"],"picked":"Inflame","floor":7},{"not_picked":["Bloodletting","Body Slam"],"picked":"Corruption","floor":10},{"not_picked":["Clash","Pommel Strike"],"picked":"Ghostly Armor","floor":11},{"not_picked":["Ghostly Armor","Hemokinesis"],"picked":"Barricade","floor":12},{"not_picked":["hubris:CleavingFinish","Wild Strike","Armaments"],"picked":"SKIP","floor":13},{"not_picked":["Hemokinesis","Metallicize","Inflame"],"picked":"SKIP","floor":14},{"not_picked":["Fiend Fire","Exhume"],"picked":"Impervious","floor":16},{"not_picked":["Flex","Sever Soul"],"picked":"Body Slam+1","floor":18},{"not_picked":["Cleave","Inflame","Corruption"],"picked":"SKIP","floor":21},{"not_picked":["Intimidate","Twin Strike"],"picked":"Armaments","floor":22},{"not_picked":["Second Wind","Sword Boomerang"],"picked":"Shockwave+1","floor":24},{"not_picked":["Flex","Sword Boomerang","Body Slam"],"picked":"Singing Bowl","floor":25}],"player_experience":2559934,"relics_obtained":[{"floor":12,"key":"Ornamental Fan"},{"floor":14,"key":"Bottled Flame"},{"floor":24,"key":"Singing Bowl"},{"floor":26,"key":"War Paint"}],"event_choices":[{"damage_healed":0,"gold_gain":0,"player_choice":"Grow","damage_taken":0,"max_hp_gain":0,"max_hp_loss":0,"event_name":"Living Wall","floor":2,"gold_loss":0,"cards_upgraded":["Bludgeon"]},{"damage_healed":0,"gold_gain":0,"player_choice":"Take Damage","damage_taken":26,"relics_obtained":["Golden Idol"],"max_hp_gain":0,"max_hp_loss":0,"event_name":"Golden Idol","floor":3,"gold_loss":0},{"damage_healed":0,"gold_gain":0,"player_choice":"Ignored","damage_taken":0,"max_hp_gain":0,"max_hp_loss":0,"event_name":"The Mausoleum","floor":19,"gold_loss":0}],"is_beta":false,"boss_relics":[{"not_picked":["Black Blood","Runic Pyramid"],"picked":"hubris:GrandSneckoEye"}],"items_purged_floors":[20],"is_endless":false,"potions_floor_spawned":[7,10,16,18,24],"killed_by":"Slavers","ascension_level":15}