{"gold_per_floor":[111,111,57,67,67,67,77,97,97,39,39,69,1,34,34,107,107,93,42,94,94,108,108],"floor_reached":23,"playtime":919,"items_purged":[],"score":345,"play_id":"05fa61fa-0e48-45cf-a4a0-a32153430439","local_time":"20190812224205","is_ascension_mode":true,"campfire_choices":[{"data":"Zap","floor":6.0,"key":"SMITH"},{"floor":11.0,"key":"REST"},{"floor":15.0,"key":"REST"}],"neow_cost":"PERCENT_DAMAGE","seed_source_timestamp":2867788711941581,"circlet_count":0,"master_deck":["AscendersBane","Strike_B","Strike_B","Strike_B","Defend_B","Defend_B","Defend_B","Defend_B","Zap+1","Dualcast","Electrodynamics","Cold Snap","Coolheaded","Hologram","Capacitor","Creative AI","Fission","Ghostly","Ghostly","Ghostly","Steam"],"special_seed":0,"relics":["FrozenCore","Regal Pillow","Cables","Juzu Bracelet","Art of War","Omamori"],"potions_floor_usage":[],"damage_taken":[{"damage":8.0,"enemies":"Small Slimes","floor":1.0,"turns":2.0},{"damage":1.0,"enemies":"Cultist","floor":4.0,"turns":4.0},{"damage":0.0,"enemies":"Jaw Worm","floor":7.0,"turns":3.0},{"damage":14.0,"enemies":"Lots of Slimes","floor":8.0,"turns":2.0},{"damage":18.0,"enemies":"Lagavulin","floor":12.0,"turns":8.0},{"damage":35.0,"enemies":"Gremlin Nob","floor":14.0,"turns":5.0},{"damage":13.0,"enemies":"The Guardian","floor":16.0,"turns":9.0},{"damage":12.0,"enemies":"2 Thieves","floor":18.0,"turns":4.0},{"damage":29.0,"enemies":"Shell Parasite","floor":22.0,"turns":14.0},{"damage":15,"enemies":"Gremlin Leader","floor":23,"turns":4}],"seed_played":"3594766363617697996","potions_obtained":[{"floor":5.0,"key":"Swift Potion"},{"floor":5.0,"key":"FairyPotion"},{"floor":7.0,"key":"SkillPotion"},{"floor":8.0,"key":"Regen Potion"},{"floor":14.0,"key":"Swift Potion"},{"floor":22.0,"key":"LiquidBronze"}],"is_trial":false,"path_per_floor":["M","?","$","M","?","R","M","M","T","?","R","E","?","E","R","B",null,"M","$","T","?","M","E"],"character_chosen":"DEFECT","items_purchased":["Cold Snap","Energy Potion"],"campfire_rested":2,"item_purchase_floors":[3,19],"current_hp_per_floor":[38,38,38,37,37,37,37,23,23,23,59,56,56,21,57,44,64,52,52,52,35,6,0],"gold":108,"neow_bonus":"THREE_RARE_CARDS","is_prod":false,"is_daily":false,"chose_seed":false,"campfire_upgraded":1,"win_rate":0,"timestamp":1565664125,"path_taken":["M","?","$","?","?","R","?","M","T","?","R","E","?","E","R","BOSS","M","$","?","?","M","E"],"build_version":"2019-07-17","purchased_purges":0,"victory":false,"max_hp_per_floor":[71,71,71,71,71,71,71,71,71,71,71,71,71,71,71,71,71,71,71,71,35,35,35],"card_choices":[{"not_picked":["Hyperbeam","Amplify"],"picked":"Electrodynamics","floor":0.0},{"not_picked":["Turbo","Barrage","Steam Power"],"picked":"SKIP","floor":1.0},{"not_picked":["Turbo","Gash","Stack"],"picked":"SKIP","floor":4.0},{"not_picked":["Streamline","Reboot"],"picked":"Coolheaded","floor":7.0},{"not_picked":["Redo","Storm"],"picked":"Hologram","floor":8.0},{"not_picked":["Tempest","Leap"],"picked":"Capacitor","floor":12.0},{"not_picked":["Streamline","Reboot"],"picked":"Creative AI","floor":14.0},{"not_picked":["Hyperbeam","Meteor Strike"],"picked":"Fission","floor":16.0},{"not_picked":["Gash+1","Coolheaded","Consume"],"picked":"SKIP","floor":18.0},{"not_picked":["Sweeping Beam","Storm"],"picked":"Steam","floor":22.0}],"player_experience":2676855,"relics_obtained":[{"floor":9.0,"key":"Regal Pillow"},{"floor":12.0,"key":"Cables"},{"floor":14.0,"key":"Art of War"},{"floor":20.0,"key":"Omamori"}],"event_choices":[{"cards_removed":["Strike_B"],"damage_healed":0.0,"max_hp_gain":0.0,"max_hp_loss":0.0,"gold_gain":0.0,"event_name":"Bonfire Elementals","player_choice":"Offered Basic","floor":2.0,"gold_loss":0.0,"damage_taken":0.0},{"damage_healed":0.0,"max_hp_gain":0.0,"max_hp_loss":0.0,"gold_gain":0.0,"event_name":"Lab","player_choice":"Got Potions","floor":5.0,"gold_loss":0.0,"damage_taken":0.0},{"damage_healed":0.0,"max_hp_gain":0.0,"max_hp_loss":0.0,"gold_gain":0.0,"event_name":"World of Goop","player_choice":"Left Gold","floor":10.0,"gold_loss":58.0,"damage_taken":0.0},{"damage_healed":0.0,"max_hp_gain":0.0,"max_hp_loss":0.0,"gold_gain":0.0,"event_name":"WeMeetAgain","player_choice":"Paid Gold","floor":13.0,"gold_loss":68.0,"damage_taken":0.0,"relics_obtained":["Juzu Bracelet"]},{"damage_healed":0.0,"max_hp_gain":0.0,"max_hp_loss":36.0,"gold_gain":0.0,"event_name":"Ghosts","player_choice":"Became a Ghost","floor":21.0,"gold_loss":0.0,"damage_taken":0.0,"cards_obtained":["Ghostly","Ghostly","Ghostly"]}],"is_beta":false,"boss_relics":[{"not_picked":["Empty Cage","Ectoplasm"],"picked":"FrozenCore"}],"items_purged_floors":[],"is_endless":false,"potions_floor_spawned":[7,8,14,22],"killed_by":"Gremlin Leader","ascension_level":15}