{"gold_per_floor":[111,36,55,65,82,82,111,130,155,155,155,9,9,9,9,87,87,97,47,60,79,129,129,163,163,163,193,2,32,49,64,64,141,141,157,173,192,192,192,217,217,167,167,167,13,13,13,26,26,26,26,26,26,26],"floor_reached":54,"playtime":1848,"items_purged":["Strike_B+1"],"score":1265,"play_id":"731551c7-d8a5-4271-a1ad-18855614ea13","local_time":"20190707012039","is_ascension_mode":true,"campfire_choices":[{"data":"Zap","floor":6.0,"key":"SMITH"},{"data":"Barrage","floor":10.0,"key":"SMITH"},{"data":"Blizzard","floor":13.0,"key":"SMITH"},{"data":"Self Repair","floor":15.0,"key":"SMITH"},{"data":"Electrodynamics","floor":23,"key":"SMITH"},{"data":"Dualcast","floor":25,"key":"SMITH"},{"floor":32,"key":"REST"},{"data":"Loop","floor":41,"key":"SMITH"},{"floor":44,"key":"RECALL"},{"data":"Creative AI","floor":46,"key":"SMITH"},{"data":"Glacier","floor":49,"key":"SMITH"},{"data":"White Noise","floor":52,"key":"SMITH"}],"neow_cost":"NONE","seed_source_timestamp":183615367023964,"circlet_count":0,"master_deck":["AscendersBane","Defend_B","Defend_B","Defend_B","Defend_B","Zap+1","Dualcast+1","Glacier","Cold Snap+1","Barrage+1","Echo Form","Self Repair+1","Blizzard+1","Electrodynamics+1","Glacier+1","Undo+1","Turbo+1","Compile Driver+1","White Noise+1","Doom and Gloom+1","Glacier+1","Blizzard+1","Loop+1","Recycle+1"],"special_seed":0,"relics":["Cracked Core","Smiling Mask","Potion Belt","Black Star","Centennial Puzzle","Bronze Scales","Bag of Marbles","Happy Flower","Molten Egg 2","Anchor","Juzu Bracelet","Boot","Philosopher\u0027s Stone","Art of War","Whetstone","Oddly Smooth Stone"],"potions_floor_usage":[33,33,40,40,50,50,54],"damage_taken":[{"damage":0.0,"enemies":"Cultist","floor":1.0,"turns":3.0},{"damage":0.0,"enemies":"2 Louse","floor":3.0,"turns":3.0},{"damage":0.0,"enemies":"Small Slimes","floor":4.0,"turns":4.0},{"damage":18.0,"enemies":"Gremlin Gang","floor":5.0,"turns":6.0},{"damage":10.0,"enemies":"3 Sentries","floor":7.0,"turns":11.0},{"damage":0.0,"enemies":"Large Slime","floor":8.0,"turns":5.0},{"damage":23.0,"enemies":"The Guardian","floor":16.0,"turns":11.0},{"damage":29,"enemies":"2 Thieves","floor":18,"turns":3},{"damage":2,"enemies":"Shell Parasite","floor":20,"turns":7},{"damage":6,"enemies":"Centurion and Healer","floor":21,"turns":10},{"damage":14,"enemies":"Gremlin Leader","floor":24,"turns":8},{"damage":27,"enemies":"Book of Stabbing","floor":27,"turns":5},{"damage":37,"enemies":"Slavers","floor":29,"turns":5},{"damage":4,"enemies":"Sentry and Sphere","floor":30,"turns":3},{"damage":0,"enemies":"Snecko","floor":31,"turns":3},{"damage":27,"enemies":"Automaton","floor":33,"turns":10},{"damage":4,"enemies":"3 Shapes","floor":35,"turns":5},{"damage":10,"enemies":"3 Darklings","floor":36,"turns":3},{"damage":28,"enemies":"Maw","floor":37,"turns":9},{"damage":14,"enemies":"Giant Head","floor":40,"turns":9},{"damage":0,"enemies":"Writhing Mass","floor":48,"turns":5},{"damage":19,"enemies":"Awakened One","floor":50,"turns":16},{"damage":97,"enemies":"Shield and Spear","floor":54,"turns":3}],"seed_played":"4542036766488953874","potions_obtained":[{"floor":1.0,"key":"Block Potion"},{"floor":3.0,"key":"SteroidPotion"},{"floor":5.0,"key":"SkillPotion"},{"floor":16.0,"key":"Ancient Potion"},{"floor":24,"key":"SpeedPotion"},{"floor":29,"key":"AttackPotion"},{"floor":30,"key":"Dexterity Potion"},{"floor":37,"key":"EntropicBrew"}],"is_trial":false,"path_per_floor":["M","?","M","M","M","R","E","M","T","R","?","$","R","?","R","B",null,"M","?","M","M","?","R","E","R","T","E","$","E","M","M","R","B",null,"M","M","M","?","?","E","R","$","T","R","$","R","?","M","R","B",null,"R","$","E"],"character_chosen":"DEFECT","items_purchased":["Self Repair","Blizzard","Anchor","White Noise","Oddly Smooth Stone"],"campfire_rested":1,"item_purchase_floors":[12,12,28,28,45],"current_hp_per_floor":[64,64,64,64,46,46,36,36,36,36,29,29,29,29,29,26,60,41,41,49,53,53,53,49,49,49,42,42,25,21,21,42,25,60,66,71,63,63,63,67,67,67,67,67,67,67,67,67,67,48,62,62,62,0],"gold":26,"neow_bonus":"REMOVE_CARD","is_prod":false,"is_daily":false,"chose_seed":false,"campfire_upgraded":10,"win_rate":0,"timestamp":1562476839,"path_taken":["M","?","M","M","M","R","E","M","T","R","?","$","R","?","R","BOSS","M","?","M","?","?","R","E","R","T","E","$","E","M","M","R","BOSS","M","M","M","?","?","E","R","$","T","R","$","R","?","M","R","BOSS","R","$","E"],"build_version":"2019-07-03","purchased_purges":1,"victory":false,"max_hp_per_floor":[71,71,71,71,71,71,71,71,71,71,71,71,71,71,71,71,71,71,71,71,71,71,71,71,71,71,71,71,71,71,71,71,71,71,71,71,71,71,67,67,67,67,67,67,67,67,67,67,67,67,67,67,67,67],"card_choices":[{"not_picked":["Capacitor","Reprogram"],"picked":"Glacier","floor":1.0},{"not_picked":["Beam Cell","Auto Shields","Go for the Eyes"],"picked":"SKIP","floor":3.0},{"not_picked":["Chaos","Rebound"],"picked":"Cold Snap","floor":4.0},{"not_picked":["Leap","Turbo","Scrape"],"picked":"SKIP","floor":5.0},{"not_picked":["Skim","Double Energy"],"picked":"Barrage","floor":7.0},{"not_picked":["Capacitor","Force Field"],"picked":"Echo Form","floor":8.0},{"not_picked":["Meteor Strike","Multi-Cast"],"picked":"Electrodynamics","floor":16.0},{"not_picked":["Beam Cell","Coolheaded"],"picked":"Glacier","floor":18},{"not_picked":["Rebound","Force Field"],"picked":"Undo+1","floor":20},{"not_picked":["Heatsinks+1","Hello World"],"picked":"Turbo+1","floor":21},{"not_picked":["Leap","Barrage","Gash"],"picked":"SKIP","floor":24},{"not_picked":["Storm+1","Stack"],"picked":"Compile Driver","floor":27},{"not_picked":["Echo Form","Darkness"],"picked":"Doom and Gloom+1","floor":29},{"not_picked":["Cold Snap+1","Go for the Eyes+1","Rebound+1"],"picked":"SKIP","floor":30},{"not_picked":["Melter+1","Turbo+1","White Noise"],"picked":"SKIP","floor":31},{"not_picked":["Multi-Cast","Hyperbeam+1"],"picked":"Creative AI","floor":33},{"not_picked":["Redo+1","Stack+1"],"picked":"Glacier+1","floor":35},{"not_picked":["Gash+1","FTL+1"],"picked":"Blizzard+1","floor":36},{"not_picked":["Hologram","Compile Driver+1","Turbo"],"picked":"SKIP","floor":37},{"not_picked":["BootSequence","Doom and Gloom+1"],"picked":"Loop","floor":40},{"not_picked":["Compile Driver+1","Beam Cell+1"],"picked":"Recycle+1","floor":48}],"player_experience":2602638,"relics_obtained":[{"floor":7.0,"key":"Smiling Mask"},{"floor":9.0,"key":"Potion Belt"},{"floor":24,"key":"Centennial Puzzle"},{"floor":24,"key":"Bronze Scales"},{"floor":26,"key":"Bag of Marbles"},{"floor":27,"key":"Happy Flower"},{"floor":27,"key":"Molten Egg 2"},{"floor":29,"key":"Juzu Bracelet"},{"floor":29,"key":"Boot"},{"floor":40,"key":"Art of War"},{"floor":40,"key":"Whetstone"}],"event_choices":[{"cards_removed":["Strike_B"],"damage_healed":0.0,"max_hp_gain":0.0,"max_hp_loss":0.0,"gold_gain":0.0,"event_name":"The Cleric","player_choice":"Card Removal","floor":2.0,"gold_loss":75.0,"damage_taken":0.0},{"cards_removed":["Strike_B"],"damage_healed":0.0,"max_hp_gain":0.0,"max_hp_loss":0.0,"gold_gain":0.0,"event_name":"Golden Wing","player_choice":"Card Removal","floor":11.0,"gold_loss":0.0,"damage_taken":7.0},{"damage_healed":0.0,"max_hp_gain":0.0,"max_hp_loss":0.0,"gold_gain":0.0,"event_name":"Golden Idol","player_choice":"Ignored","floor":14.0,"gold_loss":0.0,"damage_taken":0.0},{"damage_healed":0,"gold_gain":0,"player_choice":"Bet on Murderer","damage_taken":0,"max_hp_gain":0,"max_hp_loss":0,"event_name":"The Joust","floor":19,"gold_loss":50},{"damage_healed":0,"gold_gain":50,"player_choice":"Pray","damage_taken":0,"max_hp_gain":0,"max_hp_loss":0,"event_name":"Golden Shrine","floor":22,"gold_loss":0},{"damage_healed":0,"gold_gain":0,"player_choice":"Ignored","damage_taken":0,"max_hp_gain":0,"max_hp_loss":0,"event_name":"Tomb of Lord Red Mask","floor":38,"gold_loss":0},{"damage_healed":0,"gold_gain":0,"player_choice":"Max HP","damage_taken":0,"max_hp_gain":0,"max_hp_loss":4,"event_name":"Winding Halls","floor":39,"gold_loss":0},{"cards_removed":["Creative AI"],"damage_healed":0,"gold_gain":0,"player_choice":"Removed Power","damage_taken":0,"max_hp_gain":0,"max_hp_loss":0,"event_name":"Falling","floor":47,"gold_loss":0}],"is_beta":true,"boss_relics":[{"not_picked":["Ectoplasm","Eternal Feather"],"picked":"Black Star"},{"not_picked":["Pandora\u0027s Box","Lizard Tail"],"picked":"Philosopher\u0027s Stone"}],"items_purged_floors":[42],"is_endless":false,"potions_floor_spawned":[1,3,5,16,24,29,30,31,37],"killed_by":"Shield and Spear","ascension_level":15}