{"gold_per_floor":[110,110,122,138,149,178,178,238,264,156,156,156,182,209,209,283,283,300,300,311,311,329,329,339,339,339,339,365,113,130,8,8,86,86,101,101,101,111,111,111,143,143,143,143,243,243,276,287,287,287,287,287,20,48,48],"floor_reached":56,"playtime":2170,"items_purged":["Strike_R","Strike_R"],"score":1943,"play_id":"e7f0baef-5ed4-4c6a-8358-3999dd5ac419","local_time":"20190613204848","is_ascension_mode":true,"campfire_choices":[{"data":"Whirlwind","floor":7.0,"key":"SMITH"},{"data":"Bash","floor":12.0,"key":"SMITH"},{"data":"True Grit","floor":15.0,"key":"SMITH"},{"data":"Armaments","floor":23.0,"key":"SMITH"},{"data":"J.A.X.","floor":25.0,"key":"SMITH"},{"data":"Anger","floor":27.0,"key":"SMITH"},{"data":"Disarm","floor":32.0,"key":"SMITH"},{"data":"Demon Form","floor":40.0,"key":"SMITH"},{"floor":42.0,"key":"RECALL"},{"data":"Impervious","floor":44.0,"key":"SMITH"},{"data":"Disarm","floor":46.0,"key":"SMITH"},{"data":"Body Slam","floor":49.0,"key":"SMITH"},{"data":"Flame Barrier","floor":52.0,"key":"SMITH"}],"neow_cost":"NONE","seed_source_timestamp":1362730015630,"circlet_count":0,"master_deck":["AscendersBane","Strike_R","Defend_R","Defend_R+1","Defend_R","Defend_R","Bash+1","Clothesline","Pommel Strike","Armaments+1","Anger+1","Whirlwind+1","Shrug It Off","True Grit+1","Impervious+1","J.A.X.+1","Sword Boomerang+1","Shockwave","Shrug It Off+1","Body Slam+1","Disarm+1","Spot Weakness","Disarm+1","Demon Form+1","Flame Barrier+1","Flex","Heavy Blade+1"],"special_seed":0,"relics":["Burning Blood","Potion Belt","Tiny Chest","Juzu Bracelet","Orichalcum","Anchor","Runic Pyramid","Enchiridion","War Paint","Pantograph","Happy Flower","Sozu","Centennial Puzzle","Turnip","Singing Bowl","Self Forming Clay","Dodecahedron"],"potions_floor_usage":[55],"damage_taken":[{"damage":6.0,"enemies":"Cultist","floor":1.0,"turns":3.0},{"damage":5.0,"enemies":"Jaw Worm","floor":3.0,"turns":5.0},{"damage":0.0,"enemies":"2 Louse","floor":4.0,"turns":3.0},{"damage":19.0,"enemies":"Large Slime","floor":5.0,"turns":11.0},{"damage":25.0,"enemies":"3 Sentries","floor":6.0,"turns":8.0},{"damage":24.0,"enemies":"Gremlin Nob","floor":8.0,"turns":4.0},{"damage":6.0,"enemies":"3 Sentries","floor":14.0,"turns":4.0},{"damage":21.0,"enemies":"Hexaghost","floor":16.0,"turns":10.0},{"damage":2.0,"enemies":"Spheric Guardian","floor":18.0,"turns":5.0},{"damage":0.0,"enemies":"3 Byrds","floor":20.0,"turns":5.0},{"damage":8.0,"enemies":"Snecko","floor":22.0,"turns":4.0},{"damage":14.0,"enemies":"Snake Plant","floor":24.0,"turns":6.0},{"damage":12.0,"enemies":"Book of Stabbing","floor":28.0,"turns":6.0},{"damage":5.0,"enemies":"Shelled Parasite and Fungi","floor":30.0,"turns":5.0},{"damage":29.0,"enemies":"Champ","floor":33.0,"turns":11.0},{"damage":0.0,"enemies":"3 Shapes","floor":35.0,"turns":5.0},{"damage":6.0,"enemies":"Orb Walker","floor":38.0,"turns":3.0},{"damage":4.0,"enemies":"Nemesis","floor":41.0,"turns":5.0},{"damage":3.0,"enemies":"Mind Bloom Boss Battle","floor":45.0,"turns":6.0},{"damage":4.0,"enemies":"Giant Head","floor":47.0,"turns":6.0},{"damage":17.0,"enemies":"Spire Growth","floor":48.0,"turns":6.0},{"damage":17.0,"enemies":"Awakened One","floor":50.0,"turns":12.0},{"damage":21,"enemies":"Shield and Spear","floor":54,"turns":6},{"damage":19,"enemies":"The Heart","floor":55,"turns":9}],"seed_played":"1028602320385776680","potions_obtained":[{"floor":3.0,"key":"Weak Potion"},{"floor":4.0,"key":"Fire Potion"},{"floor":8.0,"key":"SkillPotion"},{"floor":14.0,"key":"GamblersBrew"},{"floor":24.0,"key":"GamblersBrew"},{"floor":30.0,"key":"Dexterity Potion"}],"is_trial":false,"path_per_floor":["M","?","M","M","M","E","R","E","T","$","?","R","T","E","R","B",null,"M","?","M","?","M","R","M","R","T","R","E","$","M","?","R","B",null,"M","?","?","M","?","R","E","R","T","R","?","R","E","M","R","B",null,"R","$","E","B",null],"character_chosen":"IRONCLAD","items_purchased":["Rampage","Disarm","Spot Weakness","Self Forming Clay","Flex"],"campfire_rested":0,"item_purchase_floors":[10,29,29,53,53],"current_hp_per_floor":[75,75,76,82,69,50,50,32,32,32,25,25,25,25,25,10,64,68,68,74,53,51,51,43,43,43,43,37,37,38,38,38,40,72,78,78,78,78,78,78,78,78,78,78,78,78,78,69,69,69,77,77,77,62,67],"gold":48,"neow_bonus":"TEN_PERCENT_HP_BONUS","is_prod":false,"is_daily":false,"chose_seed":false,"campfire_upgraded":12,"win_rate":0,"timestamp":1560473328,"path_taken":["M","?","M","?","M","E","R","E","T","$","?","R","?","E","R","BOSS","M","?","M","?","M","R","M","R","T","R","E","$","M","?","R","BOSS","M","?","?","M","?","R","E","R","T","R","?","R","E","M","R","BOSS","R","$","E","BOSS"],"build_version":"2019-06-12","purchased_purges":2,"victory":true,"max_hp_per_floor":[82,82,82,82,82,82,82,82,82,82,82,82,82,82,82,82,82,82,82,82,82,82,82,82,82,82,82,82,82,82,82,82,82,82,82,78,78,78,78,78,78,78,78,78,78,78,78,80,80,80,80,80,80,80,80],"card_choices":[{"not_picked":["Heavy Blade","Second Wind","Reckless Charge"],"picked":"SKIP","floor":1.0},{"not_picked":["Armaments","Ghostly Armor"],"picked":"Pommel Strike","floor":3.0},{"not_picked":["Iron Wave","Cleave"],"picked":"Armaments","floor":4.0},{"not_picked":["Ghostly Armor","Iron Wave"],"picked":"Anger","floor":5.0},{"not_picked":["Combust","Clothesline"],"picked":"Whirlwind","floor":6.0},{"not_picked":["Pommel Strike","Wild Strike"],"picked":"Shrug It Off","floor":8.0},{"not_picked":["Combust","Pommel Strike"],"picked":"True Grit","floor":14.0},{"not_picked":["Berserk","Dark Embrace"],"picked":"Impervious","floor":16.0},{"not_picked":["Headbutt","Dual Wield","Rampage"],"picked":"SKIP","floor":18.0},{"not_picked":["Flex","Spot Weakness"],"picked":"Sword Boomerang+1","floor":20.0},{"not_picked":["Wild Strike","Clash"],"picked":"Shockwave","floor":22.0},{"not_picked":["Wild Strike","Headbutt"],"picked":"Shrug It Off","floor":24.0},{"not_picked":["Intimidate","Brutality"],"picked":"Body Slam","floor":28.0},{"not_picked":["Thunderclap+1","Reckless Charge"],"picked":"Disarm","floor":30.0},{"not_picked":["Brutality","Exhume"],"picked":"Demon Form","floor":33.0},{"not_picked":["Anger","Headbutt","Sentinel"],"picked":"SKIP","floor":35.0},{"not_picked":["Shrug It Off","Rampage","Twin Strike"],"picked":"SKIP","floor":38.0},{"not_picked":["Rupture","Bludgeon","Infernal Blade"],"picked":"SKIP","floor":41.0},{"not_picked":["Dropkick","Entrench+1"],"picked":"Flame Barrier","floor":47.0},{"not_picked":["Whirlwind+1","Disarm","Cleave"],"picked":"Singing Bowl","floor":48.0},{"not_picked":["Body Slam+1","Sever Soul"],"picked":"Heavy Blade+1","floor":54}],"player_experience":2538134,"relics_obtained":[{"floor":6.0,"key":"Potion Belt"},{"floor":8.0,"key":"Tiny Chest"},{"floor":9.0,"key":"Juzu Bracelet"},{"floor":13.0,"key":"Orichalcum"},{"floor":14.0,"key":"Anchor"},{"floor":21.0,"key":"Enchiridion"},{"floor":26.0,"key":"War Paint"},{"floor":28.0,"key":"Pantograph"},{"floor":41.0,"key":"Centennial Puzzle"},{"floor":45.0,"key":"Turnip"},{"floor":47.0,"key":"Singing Bowl"},{"floor":54,"key":"Dodecahedron"}],"event_choices":[{"damage_healed":0.0,"max_hp_gain":0.0,"max_hp_loss":0.0,"gold_gain":0.0,"cards_transformed":["Strike_R"],"event_name":"Transmorgrifier","player_choice":"Transformed","floor":2.0,"gold_loss":0.0,"damage_taken":0.0,"cards_obtained":["Clothesline"]},{"cards_removed":["Strike_R"],"damage_healed":0.0,"max_hp_gain":0.0,"max_hp_loss":0.0,"gold_gain":0.0,"event_name":"Golden Wing","player_choice":"Card Removal","floor":11.0,"gold_loss":0.0,"damage_taken":7.0},{"damage_healed":0.0,"max_hp_gain":0.0,"max_hp_loss":0.0,"gold_gain":0.0,"event_name":"Drug Dealer","player_choice":"Obtain J.A.X.","floor":19.0,"gold_loss":0.0,"damage_taken":0.0,"cards_obtained":["J.A.X."]},{"damage_healed":0.0,"max_hp_gain":0.0,"max_hp_loss":0.0,"gold_gain":0.0,"event_name":"Cursed Tome","player_choice":"Obtained Book","floor":21.0,"gold_loss":0.0,"damage_taken":21.0},{"damage_healed":0.0,"max_hp_gain":0.0,"max_hp_loss":0.0,"gold_gain":0.0,"event_name":"WeMeetAgain","player_choice":"Paid Gold","floor":31.0,"gold_loss":122.0,"damage_taken":0.0,"relics_obtained":["Happy Flower"]},{"damage_healed":0.0,"max_hp_gain":0.0,"max_hp_loss":4.0,"gold_gain":0.0,"event_name":"Winding Halls","player_choice":"Max HP","floor":36.0,"gold_loss":0.0,"damage_taken":0.0},{"cards_removed":["Rampage"],"damage_healed":0.0,"max_hp_gain":0.0,"max_hp_loss":0.0,"gold_gain":0.0,"event_name":"Falling","player_choice":"Removed Attack","floor":37.0,"gold_loss":0.0,"damage_taken":0.0},{"damage_healed":0.0,"max_hp_gain":0.0,"max_hp_loss":0.0,"gold_gain":0.0,"event_name":"Tomb of Lord Red Mask","player_choice":"Ignored","floor":39.0,"gold_loss":0.0,"damage_taken":0.0},{"damage_healed":0.0,"max_hp_gain":0.0,"max_hp_loss":0.0,"gold_gain":0.0,"event_name":"MindBloom","player_choice":"Fight","floor":45.0,"gold_loss":0.0,"damage_taken":0.0}],"is_beta":true,"boss_relics":[{"not_picked":["Orrery","Runic Cube"],"picked":"Runic Pyramid"},{"not_picked":["Pandora\u0027s Box","White Beast Statue"],"picked":"Sozu"}],"items_purged_floors":[10,29],"is_endless":false,"potions_floor_spawned":[3,4,8,14,24,30,38,48],"ascension_level":15}