{"gold_per_floor":[216,236,254,40,40,40,40,69,69,95,112,134,134,151,151,230,230,247,265,284,295,295],"floor_reached":22,"playtime":667,"items_purged":[],"score":434,"play_id":"0f195a93-39f4-44ac-9800-f5ae261e11a0","local_time":"20190803143107","is_ascension_mode":true,"campfire_choices":[{"data":"Corpse Explosion","floor":6,"key":"SMITH"},{"data":"Catalyst","floor":13,"key":"SMITH"},{"data":"Footwork","floor":15,"key":"SMITH"}],"neow_cost":"NONE","seed_source_timestamp":2060949335393150,"circlet_count":0,"master_deck":["AscendersBane","Strike_G","Strike_G","Strike_G","Strike_G","Strike_G","Defend_G","Defend_G","Defend_G","Defend_G","Defend_G","Survivor","Neutralize","Catalyst+1","Crippling Poison","Infinite Blades","Corpse Explosion+1","Footwork+1","Deadly Poison","After Image","Backflip","Footwork","Adrenaline","Backflip","Cloak And Dagger","Escape Plan"],"relics":["Ring of the Snake","Ornamental Fan","Bottled Lightning","Thread and Needle","Odd Mushroom","hubris:VirtuousBlindfold"],"potions_floor_usage":[8,11,21],"damage_taken":[{"damage":1,"enemies":"Small Slimes","floor":1,"turns":5},{"damage":0,"enemies":"2 Louse","floor":2,"turns":3},{"damage":6,"enemies":"Jaw Worm","floor":3,"turns":5},{"damage":7,"enemies":"Gremlin Nob","floor":8,"turns":3},{"damage":10,"enemies":"3 Sentries","floor":10,"turns":2},{"damage":3,"enemies":"Red Slaver","floor":11,"turns":4},{"damage":0,"enemies":"The Mushroom Lair","floor":12,"turns":2},{"damage":1,"enemies":"Exordium Thugs","floor":14,"turns":3},{"damage":0,"enemies":"Hexaghost","floor":16,"turns":8},{"damage":10,"enemies":"2 Thieves","floor":18,"turns":3},{"damage":0,"enemies":"Chosen","floor":19,"turns":4},{"damage":7,"enemies":"Snake Plant","floor":20,"turns":3},{"damage":1,"enemies":"Cultist and Chosen","floor":21,"turns":6}],"seed_played":"1569373900790133225","potions_obtained":[{"floor":1,"key":"Poison Potion"},{"floor":3,"key":"Ancient Potion"},{"floor":8,"key":"AttackPotion"},{"floor":12,"key":"FearPotion"},{"floor":18,"key":"Regen Potion"}],"is_trial":false,"path_per_floor":["M","M","M","$","?","R","?","E","T","E","M","?","R","M","R","B",null,"M","M","M","M","?"],"character_chosen":"THE_SILENT","items_purchased":["Corpse Explosion","Footwork"],"campfire_rested":0,"item_purchase_floors":[4,4],"current_hp_per_floor":[58,58,52,52,52,52,41,34,34,24,21,21,21,20,20,20,55,45,45,38,52,52],"gold":295,"neow_bonus":"HUNDRED_GOLD","is_prod":false,"is_daily":false,"chose_seed":false,"campfire_upgraded":3,"win_rate":0,"timestamp":1564857067,"path_taken":["M","M","M","$","?","R","?","E","T","E","M","?","R","?","R","BOSS","M","M","M","M","?"],"build_version":"2019-07-17","purchased_purges":0,"victory":false,"max_hp_per_floor":[66,66,66,66,66,66,66,66,66,66,66,66,66,66,66,66,66,66,66,66,66,66],"card_choices":[{"not_picked":["Accuracy","Dodge and Roll"],"picked":"Catalyst","floor":1},{"not_picked":["Slice","Flying Knee"],"picked":"Crippling Poison","floor":2},{"not_picked":["Outmaneuver","Choke"],"picked":"Infinite Blades","floor":3},{"not_picked":["Infinite Blades","Dagger Spray"],"picked":"Deadly Poison","floor":8},{"not_picked":["Noxious Fumes","Envenom"],"picked":"After Image","floor":10},{"not_picked":["Poisoned Stab","Sucker Punch"],"picked":"Backflip","floor":11},{"not_picked":["Quick Slash","Endless Agony"],"picked":"Footwork","floor":12},{"not_picked":["Bane","Envenom","Accuracy"],"picked":"SKIP","floor":14},{"not_picked":["Burst","A Thousand Cuts"],"picked":"Adrenaline","floor":16},{"not_picked":["Dagger Throw","Underhanded Strike","Bouncing Flask"],"picked":"SKIP","floor":18},{"not_picked":["Dodge and Roll+1","Noxious Fumes"],"picked":"Backflip","floor":19},{"not_picked":["Prepared","Blade Dance"],"picked":"Cloak And Dagger","floor":20},{"not_picked":["Dagger Throw+1","Quick Slash"],"picked":"Escape Plan","floor":21}],"player_experience":2636741,"relics_obtained":[{"floor":9,"key":"Bottled Lightning"},{"floor":10,"key":"Thread and Needle"},{"floor":12,"key":"Odd Mushroom"}],"event_choices":[{"damage_healed":0,"gold_gain":0,"player_choice":"Ignored","damage_taken":0,"max_hp_gain":0,"max_hp_loss":0,"event_name":"Liars Game","floor":5,"gold_loss":0},{"damage_healed":0,"gold_gain":0,"player_choice":"Success","damage_taken":11,"relics_obtained":["Ornamental Fan"],"max_hp_gain":0,"max_hp_loss":0,"event_name":"Scrap Ooze","floor":7,"gold_loss":0},{"damage_healed":0,"gold_gain":0,"player_choice":"Fought Mushrooms","damage_taken":0,"max_hp_gain":0,"max_hp_loss":0,"event_name":"Mushrooms","floor":12,"gold_loss":0}],"is_beta":false,"boss_relics":[{"not_picked":["Runic Dome","hubris:Backtick"],"picked":"hubris:VirtuousBlindfold"}],"items_purged_floors":[],"is_endless":false,"potions_floor_spawned":[1,3,8,12,18,20],"ascension_level":15}