{"gold_per_floor":[115,65,65,240,240,240,266,284,310,323,333,343,393,427,427,529,529,549,549,69,32,32,66,66,96,96,96,116,134,160,85,85,85],"floor_reached":33,"playtime":1176,"items_purged":[],"score":353,"play_id":"e3186444-b5a8-472b-8e38-6732e7c2700c","local_time":"20190815225335","is_ascension_mode":true,"campfire_choices":[{"data":"Zap","floor":6,"key":"SMITH"},{"data":"Dualcast","floor":15,"key":"SMITH"},{"data":"Biased Cognition","floor":24,"key":"SMITH"},{"floor":27,"key":"RECALL"},{"floor":32,"key":"REST"}],"neow_cost":"NONE","seed_source_timestamp":36856524992100,"circlet_count":0,"master_deck":["Zap+1","Dualcast+1","Barrage","Ball Lightning","Doom and Gloom","Reinforced Body","Skim","Rebound","Conserve Battery","Recycle","Glacier","Biased Cognition+1","Turbo+1","Chaos+1","Beam Cell","Streamline","Chill","Go for the Eyes+1","Lockon","Static Discharge","Loop"],"relics":["Cracked Core","NeowsBlessing","Kunai","Anchor","Bag of Marbles","Boot","Pandora\u0027s Box","Tiny Chest","War Paint","ClockworkSouvenir","Smiling Mask","Lantern","Cables","Matryoshka","Bronze Scales"],"potions_floor_usage":[16,16,16,16,33,33],"damage_taken":[{"damage":0,"enemies":"Jaw Worm","floor":1,"turns":1},{"damage":0,"enemies":"3 Sentries","floor":7,"turns":1},{"damage":0,"enemies":"2 Louse","floor":8,"turns":1},{"damage":0,"enemies":"Small Slimes","floor":10,"turns":2},{"damage":10,"enemies":"Exordium Thugs","floor":11,"turns":4},{"damage":2,"enemies":"Blue Slaver","floor":12,"turns":2},{"damage":6,"enemies":"Lagavulin","floor":14,"turns":5},{"damage":17,"enemies":"Hexaghost","floor":16,"turns":9},{"damage":0,"enemies":"Chosen","floor":18,"turns":3},{"damage":14,"enemies":"Book of Stabbing","floor":23,"turns":6},{"damage":18,"enemies":"Slavers","floor":25,"turns":5},{"damage":0,"enemies":"Spheric Guardian","floor":28,"turns":2},{"damage":17,"enemies":"Centurion and Healer","floor":29,"turns":4},{"damage":17,"enemies":"Gremlin Leader","floor":30,"turns":4},{"damage":41,"enemies":"Collector","floor":33,"turns":3}],"seed_played":"794754111337666130","potions_obtained":[{"floor":1,"key":"Dexterity Potion"},{"floor":11,"key":"Strength Potion"},{"floor":14,"key":"EntropicBrew"},{"floor":16,"key":"PowerPotion"},{"floor":18,"key":"Energy Potion"}],"is_trial":false,"path_per_floor":["M","?","?","?","?","R","E","M","T","M","M","M","T","E","R","B",null,"M","?","$","$","T","E","R","E","T","R","M","M","E","?","R","B"],"character_chosen":"DEFECT","items_purchased":["Tiny Chest","War Paint","ClockworkSouvenir","Chill"],"campfire_rested":1,"item_purchase_floors":[20,20,20,21],"current_hp_per_floor":[75,75,75,75,50,50,50,50,50,50,40,38,38,32,32,15,75,75,75,75,75,75,61,61,43,43,43,43,26,9,9,31,0],"gold":85,"neow_bonus":"THREE_ENEMY_KILL","is_prod":false,"is_daily":false,"chose_seed":false,"campfire_upgraded":3,"win_rate":0,"timestamp":1565902415,"path_taken":["M","?","?","?","?","R","E","M","T","M","M","M","?","E","R","BOSS","M","?","?","$","?","E","R","E","T","R","M","M","E","?","R","BOSS"],"build_version":"2019-07-17","purchased_purges":0,"victory":false,"max_hp_per_floor":[75,75,75,75,75,75,75,75,75,75,75,75,75,75,75,75,75,75,75,75,75,75,75,75,75,75,75,75,75,75,75,75,75],"card_choices":[{"not_picked":["Genetic Algorithm","Compile Driver"],"picked":"Barrage","floor":1},{"not_picked":["Hologram","Beam Cell"],"picked":"Ball Lightning","floor":7},{"not_picked":["Ball Lightning","Turbo"],"picked":"Doom and Gloom","floor":8},{"not_picked":["Streamline","Hologram"],"picked":"Reinforced Body","floor":10},{"not_picked":["Beam Cell","Stack"],"picked":"Skim","floor":11},{"not_picked":["Capacitor","Heatsinks"],"picked":"Rebound","floor":12},{"not_picked":["Reprogram","Scrape"],"picked":"Conserve Battery","floor":14},{"not_picked":["All For One","Machine Learning"],"picked":"Thunder Strike","floor":16},{"not_picked":["Hologram","Capacitor"],"picked":"Streamline","floor":18},{"not_picked":["Sunder","White Noise"],"picked":"Go for the Eyes+1","floor":23},{"not_picked":["Blizzard","Stack"],"picked":"Lockon","floor":25},{"not_picked":["Chill","Streamline+1"],"picked":"Static Discharge","floor":28},{"not_picked":["Steam","Turbo"],"picked":"Loop","floor":29},{"not_picked":["Stack","Compile Driver","Barrage"],"picked":"SKIP","floor":30}],"player_experience":109957,"relics_obtained":[{"floor":7,"key":"Anchor"},{"floor":13,"key":"Bag of Marbles"},{"floor":14,"key":"Boot"},{"floor":22,"key":"Smiling Mask"},{"floor":23,"key":"Lantern"},{"floor":25,"key":"Cables"},{"floor":26,"key":"Matryoshka"},{"floor":30,"key":"Bronze Scales"}],"event_choices":[{"cards_removed":["Strike_B"],"damage_healed":0,"gold_gain":0,"player_choice":"Card Removal","damage_taken":0,"max_hp_gain":0,"max_hp_loss":0,"event_name":"The Cleric","floor":2,"gold_loss":50},{"cards_removed":["Defend_B"],"damage_healed":0,"gold_gain":0,"player_choice":"Forget","damage_taken":0,"max_hp_gain":0,"max_hp_loss":0,"event_name":"Living Wall","floor":3,"gold_loss":0},{"damage_healed":0,"gold_gain":175,"player_choice":"AGREE","damage_taken":0,"max_hp_gain":0,"max_hp_loss":0,"event_name":"Liars Game","floor":4,"gold_loss":0,"cards_obtained":["Doubt"]},{"damage_healed":0,"gold_gain":0,"player_choice":"Success","damage_taken":25,"relics_obtained":["Kunai"],"max_hp_gain":0,"max_hp_loss":0,"event_name":"Scrap Ooze","floor":5,"gold_loss":0},{"cards_removed":["Doubt"],"damage_healed":0,"gold_gain":0,"player_choice":"Elegance","damage_taken":0,"max_hp_gain":0,"max_hp_loss":0,"event_name":"Back to Basics","floor":19,"gold_loss":0},{"cards_removed":["Thunder Strike"],"damage_healed":0,"gold_gain":0,"player_choice":"Gave Gold","damage_taken":0,"max_hp_gain":0,"max_hp_loss":0,"event_name":"Beggar","floor":31,"gold_loss":75}],"is_beta":false,"boss_relics":[{"not_picked":["Runic Dome","Velvet Choker"],"picked":"Pandora\u0027s Box"}],"items_purged_floors":[],"is_endless":false,"potions_floor_spawned":[1,11,14,16,18,23,28,29],"killed_by":"Collector","ascension_level":1}