{"gold_per_floor":[111,126,15,25,44,44,76,76,76,93,93,93,93,108,108,213,213,229,239,256,54,54,54,54],"floor_reached":24,"playtime":2811,"items_purged":["Defend_R"],"score":198,"play_id":"42c03881-52d1-400b-b009-e20511fc13e5","local_time":"20181225223410","is_ascension_mode":false,"campfire_choices":[{"data":"Bash","floor":6.0,"key":"SMITH"},{"floor":8.0,"key":"REST"},{"data":"Whirlwind","floor":15.0,"key":"SMITH"},{"floor":23,"key":"REST"}],"neow_cost":"","seed_source_timestamp":0,"circlet_count":0,"master_deck":["Strike_R","Strike_R","Strike_R","Strike_R","Defend_R","Defend_R","Defend_R","Bash+1","Ghostly Armor","Clothesline","Pummel","Whirlwind+1","Shrug It Off","Shrug It Off","Feel No Pain","Feel No Pain","Double Tap","Rampage+1","Anger","Flex"],"special_seed":0,"relics":["Burning Blood","Potion Belt","Regal Pillow","Mark of Pain"],"potions_floor_usage":[24,24],"damage_taken":[{"damage":1.0,"enemies":"Jaw Worm","floor":1.0,"turns":5.0},{"damage":7.0,"enemies":"2 Louse","floor":2.0,"turns":3.0},{"damage":0.0,"enemies":"Cultist","floor":4.0,"turns":4.0},{"damage":14.0,"enemies":"2 Fungi Beasts","floor":5.0,"turns":4.0},{"damage":27.0,"enemies":"3 Sentries","floor":7.0,"turns":6.0},{"damage":5.0,"enemies":"3 Louse","floor":10.0,"turns":5.0},{"damage":3.0,"enemies":"Gremlin Gang","floor":14.0,"turns":7.0},{"damage":32.0,"enemies":"The Guardian","floor":16.0,"turns":14.0},{"damage":3.0,"enemies":"3 Byrds","floor":18.0,"turns":4.0},{"damage":22.0,"enemies":"Spheric Guardian","floor":19.0,"turns":5.0},{"damage":41.0,"enemies":"Centurion and Healer","floor":20.0,"turns":7.0},{"damage":87,"enemies":"Book of Stabbing","floor":24,"turns":7}],"seed_played":"6195524461502516015","potions_obtained":[{"floor":5.0,"key":"BloodPotion"},{"floor":7.0,"key":"SmokeBomb"},{"floor":13.0,"key":"SpeedPotion"},{"floor":13.0,"key":"PowerPotion"},{"floor":13.0,"key":"Weak Potion"},{"floor":14.0,"key":"PowerPotion"},{"floor":16.0,"key":"AttackPotion"},{"floor":18.0,"key":"SteroidPotion"}],"is_trial":false,"path_per_floor":["M","M","$","M","M","R","E","R","T","M","?","?","?","M","R","B",null,"M","M","M","$","?","R","E"],"character_chosen":"IRONCLAD","items_purchased":["Pummel","LiquidBronze","BloodPotion","Flex"],"campfire_rested":2,"item_purchase_floors":[3,3,21,21],"current_hp_per_floor":[80,79,79,80,72,72,51,75,75,76,81,74,74,77,77,51,85,85,69,34,34,34,74,0],"gold":54,"neow_bonus":"","is_prod":false,"is_daily":false,"chose_seed":false,"campfire_upgraded":2,"win_rate":0.0,"timestamp":1545773650,"path_taken":["M","M","$","M","M","R","E","R","T","M","?","?","?","?","R","BOSS","M","M","M","$","?","R","E"],"build_version":"2018-12-20","purchased_purges":1,"victory":false,"max_hp_per_floor":[80,80,80,80,80,80,80,80,80,80,85,85,85,85,85,85,85,85,85,85,85,85,85,85],"card_choices":[{"not_picked":["True Grit","Fire Breathing"],"picked":"Ghostly Armor","floor":1.0},{"not_picked":["Iron Wave","Flex"],"picked":"Clothesline","floor":2.0},{"not_picked":["Shockwave","Dual Wield"],"picked":"Whirlwind","floor":4.0},{"not_picked":["Burning Pact","Uppercut"],"picked":"Shrug It Off","floor":5.0},{"not_picked":["Impervious","Flame Barrier"],"picked":"Shrug It Off","floor":7.0},{"not_picked":["Headbutt","Flex"],"picked":"Feel No Pain","floor":10.0},{"not_picked":["Searing Blow","Rampage"],"picked":"Feel No Pain","floor":14.0},{"not_picked":["Impervious","Fiend Fire"],"picked":"Double Tap","floor":16.0},{"not_picked":["Clothesline","Thunderclap"],"picked":"Rampage+1","floor":18.0},{"not_picked":["Pommel Strike+1","Uppercut","Armaments"],"picked":"SKIP","floor":19.0},{"not_picked":["Pummel","Dual Wield+1"],"picked":"Anger","floor":20.0}],"player_experience":0,"relics_obtained":[{"floor":7.0,"key":"Potion Belt"},{"floor":9.0,"key":"Regal Pillow"}],"event_choices":[{"damage_healed":0.0,"max_hp_gain":5.0,"max_hp_loss":0.0,"gold_gain":0.0,"event_name":"Big Fish","player_choice":"Donut","floor":11.0,"gold_loss":0.0,"damage_taken":0.0},{"cards_removed":["Strike_R"],"damage_healed":0.0,"max_hp_gain":0.0,"max_hp_loss":0.0,"gold_gain":0.0,"event_name":"Golden Wing","player_choice":"Card Removal","floor":12.0,"gold_loss":0.0,"damage_taken":7.0},{"damage_healed":0.0,"max_hp_gain":0.0,"max_hp_loss":0.0,"gold_gain":0.0,"event_name":"Lab","player_choice":"Got Potions","floor":13.0,"gold_loss":0.0,"damage_taken":0.0}],"is_beta":false,"boss_relics":[{"not_picked":["Coffee Dripper","Runic Dome"],"picked":"Mark of Pain"}],"items_purged_floors":[21],"is_endless":false,"potions_floor_spawned":[5,7,14,16,18],"killed_by":"Book of Stabbing","ascension_level":0}