{"gold_per_floor":[113,188,199,215,69,99,110,110,110,137,137,155,173,188,188,266,266,283,294,195,210,141,171,171,171,245,62,80,80],"floor_reached":29,"playtime":1116,"items_purged":["Strike_R"],"score":450,"play_id":"3fba02d5-7c1e-4d61-887e-fb51b16bbea3","local_time":"20190613220623","is_ascension_mode":true,"campfire_choices":[{"data":"Bash","floor":8,"key":"SMITH"},{"data":"Juggernaut","floor":15,"key":"SMITH"},{"data":"Armaments","floor":24,"key":"SMITH"}],"neow_cost":"NONE","seed_source_timestamp":7239251824600,"circlet_count":0,"master_deck":["AscendersBane","Strike_R","Strike_R","Strike_R","Strike_R","Defend_R","Defend_R","Defend_R","Defend_R","Bash+1","Flame Barrier","Cleave","Rampage","Spot Weakness","Armaments+1","Juggernaut+1","Burning Pact+1","Havoc+1","Offering+1","Spot Weakness+1","Power Through+1","Headbutt","Feel No Pain+1","Battle Trance+1","Doubt","Warcry+1","Whirlwind","Evolve","Infernal Blade+1"],"special_seed":0,"relics":["Burning Blood","Anchor","Dream Catcher","Pear","Toxic Egg 2","Cursed Key","Pantograph"],"potions_floor_usage":[18],"damage_taken":[{"damage":7.0,"enemies":"Jaw Worm","floor":1.0,"turns":3.0},{"damage":1.0,"enemies":"Cultist","floor":3.0,"turns":4.0},{"damage":2.0,"enemies":"2 Louse","floor":4.0,"turns":2.0},{"damage":26,"enemies":"Gremlin Nob","floor":6,"turns":5},{"damage":2,"enemies":"2 Fungi Beasts","floor":7,"turns":3},{"damage":21,"enemies":"3 Sentries","floor":10,"turns":8},{"damage":8,"enemies":"Looter","floor":12,"turns":4},{"damage":0,"enemies":"3 Louse","floor":13,"turns":2},{"damage":11,"enemies":"2 Fungi Beasts","floor":14,"turns":3},{"damage":31,"enemies":"Hexaghost","floor":16,"turns":9},{"damage":18,"enemies":"3 Byrds","floor":18,"turns":5},{"damage":8,"enemies":"Chosen","floor":19,"turns":3},{"damage":24,"enemies":"Snecko","floor":21,"turns":5},{"damage":34,"enemies":"Slavers","floor":23,"turns":5},{"damage":6,"enemies":"Snake Plant","floor":28,"turns":3},{"damage":30,"enemies":"Gremlin Leader","floor":29,"turns":2}],"seed_played":"-9149436845380695376","potions_obtained":[{"floor":10,"key":"Swift Potion"},{"floor":12,"key":"Regen Potion"},{"floor":14,"key":"SteroidPotion"},{"floor":21,"key":"Ancient Potion"},{"floor":23,"key":"PowerPotion"}],"is_trial":false,"path_per_floor":["M","?","M","M","$","E","M","R","T","E","?","M","M","M","R","B",null,"M","M","$","M","$","E","R","?","T","$","M","E"],"character_chosen":"IRONCLAD","items_purchased":["Anchor","Headbutt","Battle Trance+1","Warcry+1","Whirlwind","Evolve"],"campfire_rested":0,"item_purchase_floors":[5,20,22,27,27,27],"current_hp_per_floor":[74,63,68,72,72,52,56,56,66,51,46,44,50,45,45,20,74,74,72,72,54,54,26,26,26,26,26,26,0],"gold":80,"neow_bonus":"TEN_PERCENT_HP_BONUS","is_prod":false,"is_daily":false,"chose_seed":false,"campfire_upgraded":3,"win_rate":0,"timestamp":1560477983,"path_taken":["M","?","M","M","$","E","M","R","T","E","?","M","M","?","R","BOSS","M","?","$","M","?","E","R","?","T","$","M","E"],"build_version":"2019-06-12","purchased_purges":1,"victory":false,"max_hp_per_floor":[82,82,82,82,82,82,82,82,92,92,92,92,92,92,92,92,92,92,92,92,92,92,92,92,92,92,92,92,92],"card_choices":[{"not_picked":["Shrug It Off","Flex"],"picked":"Flame Barrier","floor":1.0},{"not_picked":["Sword Boomerang","Thunderclap"],"picked":"Cleave","floor":3.0},{"not_picked":["Thunderclap","Twin Strike"],"picked":"Rampage","floor":4.0},{"not_picked":["True Grit","Cleave"],"picked":"Spot Weakness","floor":6},{"not_picked":["Spot Weakness","Thunderclap"],"picked":"Armaments","floor":7},{"not_picked":["Clothesline","Iron Wave"],"picked":"Juggernaut","floor":10},{"not_picked":["Whirlwind","Uppercut"],"picked":"Burning Pact+1","floor":12},{"not_picked":["Thunderclap","Perfected Strike"],"picked":"Havoc+1","floor":13},{"not_picked":["Cleave","Clothesline","Flex+1"],"picked":"SKIP","floor":14},{"not_picked":["Fiend Fire","Bludgeon"],"picked":"Offering+1","floor":16},{"not_picked":["Ghostly Armor+1","Combust"],"picked":"Spot Weakness+1","floor":18},{"not_picked":["Sword Boomerang","Warcry+1"],"picked":"Power Through+1","floor":19},{"not_picked":["Power Through+1","Body Slam"],"picked":"Feel No Pain+1","floor":21},{"not_picked":["Wild Strike","Anger+1","Twin Strike"],"picked":"SKIP","floor":23},{"not_picked":["Cleave","Clash"],"picked":"Infernal Blade+1","floor":28}],"player_experience":2540304,"relics_obtained":[{"floor":6,"key":"Dream Catcher"},{"floor":9,"key":"Pear"},{"floor":10,"key":"Toxic Egg 2"},{"floor":23,"key":"Pantograph"}],"event_choices":[{"damage_healed":0.0,"max_hp_gain":0.0,"max_hp_loss":0.0,"gold_gain":75.0,"event_name":"World of Goop","player_choice":"Gather Gold","floor":2.0,"gold_loss":0.0,"damage_taken":11.0},{"damage_healed":0,"gold_gain":0,"player_choice":"Bought 0 Potions","damage_taken":0,"max_hp_gain":0,"max_hp_loss":0,"event_name":"The Woman in Blue","floor":11,"gold_loss":0},{"damage_healed":0,"gold_gain":0,"player_choice":"Ignored","damage_taken":0,"max_hp_gain":0,"max_hp_loss":0,"event_name":"Beggar","floor":25,"gold_loss":0}],"is_beta":true,"boss_relics":[{"not_picked":["Philosopher\u0027s Stone","Busted Crown"],"picked":"Cursed Key"}],"items_purged_floors":[20],"is_endless":false,"potions_floor_spawned":[10,12,13,14,21,23,28],"killed_by":"Gremlin Leader","ascension_level":15}