{"gold_per_floor":[112,130,130,141,45,45,74,93,146,146,146,157,177,206,206,306,306,316,336,346,20,20,20,20,38,62,62,62,62,162,162],"floor_reached":31,"playtime":4261,"items_purged":[],"score":270,"play_id":"d1aec19b-b1de-4cf8-9b7b-4d1b616e78fa","local_time":"20190819231354","is_ascension_mode":false,"campfire_choices":[{"data":"Poisoned Stab","floor":6,"key":"SMITH"},{"floor":10,"key":"REST"},{"floor":15,"key":"REST"},{"floor":23,"key":"REST"},{"floor":28,"key":"REST"}],"neow_cost":"NONE","seed_source_timestamp":152938453898400,"circlet_count":0,"master_deck":["Defend_G","Defend_G","Defend_G","Defend_G","Defend_G","Survivor","Neutralize","Bane","Poisoned Stab+1","Dagger Throw","Panacea","Infinite Blades","Dagger Spray","Backflip+1","Pain","Swift Strike","Backflip+1","Poisoned Stab","Skewer","Doppelganger+1","Heel Hook+1","Underhanded Strike+1","Eviscerate+1","Chrysalis+1","Acrobatics+1","Crippling Poison+1","Quick Slash","Bite","Bite","Bite","Bite","Bite","Flying Knee","Backstab"],"relics":["Ring of the Snake","Toxic Egg 2","Vajra","Omamori","HoveringKite","Nilry\u0027s Codex","Oddly Smooth Stone","Happy Flower","Ice Cream","Bottled Flame"],"potions_floor_usage":[7,14,16,25,30,30,30],"damage_taken":[{"damage":0,"enemies":"2 Louse","floor":1,"turns":4},{"damage":0,"enemies":"Cultist","floor":2,"turns":4},{"damage":0,"enemies":"Small Slimes","floor":4,"turns":5},{"damage":31,"enemies":"3 Sentries","floor":7,"turns":11},{"damage":15,"enemies":"3 Louse","floor":8,"turns":4},{"damage":1,"enemies":"Looter","floor":12,"turns":3},{"damage":1,"enemies":"2 Fungi Beasts","floor":13,"turns":3},{"damage":21,"enemies":"Lagavulin","floor":14,"turns":5},{"damage":72,"enemies":"Slime Boss","floor":16,"turns":10},{"damage":5,"enemies":"Chosen","floor":18,"turns":4},{"damage":17,"enemies":"Shell Parasite","floor":19,"turns":5},{"damage":29,"enemies":"Shelled Parasite and Fungi","floor":20,"turns":5},{"damage":11,"enemies":"Cultist and Chosen","floor":25,"turns":6},{"damage":16,"enemies":"Colosseum Slavers","floor":30,"turns":7},{"damage":20,"enemies":"Colosseum Nobs","floor":30,"turns":5},{"damage":26,"enemies":"Gremlin Leader","floor":31,"turns":4}],"seed_played":"600027849530331822","potions_obtained":[{"floor":1,"key":"Strength Potion"},{"floor":3,"key":"Regen Potion"},{"floor":3,"key":"Explosive Potion"},{"floor":3,"key":"SteroidPotion"},{"floor":8,"key":"Fire Potion"},{"floor":12,"key":"Regen Potion"},{"floor":14,"key":"Dexterity Potion"},{"floor":16,"key":"Ancient Potion"},{"floor":25,"key":"Weak Potion"}],"is_trial":false,"path_per_floor":["M","M","?","M","$","R","E","M","T","R","?","M","M","E","R","B",null,"M","M","M","$","?","R","?","M","T","?","R","T","?","E"],"character_chosen":"THE_SILENT","items_purchased":["Panacea","Chrysalis+1","Acrobatics+1","Crippling Poison+1","Quick Slash"],"campfire_rested":4,"item_purchase_floors":[5,21,21,21,21],"current_hp_per_floor":[77,77,77,77,77,77,61,46,46,69,69,68,67,55,77,5,77,72,55,26,26,26,41,25,24,24,16,33,33,13,0],"gold":162,"neow_bonus":"TEN_PERCENT_HP_BONUS","is_prod":false,"is_daily":false,"chose_seed":false,"campfire_upgraded":1,"win_rate":0.0,"timestamp":1566252834,"path_taken":["M","M","?","?","$","R","E","M","T","R","?","M","M","E","R","BOSS","M","M","M","$","?","R","?","M","T","?","R","?","?","E"],"build_version":"2019-07-17","purchased_purges":0,"victory":false,"max_hp_per_floor":[77,77,77,77,77,77,77,77,77,77,77,77,77,77,77,77,77,77,77,77,77,53,53,53,53,53,58,58,58,58,58],"card_choices":[{"not_picked":["Endless Agony","Slice"],"picked":"Bane","floor":1},{"not_picked":["Sucker Punch","Riddle With Holes"],"picked":"Poisoned Stab","floor":2},{"not_picked":["All Out Attack","Noxious Fumes"],"picked":"Dagger Throw","floor":4},{"not_picked":["Reflex","Underhanded Strike"],"picked":"Infinite Blades","floor":7},{"not_picked":["Outmaneuver+1","Die Die Die"],"picked":"Dagger Spray","floor":8},{"not_picked":["Underhanded Strike","Noxious Fumes"],"picked":"Backflip+1","floor":12},{"not_picked":["Riddle With Holes","Underhanded Strike"],"picked":"Poisoned Stab","floor":13},{"not_picked":["Tactician+1","Infinite Blades"],"picked":"Skewer","floor":14},{"not_picked":["Phantasmal Killer+1","Burst+1"],"picked":"Doppelganger+1","floor":16},{"not_picked":["Bouncing Flask+1","Riddle With Holes+1"],"picked":"Heel Hook+1","floor":18},{"not_picked":["Predator","Outmaneuver+1"],"picked":"Underhanded Strike+1","floor":19},{"not_picked":["Infinite Blades","Outmaneuver+1"],"picked":"Eviscerate+1","floor":20},{"not_picked":["Terror+1","Riddle With Holes"],"picked":"Flying Knee","floor":25},{"not_picked":["Underhanded Strike","Predator"],"picked":"Backstab","floor":30}],"player_experience":27099,"relics_obtained":[{"floor":7,"key":"Toxic Egg 2"},{"floor":9,"key":"Vajra"},{"floor":14,"key":"Omamori"},{"floor":24,"key":"Nilry\u0027s Codex"},{"floor":26,"key":"Oddly Smooth Stone"},{"floor":29,"key":"Happy Flower"},{"floor":30,"key":"Ice Cream"},{"floor":30,"key":"Bottled Flame"}],"event_choices":[{"damage_healed":0,"gold_gain":0,"player_choice":"Got Potions","damage_taken":0,"max_hp_gain":0,"max_hp_loss":0,"event_name":"Lab","floor":3,"gold_loss":0},{"damage_healed":0,"gold_gain":0,"player_choice":"3 cards matched","damage_taken":0,"max_hp_gain":0,"max_hp_loss":0,"event_name":"Match and Keep!","floor":11,"gold_loss":0,"cards_obtained":["Backflip","Pain","Swift Strike"]},{"damage_healed":0,"gold_gain":0,"player_choice":"3 cards matched","damage_taken":0,"max_hp_gain":0,"max_hp_loss":0,"event_name":"Match and Keep!","floor":11,"gold_loss":0,"cards_obtained":["Backflip","Pain","Swift Strike"]},{"damage_healed":0,"gold_gain":0,"player_choice":"Became a vampire","damage_taken":0,"max_hp_gain":0,"max_hp_loss":24,"event_name":"Vampires","floor":22,"gold_loss":0,"cards_obtained":["Bite","Bite","Bite","Bite","Bite"]},{"damage_healed":0,"gold_gain":0,"player_choice":"Obtained Book","damage_taken":16,"max_hp_gain":0,"max_hp_loss":0,"event_name":"Cursed Tome","floor":24,"gold_loss":0},{"damage_healed":0,"gold_gain":0,"player_choice":"Shed Blood","damage_taken":13,"max_hp_gain":5,"max_hp_loss":0,"event_name":"Forgotten Altar","floor":27,"gold_loss":0},{"damage_healed":0,"gold_gain":0,"player_choice":"Fight","damage_taken":0,"max_hp_gain":0,"max_hp_loss":0,"event_name":"Colosseum","floor":30,"gold_loss":0},{"damage_healed":0,"gold_gain":0,"player_choice":"Fought Nobs","damage_taken":0,"max_hp_gain":0,"max_hp_loss":0,"event_name":"Colosseum","floor":30,"gold_loss":0}],"is_beta":false,"boss_relics":[{"not_picked":["Velvet Choker","Ectoplasm"],"picked":"HoveringKite"}],"items_purged_floors":[],"is_endless":false,"potions_floor_spawned":[1,8,12,14,16,18,25],"killed_by":"Gremlin Leader","ascension_level":0}