{"gold_per_floor":[112,123,136,136,148,148,165,165,188,199,199,213,213,223,223,323,323,342,356,356],"floor_reached":20,"playtime":1246,"items_purged":[],"score":170,"play_id":"2fa42f21-fbcc-48bc-b7f6-95ffc9984c2f","local_time":"20190528220045","is_ascension_mode":false,"campfire_choices":[{"data":"Creative AI","floor":6,"key":"SMITH"},{"data":"Dualcast","floor":8,"key":"SMITH"},{"floor":11,"key":"REST"},{"data":"Leap","floor":13,"key":"SMITH"},{"floor":15,"key":"REST"}],"neow_cost":"NONE","seed_source_timestamp":280491041692700,"circlet_count":0,"master_deck":["Strike_B","Strike_B","Strike_B","Defend_B","Defend_B","Defend_B","Defend_B","Zap","Dualcast+1","Creative AI+1","Rip and Tear","Doom and Gloom","Cold Snap","Hello World","Skim","Recycle","Coolheaded","Leap+1","Redo","Core Surge","Compile Driver+1"],"relics":["Cracked Core","PreservedInsect","Inserter"],"potions_floor_usage":[16],"damage_taken":[{"damage":5,"enemies":"Small Slimes","floor":1,"turns":3},{"damage":1,"enemies":"Cultist","floor":2,"turns":3},{"damage":11,"enemies":"Jaw Worm","floor":3,"turns":3},{"damage":11,"enemies":"Exordium Wildlife","floor":5,"turns":7},{"damage":16,"enemies":"Lots of Slimes","floor":7,"turns":3},{"damage":4,"enemies":"2 Fungi Beasts","floor":10,"turns":4},{"damage":12,"enemies":"Blue Slaver","floor":12,"turns":4},{"damage":0,"enemies":"Exordium Wildlife","floor":14,"turns":4},{"damage":36,"enemies":"The Guardian","floor":16,"turns":14},{"damage":41,"enemies":"3 Byrds","floor":18,"turns":5},{"damage":16,"enemies":"Shell Parasite","floor":19,"turns":13},{"damage":23,"enemies":"Shelled Parasite and Fungi","floor":20,"turns":5}],"seed_played":"-7317449885907950350","potions_obtained":[{"floor":1,"key":"Dexterity Potion"},{"floor":2,"key":"AttackPotion"},{"floor":10,"key":"Block Potion"},{"floor":14,"key":"EssenceOfSteel"},{"floor":16,"key":"SkillPotion"}],"is_trial":false,"path_per_floor":["M","M","M","?","M","R","M","R","T","M","R","M","R","M","R","B",null,"M","M","M"],"character_chosen":"DEFECT","items_purchased":[],"campfire_rested":2,"item_purchase_floors":[],"current_hp_per_floor":[70,69,58,58,47,47,31,31,31,27,49,37,37,37,59,23,75,34,18,0],"gold":356,"neow_bonus":"ONE_RANDOM_RARE_CARD","is_prod":false,"is_daily":false,"chose_seed":false,"campfire_upgraded":3,"win_rate":0,"timestamp":1559073645,"path_taken":["M","M","M","?","M","R","M","R","T","M","R","?","R","M","R","BOSS","M","M","?"],"build_version":"2019-01-23","purchased_purges":0,"victory":false,"max_hp_per_floor":[75,75,75,75,75,75,75,75,75,75,75,75,75,75,75,75,75,75,75,75],"card_choices":[{"not_picked":["Lockon","Reprogram"],"picked":"Rip and Tear","floor":1},{"not_picked":["Gash","Static Discharge"],"picked":"Doom and Gloom","floor":2},{"not_picked":["Aggregate","Doom and Gloom"],"picked":"Cold Snap","floor":3},{"not_picked":["White Noise","Heatsinks"],"picked":"Skim","floor":5},{"not_picked":["Compile Driver","Storm"],"picked":"Recycle","floor":7},{"not_picked":["Go for the Eyes","Beam Cell"],"picked":"Coolheaded","floor":10},{"not_picked":["Sweeping Beam","FTL"],"picked":"Leap","floor":12},{"not_picked":["Tempest","Doom and Gloom"],"picked":"Redo","floor":14},{"not_picked":["Rainbow","Reboot"],"picked":"Core Surge","floor":16},{"not_picked":["Turbo","Rebound"],"picked":"Compile Driver+1","floor":18},{"not_picked":["Rebound","Heatsinks","Cold Snap"],"picked":"SKIP","floor":19}],"player_experience":290685,"relics_obtained":[{"floor":9,"key":"PreservedInsect"}],"event_choices":[{"damage_healed":0,"gold_gain":0,"cards_transformed":["Strike_B"],"player_choice":"Transformed","damage_taken":0,"max_hp_gain":0,"max_hp_loss":0,"event_name":"Transmorgrifier","floor":4,"gold_loss":0,"cards_obtained":["Hello World"]}],"is_beta":false,"boss_relics":[{"not_picked":["Tiny House","Calling Bell"],"picked":"Inserter"}],"items_purged_floors":[],"is_endless":false,"potions_floor_spawned":[1,2,10,14,16],"killed_by":"Shelled Parasite and Fungi","ascension_level":0}