{"gold_per_floor":[113,188,203,220,220,232,260,260,285,285,285,285,285,319,319,445,508,494,530,530,31,31,31,54,54,54,153,68,107,107,107,107,230,230,254,275,275,19,19,19,39,261,261,261],"floor_reached":44,"playtime":2472,"items_purged":[],"score":478,"play_id":"ac163bfa-1a9f-40f0-8de5-ae3960128c5b","local_time":"20190813192433","is_ascension_mode":false,"campfire_choices":[{"floor":10,"key":"REST"},{"floor":13,"key":"REST"},{"floor":15,"key":"REST"},{"floor":23,"key":"REST"},{"floor":25,"key":"REST"},{"floor":32,"key":"REST"},{"floor":40,"key":"REST"}],"neow_cost":"NONE","seed_source_timestamp":354960201495800,"circlet_count":0,"master_deck":["Strike_B+1","Strike_B+1","Strike_B+1","Strike_B+1","Defend_B+1","Defend_B+1","Defend_B+1","Defend_B+1","Zap+1","Dualcast","Go for the Eyes","Go for the Eyes+1","Capacitor","Zap","White Noise","Rainbow","White Noise","Static Discharge","Reboot","Echo Form+1","Tempest","Loop","Leap","Writhe","Static Discharge+1","Conserve Battery","Machine Learning","FTL+1","Go for the Eyes+1","Jack Of All Trades","Conserve Battery+1","Self Repair+1"],"relics":["Cracked Core","NeowsBlessing","Juzu Bracelet","Golden Idol","Strawberry","Potion Belt","Tiny House","Red Mask","Question Card","Molten Egg 2","Anchor","Matryoshka","Ornamental Fan","Vajra","Lizard Tail","Dream Catcher","Omamori","Oddly Smooth Stone"],"potions_floor_usage":[16,24,41,41,44],"damage_taken":[{"damage":0,"enemies":"Jaw Worm","floor":1,"turns":1},{"damage":0,"enemies":"2 Louse","floor":3,"turns":1},{"damage":0,"enemies":"Cultist","floor":4,"turns":1},{"damage":0,"enemies":"2 Fungi Beasts","floor":6,"turns":2},{"damage":38,"enemies":"3 Sentries","floor":7,"turns":7},{"damage":27,"enemies":"Lagavulin","floor":14,"turns":7},{"damage":31,"enemies":"The Guardian","floor":16,"turns":6},{"damage":49,"enemies":"2 Thieves","floor":18,"turns":4},{"damage":55,"enemies":"Masked Bandits","floor":19,"turns":4},{"damage":20,"enemies":"Spheric Guardian","floor":24,"turns":4},{"damage":27,"enemies":"Gremlin Leader","floor":29,"turns":5},{"damage":19,"enemies":"Champ","floor":33,"turns":12},{"damage":55,"enemies":"3 Darklings","floor":35,"turns":5},{"damage":17,"enemies":"3 Shapes","floor":36,"turns":7},{"damage":41,"enemies":"Transient","floor":41,"turns":5},{"damage":48,"enemies":"Spire Growth","floor":44,"turns":4}],"seed_played":"-7050108805084801041","potions_obtained":[{"floor":3,"key":"FocusPotion"},{"floor":17,"key":"FairyPotion"},{"floor":19,"key":"PowerPotion"},{"floor":33,"key":"Dexterity Potion"},{"floor":35,"key":"Ancient Potion"},{"floor":41,"key":"Swift Potion"}],"is_trial":false,"path_per_floor":["M","?","M","M","?","M","E","?","T","R","?","?","R","E","R","B",null,"M","?","?","$","?","R","M","R","T","?","?","E","?","?","R","B",null,"M","M","?","$","?","R","M","?","T","M"],"character_chosen":"DEFECT","items_purchased":["Question Card","Molten Egg 2","Dream Catcher","Block Potion","Block Potion"],"campfire_rested":7,"item_purchase_floors":[21,21,38,38,38],"current_hp_per_floor":[75,64,64,64,64,64,26,8,15,39,39,23,47,20,44,13,87,38,8,8,8,8,34,14,40,40,40,40,13,13,4,30,11,87,32,15,15,15,15,41,43,43,43,0],"gold":261,"neow_bonus":"THREE_ENEMY_KILL","is_prod":false,"is_daily":false,"chose_seed":false,"campfire_upgraded":0,"win_rate":0.0,"timestamp":1565717073,"path_taken":["M","?","M","M","?","M","E","?","T","R","?","?","R","E","R","BOSS","M","?","?","$","?","R","M","R","T","?","?","E","?","?","R","BOSS","M","M","?","$","?","R","M","?","T","M"],"build_version":"2019-07-17","purchased_purges":0,"victory":false,"max_hp_per_floor":[75,75,75,75,75,75,75,75,82,82,82,82,82,82,82,82,87,87,87,87,87,87,87,87,87,87,87,87,87,87,87,87,87,87,87,87,87,87,87,87,87,87,87,87],"card_choices":[{"not_picked":["Coolheaded","Rebound"],"picked":"Go for the Eyes","floor":1},{"not_picked":["Hologram","Streamline"],"picked":"Go for the Eyes","floor":3},{"not_picked":["Beam Cell","Sweeping Beam"],"picked":"Capacitor","floor":4},{"not_picked":["Fission","Go for the Eyes"],"picked":"White Noise","floor":6},{"not_picked":["Steam","Beam Cell"],"picked":"Static Discharge","floor":7},{"not_picked":["Sweeping Beam","Capacitor"],"picked":"Reboot","floor":14},{"not_picked":["Machine Learning","Rainbow"],"picked":"Echo Form","floor":16},{"not_picked":["Rebound","Coolheaded"],"picked":"Tempest","floor":17},{"not_picked":["Redo+1","Go for the Eyes"],"picked":"Loop","floor":18},{"not_picked":["Gash","Coolheaded"],"picked":"Leap","floor":19},{"not_picked":["Steam+1","Doom and Gloom+1","Genetic Algorithm+1"],"picked":"Static Discharge+1","floor":24},{"not_picked":["Rebound+1","Tempest","Multi-Cast"],"picked":"Conserve Battery","floor":29},{"not_picked":["Fission","Buffer","Rainbow"],"picked":"Machine Learning","floor":33},{"not_picked":["Streamline+1","Glacier+1","Rebound+1"],"picked":"FTL+1","floor":35},{"not_picked":["Glacier+1","Redo+1","Ball Lightning+1"],"picked":"Go for the Eyes+1","floor":36},{"not_picked":["Forethought","Dramatic Entrance+1","Panacea"],"picked":"Jack Of All Trades","floor":37},{"not_picked":["Ball Lightning+1","Auto Shields","Leap"],"picked":"Conserve Battery+1","floor":40},{"not_picked":["Blizzard+1","Barrage+1","Leap"],"picked":"Self Repair+1","floor":41}],"player_experience":52479,"relics_obtained":[{"floor":7,"key":"Juzu Bracelet"},{"floor":9,"key":"Strawberry"},{"floor":14,"key":"Potion Belt"},{"floor":19,"key":"Red Mask"},{"floor":26,"key":"Matryoshka"},{"floor":29,"key":"Vajra"},{"floor":43,"key":"Omamori"},{"floor":43,"key":"Oddly Smooth Stone"}],"event_choices":[{"damage_healed":0,"gold_gain":75,"player_choice":"Gather Gold","damage_taken":11,"max_hp_gain":0,"max_hp_loss":0,"event_name":"World of Goop","floor":2,"gold_loss":0},{"damage_healed":0,"gold_gain":0,"player_choice":"3 cards matched","damage_taken":0,"max_hp_gain":0,"max_hp_loss":0,"event_name":"Match and Keep!","floor":5,"gold_loss":0,"cards_obtained":["Zap","White Noise","Rainbow"]},{"damage_healed":0,"gold_gain":0,"player_choice":"Take Damage","damage_taken":18,"relics_obtained":["Golden Idol"],"max_hp_gain":0,"max_hp_loss":0,"event_name":"Golden Idol","floor":8,"gold_loss":0},{"damage_healed":0,"gold_gain":0,"player_choice":"Ignored","damage_taken":0,"max_hp_gain":0,"max_hp_loss":0,"event_name":"Golden Wing","floor":11,"gold_loss":0},{"damage_healed":0,"gold_gain":0,"player_choice":"Entered Light","damage_taken":16,"max_hp_gain":0,"max_hp_loss":0,"event_name":"Shining Light","floor":12,"gold_loss":0,"cards_upgraded":["Go for the Eyes","Defend_B"]},{"damage_healed":0,"gold_gain":0,"player_choice":"Fought Bandits","damage_taken":0,"max_hp_gain":0,"max_hp_loss":0,"event_name":"Masked Bandits","floor":19,"gold_loss":0},{"damage_healed":0,"gold_gain":0,"player_choice":"Ignored","damage_taken":0,"max_hp_gain":0,"max_hp_loss":0,"event_name":"Beggar","floor":20,"gold_loss":0},{"damage_healed":0,"gold_gain":0,"player_choice":"Opened","damage_taken":0,"relics_obtained":["Anchor"],"max_hp_gain":0,"max_hp_loss":0,"event_name":"The Mausoleum","floor":22,"gold_loss":0,"cards_obtained":["Writhe"]},{"damage_healed":0,"gold_gain":99,"player_choice":"Stole From Cult","damage_taken":0,"max_hp_gain":0,"max_hp_loss":0,"event_name":"Nest","floor":27,"gold_loss":0},{"damage_healed":0,"gold_gain":0,"player_choice":"Obtained Relic","damage_taken":0,"relics_obtained":["Ornamental Fan"],"max_hp_gain":0,"max_hp_loss":0,"event_name":"Addict","floor":28,"gold_loss":85},{"damage_healed":0,"gold_gain":0,"player_choice":"Simplicity","damage_taken":0,"max_hp_gain":0,"max_hp_loss":0,"event_name":"Back to Basics","floor":30,"gold_loss":0,"cards_upgraded":["Strike_B","Strike_B","Strike_B","Strike_B","Defend_B","Defend_B","Defend_B"]},{"damage_healed":0,"gold_gain":0,"player_choice":"Stopped","damage_taken":9,"max_hp_gain":0,"max_hp_loss":0,"event_name":"Cursed Tome","floor":31,"gold_loss":0},{"damage_healed":0,"gold_gain":0,"player_choice":"Memory 1","damage_taken":0,"max_hp_gain":0,"max_hp_loss":0,"event_name":"SensoryStone","floor":37,"gold_loss":0},{"damage_healed":0,"gold_gain":0,"player_choice":"Upgraded","damage_taken":0,"max_hp_gain":0,"max_hp_loss":0,"event_name":"Upgrade Shrine","floor":39,"gold_loss":0,"cards_upgraded":["Echo Form"]},{"damage_healed":0,"gold_gain":222,"player_choice":"Wore Mask","damage_taken":0,"max_hp_gain":0,"max_hp_loss":0,"event_name":"Tomb of Lord Red Mask","floor":42,"gold_loss":0}],"is_beta":false,"boss_relics":[{"not_picked":["Philosopher\u0027s Stone","Snecko Eye"],"picked":"Tiny House"},{"not_picked":["Cursed Key","Coffee Dripper"],"picked":"Lizard Tail"}],"items_purged_floors":[],"is_endless":false,"potions_floor_spawned":[3,19,33,35,41],"killed_by":"Spire Growth","ascension_level":0}