{"gold_per_floor":[111,131,204,204,41,41,67,67,67,67,86,104,104,130,130,231,231,241,267,284,294,44,44,70,70,70,70,70,70,70,70,70,170,170,183,183,203,218,244,244,278,278,305,315,330,21,51,65,65,65],"floor_reached":50,"playtime":2704,"items_purged":["Decay","Warcry"],"score":551,"play_id":"e32513e7-f53e-4d86-a597-0b766e0b1a6e","local_time":"20190121212056","is_ascension_mode":false,"campfire_choices":[{"data":"True Grit","floor":6,"key":"SMITH"},{"data":"True Grit","floor":8,"key":"SMITH"},{"data":"Uppercut","floor":10,"key":"SMITH"},{"data":"Seeing Red","floor":13,"key":"SMITH"},{"data":"Demon Form","floor":15,"key":"SMITH"},{"data":"Immolate","floor":23,"key":"SMITH"},{"data":"True Grit","floor":25,"key":"SMITH"},{"floor":27,"key":"RECALL"},{"data":"Offering","floor":30,"key":"SMITH"},{"data":"RitualDagger","floor":32,"key":"SMITH"},{"data":"Flame Barrier","floor":40,"key":"SMITH"},{"data":"Juggernaut","floor":42,"key":"SMITH"},{"data":"Double Tap","floor":49,"key":"SMITH"}],"neow_cost":"NONE","seed_source_timestamp":433807546126300,"circlet_count":0,"master_deck":["Bash","Demon Form+1","True Grit+1","Clothesline","Uppercut+1","True Grit+1","Seeing Red+1","Flex","Anger","Immolate+1","Shrug It Off+1","Shrug It Off+1","Warcry","True Grit+1","Offering+1","RitualDagger+1","Limit Break","Brutality","Juggernaut+1","Blood for Blood","Pommel Strike","Second Wind","Intimidate","Thunderclap","Flame Barrier+1","Battle Trance","Flame Barrier+1","Sword Boomerang+1","Pummel+1","Double Tap+1","Twin Strike+1"],"relics":["Burning Blood","Bronze Scales","Potion Belt","Lantern","Snecko Eye","Red Mask","Kunai","Oddly Smooth Stone","Singing Bowl","Pandora\u0027s Box","Dodecahedron","PreservedInsect","Meat on the Bone","Anchor","Medical Kit","Dead Branch"],"potions_floor_usage":[14,19,33,41,50,50,50,50],"damage_taken":[{"damage":6,"enemies":"2 Louse","floor":1,"turns":5},{"damage":5,"enemies":"Cultist","floor":2,"turns":5},{"damage":26,"enemies":"3 Sentries","floor":7,"turns":8},{"damage":0,"enemies":"Small Slimes","floor":11,"turns":3},{"damage":10,"enemies":"3 Louse","floor":12,"turns":4},{"damage":7,"enemies":"Gremlin Nob","floor":14,"turns":4},{"damage":32,"enemies":"Hexaghost","floor":16,"turns":9},{"damage":17,"enemies":"2 Thieves","floor":18,"turns":4},{"damage":1,"enemies":"Masked Bandits","floor":19,"turns":2},{"damage":10,"enemies":"Spheric Guardian","floor":20,"turns":3},{"damage":0,"enemies":"Centurion and Healer","floor":21,"turns":5},{"damage":0,"enemies":"Slavers","floor":24,"turns":3},{"damage":29,"enemies":"Automaton","floor":33,"turns":10},{"damage":0,"enemies":"3 Shapes","floor":35,"turns":4},{"damage":20,"enemies":"Orb Walker","floor":37,"turns":2},{"damage":6,"enemies":"4 Shapes","floor":38,"turns":4},{"damage":25,"enemies":"Nemesis","floor":41,"turns":7},{"damage":0,"enemies":"Transient","floor":44,"turns":5},{"damage":13,"enemies":"Jaw Worm Horde","floor":45,"turns":4},{"damage":5,"enemies":"Giant Head","floor":47,"turns":5},{"damage":21,"enemies":"Writhing Mass","floor":48,"turns":3},{"damage":75,"enemies":"Awakened One","floor":50,"turns":9}],"seed_played":"-6533023691771336499","potions_obtained":[{"floor":14,"key":"Block Potion"},{"floor":16,"key":"SkillPotion"},{"floor":18,"key":"FairyPotion"},{"floor":21,"key":"Fire Potion"},{"floor":33,"key":"LiquidBronze"},{"floor":35,"key":"LiquidBronze"},{"floor":37,"key":"Strength Potion"},{"floor":48,"key":"BloodPotion"}],"is_trial":false,"path_per_floor":["M","M","?","?","$","R","E","R","T","R","M","M","R","E","R","B",null,"M","?","M","M","$","R","E","R","T","R","?","?","R","?","R","B",null,"M","?","M","M","T","R","E","R","T","M","M","$","E","M","R","B"],"character_chosen":"IRONCLAD","items_purchased":["Uppercut","Dexterity Potion","Kunai","Medical Kit"],"campfire_rested":0,"item_purchase_floors":[5,5,22,46],"current_hp_per_floor":[80,80,80,80,80,80,60,60,60,60,66,62,62,61,61,35,80,69,74,70,76,76,76,80,80,80,80,80,74,74,74,74,51,80,80,80,66,66,66,66,47,47,47,53,58,58,59,58,58,0],"gold":65,"neow_bonus":"TRANSFORM_CARD","is_prod":false,"is_daily":false,"chose_seed":false,"campfire_upgraded":12,"win_rate":0,"timestamp":1548102056,"path_taken":["M","M","?","?","$","R","E","R","T","R","M","M","R","E","R","BOSS","M","?","M","M","$","R","E","R","T","R","?","?","R","?","R","BOSS","M","?","?","M","?","R","E","R","T","M","M","$","E","M","R","BOSS"],"build_version":"2019-01-17v2","purchased_purges":2,"victory":false,"max_hp_per_floor":[80,80,80,80,80,80,80,80,80,80,80,80,80,80,80,80,80,80,80,80,80,80,80,80,80,80,80,80,80,80,80,80,80,80,80,80,80,80,80,80,80,80,80,80,80,80,80,82,82,82],"card_choices":[{"not_picked":["Fire Breathing","Heavy Blade"],"picked":"True Grit","floor":1},{"not_picked":["Perfected Strike","Entrench"],"picked":"Clothesline","floor":2},{"not_picked":["Warcry","Clash"],"picked":"True Grit","floor":7},{"not_picked":["Pommel Strike","Clash"],"picked":"Seeing Red","floor":11},{"not_picked":["Body Slam","Thunderclap"],"picked":"Flex","floor":12},{"not_picked":["Body Slam","Perfected Strike"],"picked":"Anger","floor":14},{"not_picked":["Impervious","Brutality"],"picked":"Immolate","floor":16},{"not_picked":["Flex","Wild Strike","Clash+1"],"picked":"SKIP","floor":18},{"not_picked":["True Grit+1","Feed"],"picked":"Shrug It Off+1","floor":19},{"not_picked":["Pommel Strike+1","True Grit"],"picked":"Shrug It Off+1","floor":20},{"not_picked":["Rampage","Heavy Blade"],"picked":"Warcry","floor":21},{"not_picked":["Clash","Burning Pact"],"picked":"True Grit","floor":24},{"not_picked":["Fiend Fire","Impervious"],"picked":"Limit Break","floor":33},{"not_picked":["Corruption","Body Slam"],"picked":"Flame Barrier","floor":35},{"not_picked":["True Grit","Iron Wave+1"],"picked":"Battle Trance","floor":37},{"not_picked":["Cleave+1","Bloodletting"],"picked":"Flame Barrier+1","floor":38},{"not_picked":["Warcry","Shrug It Off"],"picked":"Sword Boomerang+1","floor":41},{"not_picked":["Flex","Sword Boomerang+1"],"picked":"Pummel+1","floor":44},{"not_picked":["Thunderclap+1","Carnage"],"picked":"Double Tap","floor":45},{"not_picked":["Shockwave+1","Burning Pact"],"picked":"Twin Strike+1","floor":47},{"not_picked":["Fire Breathing+1","Carnage+1","Warcry"],"picked":"Singing Bowl","floor":48}],"player_experience":206537,"relics_obtained":[{"floor":7,"key":"Bronze Scales"},{"floor":9,"key":"Potion Belt"},{"floor":14,"key":"Lantern"},{"floor":19,"key":"Red Mask"},{"floor":24,"key":"Oddly Smooth Stone"},{"floor":26,"key":"Singing Bowl"},{"floor":36,"key":"Dodecahedron"},{"floor":39,"key":"PreservedInsect"},{"floor":41,"key":"Meat on the Bone"},{"floor":43,"key":"Anchor"},{"floor":47,"key":"Dead Branch"}],"event_choices":[{"damage_healed":0,"gold_gain":73,"player_choice":"Gained Gold","damage_taken":0,"max_hp_gain":0,"max_hp_loss":0,"event_name":"Golden Wing","floor":3,"gold_loss":0},{"damage_healed":0,"gold_gain":0,"player_choice":"Cursed","damage_taken":0,"max_hp_gain":0,"max_hp_loss":0,"event_name":"Wheel of Change","floor":4,"gold_loss":0,"cards_obtained":["Decay"]},{"damage_healed":0,"gold_gain":0,"player_choice":"Fought Bandits","damage_taken":0,"max_hp_gain":0,"max_hp_loss":0,"event_name":"Masked Bandits","floor":19,"gold_loss":0},{"damage_healed":0,"gold_gain":0,"player_choice":"Read","damage_taken":0,"max_hp_gain":0,"max_hp_loss":0,"event_name":"The Library","floor":28,"gold_loss":0,"cards_obtained":["Offering"]},{"damage_healed":0,"gold_gain":0,"player_choice":"Joined the Cult","damage_taken":6,"max_hp_gain":0,"max_hp_loss":0,"event_name":"Nest","floor":29,"gold_loss":0,"cards_obtained":["RitualDagger"]},{"damage_healed":0,"gold_gain":0,"player_choice":"Relic","damage_taken":0,"max_hp_gain":0,"max_hp_loss":0,"event_name":"Wheel of Change","floor":36,"gold_loss":0}],"is_beta":false,"boss_relics":[{"not_picked":["Runic Cube","Fusion Hammer"],"picked":"Snecko Eye"},{"not_picked":["White Beast Statue","Empty Cage"],"picked":"Pandora\u0027s Box"}],"items_purged_floors":[5,46],"is_endless":false,"potions_floor_spawned":[14,16,18,21,33,35,37,48],"killed_by":"Awakened One","ascension_level":0}