{"gold_per_floor":[113,127,54,129,129,154,154,180,248,248,276,291,291,145,145,220,220,232,232,10,25,25,60,60,72,72,72,101,131,131],"floor_reached":30,"playtime":722,"items_purged":["Pain"],"score":541,"play_id":"e8dd6b44-d96c-4427-8fb5-ccf3ae4b8941","local_time":"20190711192846","is_ascension_mode":true,"campfire_choices":[{"data":"Zap","floor":7.0,"key":"SMITH"},{"floor":10.0,"key":"REST"},{"data":"Coolheaded","floor":13.0,"key":"SMITH"},{"data":"Dualcast","floor":15.0,"key":"SMITH"},{"floor":24,"key":"REST"},{"data":"Seek","floor":27,"key":"SMITH"}],"neow_cost":"NONE","seed_source_timestamp":91339757434136,"circlet_count":0,"master_deck":["AscendersBane","Strike_B","Strike_B","Defend_B","Defend_B","Defend_B","Defend_B","Zap+1","Dualcast+1","Melter","Cold Snap","Doom and Gloom","Conserve Battery","Coolheaded+1","Core Surge","Defragment+1","Loop+1","Seek+1","Compile Driver","Streamline","Ball Lightning","Static Discharge+1","Force Field+1","Genetic Algorithm+1","Genetic Algorithm"],"special_seed":0,"relics":["Cracked Core","NeowsBlessing","WarpedTongs","Omamori","Frozen Egg 2","Shuriken","Mummified Hand","Eternal Feather","Art of War","Thread and Needle","Ancient Tea Set","Pocketwatch","Tiny Chest"],"potions_floor_usage":[23],"damage_taken":[{"damage":0.0,"enemies":"Small Slimes","floor":1.0,"turns":1.0},{"damage":0.0,"enemies":"Jaw Worm","floor":2.0,"turns":1.0},{"damage":0.0,"enemies":"Gremlin Nob","floor":6.0,"turns":1.0},{"damage":17.0,"enemies":"Lagavulin","floor":8.0,"turns":6.0},{"damage":21.0,"enemies":"Gremlin Nob","floor":11.0,"turns":3.0},{"damage":0.0,"enemies":"Cultist","floor":12.0,"turns":2.0},{"damage":22.0,"enemies":"Slime Boss","floor":16.0,"turns":8.0},{"damage":9.0,"enemies":"3 Byrds","floor":18.0,"turns":3.0},{"damage":0.0,"enemies":"Spheric Guardian","floor":21.0,"turns":2.0},{"damage":0.0,"enemies":"Snecko","floor":22.0,"turns":3.0},{"damage":40,"enemies":"Slavers","floor":23,"turns":3},{"damage":1,"enemies":"Chosen and Byrds","floor":25,"turns":6},{"damage":17,"enemies":"Book of Stabbing","floor":28,"turns":4},{"damage":56,"enemies":"Slavers","floor":30,"turns":5}],"seed_played":"-5557352450330741832","potions_obtained":[{"floor":1.0,"key":"LiquidBronze"},{"floor":6.0,"key":"SkillPotion"},{"floor":18.0,"key":"SmokeBomb"},{"floor":21.0,"key":"PowerPotion"}],"is_trial":false,"path_per_floor":["M","M","$","?","?","E","R","E","T","R","E","M","R","$","R","B",null,"M","?","$","M","M","E","R","M","T","R","E","T","E"],"character_chosen":"DEFECT","items_purchased":["Doom and Gloom","Loop+1","Static Discharge+1","Art of War"],"campfire_rested":2,"item_purchase_floors":[3,14,20,20],"current_hp_per_floor":[64,64,64,53,53,53,53,36,36,57,36,36,36,36,36,14,57,48,48,48,48,48,8,41,40,40,55,38,38,0],"gold":131,"neow_bonus":"THREE_ENEMY_KILL","is_prod":false,"is_daily":false,"chose_seed":false,"campfire_upgraded":4,"win_rate":0,"timestamp":1562887726,"path_taken":["M","M","$","?","?","E","R","E","T","R","E","M","R","$","R","BOSS","M","?","$","M","M","E","R","M","T","R","E","?","E"],"build_version":"2019-07-10","purchased_purges":1,"victory":false,"max_hp_per_floor":[71,71,71,71,71,71,71,71,71,71,71,71,71,71,71,71,71,71,71,71,71,71,71,71,71,71,71,71,71,71],"card_choices":[{"not_picked":["Stack","Leap"],"picked":"Melter","floor":1.0},{"not_picked":["Hologram","Leap"],"picked":"Cold Snap","floor":2.0},{"not_picked":["Auto Shields","Rebound"],"picked":"Conserve Battery","floor":6.0},{"not_picked":["Fusion","Compile Driver"],"picked":"Coolheaded","floor":8.0},{"not_picked":["FTL","Double Energy"],"picked":"Core Surge","floor":11.0},{"not_picked":["Steam","Hologram"],"picked":"Defragment+1","floor":12.0},{"not_picked":["Machine Learning+1","Reboot"],"picked":"Seek","floor":16.0},{"not_picked":["Stack+1","Rebound"],"picked":"Compile Driver","floor":18.0},{"not_picked":["Sunder","Barrage"],"picked":"Force Field+1","floor":21.0},{"not_picked":["FTL","Rainbow"],"picked":"Genetic Algorithm+1","floor":23},{"not_picked":["Barrage","Rebound"],"picked":"Genetic Algorithm","floor":25},{"not_picked":["Heatsinks+1","BootSequence","Lockon"],"picked":"SKIP","floor":28}],"player_experience":2629159,"relics_obtained":[{"floor":6.0,"key":"Omamori"},{"floor":8.0,"key":"Frozen Egg 2"},{"floor":9.0,"key":"Shuriken"},{"floor":11.0,"key":"Mummified Hand"},{"floor":23,"key":"Thread and Needle"},{"floor":26,"key":"Ancient Tea Set"},{"floor":28,"key":"Pocketwatch"},{"floor":29,"key":"Tiny Chest"}],"event_choices":[{"damage_healed":0.0,"max_hp_gain":0.0,"max_hp_loss":0.0,"gold_gain":75.0,"event_name":"World of Goop","player_choice":"Gather Gold","floor":4.0,"gold_loss":0.0,"damage_taken":11.0},{"damage_healed":0.0,"max_hp_gain":0.0,"max_hp_loss":0.0,"gold_gain":0.0,"event_name":"Accursed Blacksmith","player_choice":"Rummage","floor":5.0,"gold_loss":0.0,"damage_taken":0.0,"relics_obtained":["WarpedTongs"],"cards_obtained":["Pain"]},{"damage_healed":0.0,"max_hp_gain":0.0,"max_hp_loss":0.0,"gold_gain":0.0,"cards_transformed":["Strike_B","Strike_B"],"event_name":"Drug Dealer","player_choice":"Became Test Subject","floor":19.0,"gold_loss":0.0,"damage_taken":0.0,"cards_obtained":["Streamline","Ball Lightning"]}],"is_beta":true,"boss_relics":[{"not_picked":["Runic Dome","Orrery"],"picked":"Eternal Feather"}],"items_purged_floors":[14],"is_endless":false,"potions_floor_spawned":[1,6,11,18,21,22],"killed_by":"Slavers","ascension_level":15}