{"gold_per_floor":[118,129,129,54,72,72,103,103,103,55,81,99,113,131,131,208,208,222,238,271,271,285,285,311,1,26,53,53,67,95,95,95,95],"floor_reached":33,"playtime":1424,"items_purged":[],"score":551,"play_id":"9f5619b1-85fd-424a-8563-9839dfe176da","local_time":"20190616210052","is_ascension_mode":true,"campfire_choices":[{"data":"Bash","floor":6,"key":"SMITH"},{"data":"Cleave","floor":15,"key":"SMITH"},{"data":"Fiend Fire","floor":23,"key":"SMITH"},{"data":"Battle Trance","floor":32,"key":"SMITH"}],"neow_cost":"NONE","seed_source_timestamp":262247122414535,"circlet_count":0,"master_deck":["AscendersBane","Strike_R","Strike_R","Strike_R","Defend_R","Defend_R","Defend_R","Defend_R","Bash+1","Battle Trance+1","Headbutt+1","Disarm","Evolve","Cleave+1","Clothesline","Fiend Fire+1","Anger+1","Metallicize","Shockwave","Burning Pact"],"relics":["Burning Blood","Nunchaku","Bottled Lightning","Centennial Puzzle","Velvet Choker","Red Mask","Kunai","Self Forming Clay","Orichalcum","Pen Nib","Mercury Hourglass"],"potions_floor_usage":[7,16,16,24,33],"damage_taken":[{"damage":0,"enemies":"Small Slimes","floor":1,"turns":3},{"damage":11,"enemies":"Jaw Worm","floor":2,"turns":4},{"damage":1,"enemies":"Cultist","floor":5,"turns":3},{"damage":35,"enemies":"Lagavulin","floor":7,"turns":5},{"damage":32,"enemies":"Gremlin Nob","floor":11,"turns":4},{"damage":3,"enemies":"3 Louse","floor":12,"turns":4},{"damage":4,"enemies":"Looter","floor":13,"turns":4},{"damage":0,"enemies":"Exordium Wildlife","floor":14,"turns":3},{"damage":12,"enemies":"Slime Boss","floor":16,"turns":6},{"damage":17,"enemies":"2 Thieves","floor":18,"turns":5},{"damage":0,"enemies":"3 Byrds","floor":19,"turns":5},{"damage":13,"enemies":"Masked Bandits","floor":20,"turns":3},{"damage":4,"enemies":"Centurion and Healer","floor":22,"turns":4},{"damage":16,"enemies":"Slavers","floor":24,"turns":4},{"damage":10,"enemies":"Book of Stabbing","floor":27,"turns":5},{"damage":1,"enemies":"Cultist and Chosen","floor":29,"turns":5},{"damage":5,"enemies":"Slavers","floor":30,"turns":5},{"damage":60,"enemies":"Champ","floor":33,"turns":7}],"seed_played":"-2725005687075590988","potions_obtained":[{"floor":2,"key":"Poison Potion"},{"floor":5,"key":"Regen Potion"},{"floor":7,"key":"Ancient Potion"},{"floor":19,"key":"Swift Potion"},{"floor":20,"key":"Fire Potion"},{"floor":27,"key":"SpeedPotion"}],"is_trial":false,"path_per_floor":["M","M","?","?","M","R","E","?","T","$","E","M","M","M","R","B",null,"M","M","?","?","M","R","E","$","T","E","$","M","E","?","R","B"],"character_chosen":"IRONCLAD","items_purchased":["SteroidPotion","Self Forming Clay","Metallicize"],"campfire_rested":0,"item_purchase_floors":[10,25,25],"current_hp_per_floor":[81,76,81,81,86,86,57,57,57,57,31,34,36,42,42,36,74,63,69,62,62,64,64,54,54,54,50,50,55,56,56,56,0],"gold":95,"neow_bonus":"TEN_PERCENT_HP_BONUS","is_prod":false,"is_daily":false,"chose_seed":false,"campfire_upgraded":4,"win_rate":0,"timestamp":1560733252,"path_taken":["M","M","?","?","M","R","E","?","T","$","E","M","M","?","R","BOSS","M","M","?","?","M","R","E","$","T","E","?","M","E","?","R","BOSS"],"build_version":"2019-06-13","purchased_purges":0,"victory":false,"max_hp_per_floor":[82,82,87,87,87,87,87,87,87,87,87,87,87,87,87,87,87,87,87,87,87,87,87,87,87,87,87,87,87,87,87,87,87],"card_choices":[{"not_picked":["True Grit","Wild Strike","Power Through"],"picked":"SKIP","floor":1},{"not_picked":["Headbutt","Ghostly Armor"],"picked":"Battle Trance","floor":2},{"not_picked":["Thunderclap","Reckless Charge"],"picked":"Headbutt","floor":5},{"not_picked":["Warcry","Fire Breathing"],"picked":"Disarm","floor":7},{"not_picked":["Clash","Barricade","Havoc"],"picked":"SKIP","floor":11},{"not_picked":["Corruption","Clash"],"picked":"Evolve","floor":12},{"not_picked":["Hemokinesis","Flex"],"picked":"Cleave","floor":13},{"not_picked":["Headbutt","Armaments"],"picked":"Clothesline","floor":14},{"not_picked":["Bludgeon","Limit Break"],"picked":"Fiend Fire","floor":16},{"not_picked":["Pommel Strike","Sword Boomerang","Flex"],"picked":"SKIP","floor":18},{"not_picked":["Wild Strike+1","Fire Breathing+1","True Grit"],"picked":"SKIP","floor":19},{"not_picked":["Seeing Red","Double Tap","Sentinel"],"picked":"SKIP","floor":22},{"not_picked":["Rupture","Rampage"],"picked":"Anger+1","floor":24},{"not_picked":["Pommel Strike","Shrug It Off"],"picked":"Shockwave","floor":27},{"not_picked":["Sever Soul","Havoc"],"picked":"Burning Pact","floor":29},{"not_picked":["Hemokinesis","Corruption","Body Slam"],"picked":"SKIP","floor":30}],"player_experience":2548953,"relics_obtained":[{"floor":7,"key":"Nunchaku"},{"floor":9,"key":"Bottled Lightning"},{"floor":11,"key":"Centennial Puzzle"},{"floor":20,"key":"Red Mask"},{"floor":24,"key":"Kunai"},{"floor":26,"key":"Orichalcum"},{"floor":27,"key":"Pen Nib"},{"floor":30,"key":"Mercury Hourglass"}],"event_choices":[{"damage_healed":0,"gold_gain":0,"player_choice":"Donut","damage_taken":0,"max_hp_gain":5,"max_hp_loss":0,"event_name":"Big Fish","floor":3,"gold_loss":0},{"cards_removed":["Strike_R"],"damage_healed":0,"gold_gain":0,"player_choice":"Card Removal","damage_taken":0,"max_hp_gain":0,"max_hp_loss":0,"event_name":"The Cleric","floor":4,"gold_loss":75},{"damage_healed":0,"gold_gain":0,"player_choice":"Upgraded","damage_taken":0,"max_hp_gain":0,"max_hp_loss":0,"event_name":"Upgrade Shrine","floor":8,"gold_loss":0,"cards_upgraded":["Headbutt"]},{"damage_healed":0,"gold_gain":0,"player_choice":"Fought Bandits","damage_taken":0,"max_hp_gain":0,"max_hp_loss":0,"event_name":"Masked Bandits","floor":20,"gold_loss":0},{"damage_healed":0,"gold_gain":0,"player_choice":"Ignored","damage_taken":0,"max_hp_gain":0,"max_hp_loss":0,"event_name":"The Mausoleum","floor":21,"gold_loss":0},{"cards_removed":["Strike_R"],"damage_healed":0,"gold_gain":0,"player_choice":"Offered Basic","damage_taken":0,"max_hp_gain":0,"max_hp_loss":0,"event_name":"Bonfire Elementals","floor":31,"gold_loss":0}],"is_beta":true,"boss_relics":[{"not_picked":["Eternal Feather","Philosopher\u0027s Stone"],"picked":"Velvet Choker"}],"items_purged_floors":[],"is_endless":false,"potions_floor_spawned":[2,5,7,19,20,22,27],"killed_by":"Champ","ascension_level":15}