{"gold_per_floor":[119,44,62,62,74,74,54,54,54,54,54,87,102,117,117,189,189,203,228,244,3,3,3,334,32,32,32,58,77,103,120,120,192,192,203,213,213,213,67,102,102,102,127,164,176,201,213,260,272,284,296,308,37,65,65],"floor_reached":55,"playtime":2304,"items_purged":["Strike_B"],"score":1362,"play_id":"933a77a2-afc4-4177-8b9f-ad344c8bdbf8","local_time":"20190809002455","is_ascension_mode":true,"campfire_choices":[{"data":"Zap","floor":6,"key":"SMITH"},{"data":"Hologram","floor":8,"key":"SMITH"},{"data":"Dualcast","floor":10,"key":"SMITH"},{"data":"Reinforced Body","floor":15,"key":"SMITH"},{"data":"Biased Cognition","floor":23,"key":"SMITH"},{"floor":27,"key":"REST"},{"data":"Storm","floor":32,"key":"SMITH"},{"floor":41,"key":"RECALL"},{"floor":49,"key":"REST"},{"floor":52,"key":"REST"}],"neow_cost":"NONE","seed_source_timestamp":2526975457514091,"circlet_count":0,"master_deck":["AscendersBane","Defend_B","Defend_B","Defend_B","Defend_B","Zap+1","Dualcast+1","Hologram+1","Self Repair","Genetic Algorithm","Compile Driver+1","Ball Lightning+1","Reinforced Body+1","Conserve Battery","Biased Cognition+1","Capacitor","Apotheosis","Rebound","Aggregate","Loop","Storm+1","Capacitor","Biased Cognition","Static Discharge","Creative AI","Coolheaded","Cold Snap+1","Stack+1","Injury","Buffer","Genetic Algorithm"],"relics":["Cracked Core","The Courier","Centennial Puzzle","Cursed Key","Red Mask","Membership Card","Old Coin","Anchor","Omamori","Whetstone","Du-Vu Doll","Lizard Tail","ClockworkSouvenir","PreservedInsect","Unceasing Top","MawBank","Strawberry","Shuriken","DollysMirror","Bottled Flame","Art of War","Happy Flower"],"potions_floor_usage":[12,16,19,24,24,24,30,44,46,48,54,55,55],"damage_taken":[{"damage":0,"enemies":"Small Slimes","floor":1,"turns":3},{"damage":0,"enemies":"2 Louse","floor":3,"turns":2},{"damage":0,"enemies":"Cultist","floor":5,"turns":4},{"damage":20,"enemies":"Lagavulin","floor":12,"turns":7},{"damage":3,"enemies":"Blue Slaver","floor":13,"turns":5},{"damage":0,"enemies":"3 Louse","floor":14,"turns":4},{"damage":20,"enemies":"The Guardian","floor":16,"turns":13},{"damage":0,"enemies":"Spheric Guardian","floor":18,"turns":3},{"damage":42,"enemies":"Masked Bandits","floor":19,"turns":4},{"damage":7,"enemies":"Shell Parasite","floor":20,"turns":5},{"damage":26,"enemies":"Gremlin Leader","floor":24,"turns":7},{"damage":17,"enemies":"Sentry and Sphere","floor":29,"turns":4},{"damage":0,"enemies":"Book of Stabbing","floor":30,"turns":4},{"damage":9,"enemies":"3 Cultists","floor":31,"turns":5},{"damage":16,"enemies":"Automaton","floor":33,"turns":8},{"damage":9,"enemies":"Orb Walker","floor":35,"turns":3},{"damage":11,"enemies":"3 Shapes","floor":36,"turns":4},{"damage":4,"enemies":"Giant Head","floor":40,"turns":6},{"damage":18,"enemies":"Nemesis","floor":44,"turns":7},{"damage":33,"enemies":"Jaw Worm Horde","floor":46,"turns":5},{"damage":25,"enemies":"Reptomancer","floor":48,"turns":3},{"damage":76,"enemies":"Time Eater","floor":50,"turns":13},{"damage":8,"enemies":"Shield and Spear","floor":54,"turns":6},{"damage":88,"enemies":"The Heart","floor":55,"turns":9}],"seed_played":"6223441626047220064","potions_obtained":[{"floor":5,"key":"Energy Potion"},{"floor":7,"key":"AttackPotion"},{"floor":12,"key":"AttackPotion"},{"floor":16,"key":"GamblersBrew"},{"floor":19,"key":"EntropicBrew"},{"floor":24,"key":"Fire Potion"},{"floor":33,"key":"FearPotion"},{"floor":36,"key":"Swift Potion"},{"floor":44,"key":"Strength Potion"},{"floor":54,"key":"Explosive Potion"}],"is_trial":false,"path_per_floor":["M","?","M","?","M","R","?","R","T","R","$","E","M","M","R","B",null,"M","?","M","$","?","R","E","$","T","R","T","M","E","M","R","B",null,"M","M","?","?","$","E","R","$","T","E","T","M","?","E","R","B",null,"R","$","E","B"],"character_chosen":"DEFECT","items_purchased":["Membership Card","Apotheosis","Anchor","Omamori","Storm","Capacitor","Biased Cognition","Static Discharge","ClockworkSouvenir","PreservedInsect","FocusPotion","DollysMirror","Bottled Flame","Art of War","AttackPotion"],"campfire_rested":3,"item_purchase_floors":[21,21,25,25,25,25,25,25,39,39,53,53,53,53,53],"current_hp_per_floor":[64,64,71,76,76,76,76,76,76,76,76,63,67,74,74,61,72,76,41,41,41,41,41,25,25,25,47,47,37,47,48,48,39,67,65,61,61,61,61,57,57,57,57,56,56,30,30,5,29,16,66,83,83,83,0],"gold":65,"neow_bonus":"THREE_CARDS","is_prod":false,"is_daily":false,"chose_seed":false,"campfire_upgraded":6,"win_rate":0,"timestamp":1565324695,"path_taken":["M","?","M","?","M","R","?","R","T","R","$","E","?","M","R","BOSS","M","?","M","$","?","R","E","$","T","R","?","M","E","?","R","BOSS","M","M","?","?","?","E","R","$","T","E","?","?","?","E","R","BOSS","R","$","E","BOSS"],"build_version":"2019-07-17","purchased_purges":1,"victory":false,"max_hp_per_floor":[71,71,71,76,76,76,76,76,76,76,76,76,76,76,76,76,76,76,76,76,76,76,76,76,76,76,76,76,76,76,76,76,76,76,76,76,76,76,76,76,76,76,76,83,83,83,83,83,83,83,83,83,83,83,83],"card_choices":[{"not_picked":["BootSequence","Streamline"],"picked":"Hologram","floor":0},{"not_picked":["Go for the Eyes","Gash"],"picked":"Self Repair","floor":1},{"not_picked":["Steam Power","Hologram"],"picked":"Genetic Algorithm","floor":3},{"not_picked":["Go for the Eyes","Scrape"],"picked":"Compile Driver","floor":5},{"not_picked":["Auto Shields","Beam Cell"],"picked":"Ball Lightning","floor":12},{"not_picked":["Beam Cell","Melter"],"picked":"Reinforced Body","floor":13},{"not_picked":["Rebound","Blizzard"],"picked":"Conserve Battery","floor":14},{"not_picked":["Rainbow","Hyperbeam"],"picked":"Biased Cognition","floor":16},{"not_picked":["Consume","Hologram"],"picked":"Capacitor","floor":18},{"not_picked":["Rip and Tear","Compile Driver","Redo+1"],"picked":"SKIP","floor":20},{"not_picked":["Rebound","Darkness+1"],"picked":"Loop","floor":24},{"not_picked":["Gash","Chaos"],"picked":"Creative AI","floor":29},{"not_picked":["Melter+1","Capacitor"],"picked":"Coolheaded","floor":30},{"not_picked":["Go for the Eyes","Conserve Battery+1"],"picked":"Cold Snap+1","floor":31},{"not_picked":["Tempest","Go for the Eyes+1","FTL"],"picked":"SKIP","floor":35},{"not_picked":["Rebound","Doom and Gloom"],"picked":"Stack+1","floor":36},{"not_picked":["Conserve Battery","Rebound","Hologram"],"picked":"SKIP","floor":40},{"not_picked":["Gash","Skim"],"picked":"Buffer","floor":44},{"not_picked":["Compile Driver","Hologram","FTL"],"picked":"SKIP","floor":46},{"not_picked":["Skim","Self Repair","Barrage"],"picked":"SKIP","floor":48},{"not_picked":["Steam Power","Sweeping Beam","Rip and Tear"],"picked":"SKIP","floor":54}],"player_experience":2649767,"relics_obtained":[{"floor":9,"key":"The Courier"},{"floor":12,"key":"Centennial Puzzle"},{"floor":19,"key":"Red Mask"},{"floor":24,"key":"Old Coin"},{"floor":28,"key":"Whetstone"},{"floor":30,"key":"Du-Vu Doll"},{"floor":40,"key":"Unceasing Top"},{"floor":43,"key":"MawBank"},{"floor":44,"key":"Strawberry"},{"floor":48,"key":"Shuriken"},{"floor":54,"key":"Happy Flower"}],"event_choices":[{"cards_removed":["Strike_B"],"damage_healed":0,"gold_gain":0,"player_choice":"Card Removal","damage_taken":0,"max_hp_gain":0,"max_hp_loss":0,"event_name":"The Cleric","floor":2,"gold_loss":75},{"damage_healed":0,"gold_gain":0,"player_choice":"Donut","damage_taken":0,"max_hp_gain":5,"max_hp_loss":0,"event_name":"Big Fish","floor":4,"gold_loss":0},{"damage_healed":0,"gold_gain":0,"player_choice":"Bought 1 Potion","damage_taken":0,"max_hp_gain":0,"max_hp_loss":0,"event_name":"The Woman in Blue","floor":7,"gold_loss":0},{"damage_healed":0,"gold_gain":0,"player_choice":"Fought Bandits","damage_taken":0,"max_hp_gain":0,"max_hp_loss":0,"event_name":"Masked Bandits","floor":19,"gold_loss":0},{"damage_healed":0,"gold_gain":0,"cards_transformed":["Strike_B","Strike_B"],"player_choice":"Became Test Subject","damage_taken":0,"max_hp_gain":0,"max_hp_loss":0,"event_name":"Drug Dealer","floor":22,"gold_loss":0,"cards_obtained":["Rebound","Aggregate"]},{"damage_healed":0,"gold_gain":0,"player_choice":"Ignored","damage_taken":0,"max_hp_gain":0,"max_hp_loss":0,"event_name":"Mysterious Sphere","floor":37,"gold_loss":0},{"damage_healed":0,"gold_gain":0,"player_choice":"Memory 1","damage_taken":0,"max_hp_gain":0,"max_hp_loss":0,"event_name":"SensoryStone","floor":38,"gold_loss":0},{"damage_healed":0,"gold_gain":0,"player_choice":"Ignored","damage_taken":0,"max_hp_gain":0,"max_hp_loss":0,"event_name":"The Moai Head","floor":47,"gold_loss":0}],"is_beta":false,"boss_relics":[{"not_picked":["Eternal Feather","Snecko Eye"],"picked":"Cursed Key"},{"not_picked":["Busted Crown","Inserter"],"picked":"Lizard Tail"}],"items_purged_floors":[25],"is_endless":false,"potions_floor_spawned":[5,12,16,18,19,24,29,33,36,44,54],"killed_by":"The Heart","ascension_level":15}