{"gold_per_floor":[109,109,34,51,51,51,85,85,85,123,123,123,123,154,154,249,249,270,185,36,36,54,54,92,92,92,92,117,136,136,152,152,226,226,241,1240,1253,673,690,690,715,715,740,774,435,462,472,472,472,472,472,472,41,72,72],"floor_reached":56,"playtime":1921,"items_purged":["Strike_R","Strike_R","Normality","Normality","Strike_R"],"score":2136,"play_id":"c6503ed4-5a1a-4504-89f1-2d201ed0c54c","local_time":"20190520232022","is_ascension_mode":true,"campfire_choices":[{"data":"Demon Form","floor":6.0,"key":"SMITH"},{"data":"Shockwave","floor":11,"key":"SMITH"},{"floor":13,"key":"REST"},{"data":"Defend_R","floor":15,"key":"SMITH"},{"floor":23,"key":"REST"},{"data":"Defend_R","floor":25,"key":"SMITH"},{"data":"Juggernaut","floor":30,"key":"SMITH"},{"floor":32,"key":"RECALL"},{"floor":40,"key":"REST"},{"data":"Defend_R","floor":42,"key":"SMITH"},{"data":"Body Slam","floor":49,"key":"SMITH"},{"data":"Corruption","floor":52,"key":"SMITH"}],"neow_cost":"NONE","seed_source_timestamp":450002519822266,"circlet_count":0,"master_deck":["AscendersBane","Strike_R","Strike_R","Defend_R+1","Defend_R+1","Defend_R+1","Defend_R","Bash+1","Demon Form+1","Pommel Strike","Shockwave+1","Havoc+1","Flame Barrier+1","Juggernaut+1","True Grit+1","Armaments+1","Flex+1","Shrug It Off+1","Impervious+1","Heavy Blade+1","Limit Break+1","Seeing Red+1","Impervious+1","Warcry+1","Disarm+1","Corruption+1","Body Slam+1","True Grit+1","Warcry+1","Sentinel+1","Shrug It Off+1"],"special_seed":0,"relics":["Burning Blood","Bloody Idol","Dodecahedron","Toxic Egg 2","Charon\u0027s Ashes","Art of War","Gremlin Horn","Runic Pyramid","PreservedInsect","Nilry\u0027s Codex","Bottled Tornado","Bottled Lightning","Blue Candle","Velvet Choker","DollysMirror","Oddly Smooth Stone","Paper Frog","Pen Nib","Self Forming Clay","Ornamental Fan"],"potions_floor_usage":[16,24,55],"damage_taken":[{"damage":4.0,"enemies":"Small Slimes","floor":1.0,"turns":4.0},{"damage":7.0,"enemies":"2 Louse","floor":4.0,"turns":3.0},{"damage":0.0,"enemies":"Lagavulin","floor":7.0,"turns":5.0},{"damage":28.0,"enemies":"3 Sentries","floor":10.0,"turns":6.0},{"damage":10,"enemies":"Lagavulin","floor":14,"turns":6},{"damage":13,"enemies":"The Guardian","floor":16,"turns":8},{"damage":14,"enemies":"Chosen","floor":18,"turns":5},{"damage":5,"enemies":"3 Byrds","floor":22,"turns":3},{"damage":5,"enemies":"Slavers","floor":24,"turns":6},{"damage":5,"enemies":"Book of Stabbing","floor":28,"turns":4},{"damage":0,"enemies":"Centurion and Healer","floor":29,"turns":5},{"damage":0,"enemies":"3 Cultists","floor":31,"turns":4},{"damage":9,"enemies":"Champ","floor":33,"turns":7},{"damage":0,"enemies":"Orb Walker","floor":35,"turns":3},{"damage":22,"enemies":"3 Darklings","floor":37,"turns":5},{"damage":1,"enemies":"Sphere and 2 Shapes","floor":39,"turns":6},{"damage":4,"enemies":"Nemesis","floor":41,"turns":5},{"damage":19,"enemies":"Reptomancer","floor":44,"turns":5},{"damage":0,"enemies":"Giant Head","floor":46,"turns":5},{"damage":0,"enemies":"Spire Growth","floor":47,"turns":4},{"damage":5,"enemies":"Awakened One","floor":50,"turns":9},{"damage":22,"enemies":"Shield and Spear","floor":54,"turns":5},{"damage":14,"enemies":"The Heart","floor":55,"turns":7}],"seed_played":"6145634983621064376","potions_obtained":[{"floor":1.0,"key":"Dexterity Potion"},{"floor":4.0,"key":"Block Potion"},{"floor":14,"key":"Poison Potion"},{"floor":22,"key":"Weak Potion"},{"floor":28,"key":"AttackPotion"}],"is_trial":false,"path_per_floor":["M","?","$","M","?","R","E","?","T","E","R","?","R","E","R","B",null,"M","?","$","?","M","R","E","R","T","?","E","M","R","M","R","B",null,"M","?","M","$","M","R","E","R","T","E","$","E","M","?","R","B",null,"R","$","E","B",null],"character_chosen":"IRONCLAD","items_purchased":["Armaments+1","DollysMirror","Warcry+1","Oddly Smooth Stone","SteroidPotion","Corruption","Body Slam","True Grit+1","Warcry+1","Self Forming Clay"],"campfire_rested":3,"item_purchase_floors":[20,38,38,38,38,45,45,45,45,53],"current_hp_per_floor":[70,70,70,69,68,68,68,68,68,46,46,28,48,44,44,37,60,52,52,52,31,32,52,53,53,53,53,59,68,68,68,68,68,68,68,68,57,57,67,68,68,68,68,60,60,68,68,68,68,68,68,68,68,57,49],"gold":72,"neow_bonus":"ONE_RANDOM_RARE_CARD","is_prod":false,"is_daily":false,"chose_seed":false,"campfire_upgraded":8,"win_rate":0,"timestamp":1558408822,"path_taken":["M","?","$","M","?","R","E","?","T","E","R","?","R","E","R","BOSS","M","?","$","?","M","R","E","R","T","?","E","M","R","M","R","BOSS","M","?","M","$","M","R","E","R","T","E","$","E","M","?","R","BOSS","R","$","E","BOSS"],"build_version":"2019-05-07","purchased_purges":5,"victory":true,"max_hp_per_floor":[75,75,75,75,68,68,68,68,68,68,68,68,68,68,68,68,68,68,68,68,68,68,68,68,68,68,68,68,68,68,68,68,68,68,68,68,68,68,68,68,68,68,68,68,68,68,68,68,68,68,68,68,68,68,68],"card_choices":[{"not_picked":["Infernal Blade","Perfected Strike"],"picked":"Pommel Strike","floor":1.0},{"not_picked":["Warcry","Rupture"],"picked":"Shockwave","floor":4.0},{"not_picked":["Pommel Strike","Metallicize","Clash"],"picked":"SKIP","floor":7.0},{"not_picked":["Perfected Strike","Burning Pact+1"],"picked":"Havoc+1","floor":10},{"not_picked":["Flex+1","Shockwave+1"],"picked":"Flame Barrier+1","floor":14},{"not_picked":["Bludgeon","Limit Break+1"],"picked":"Juggernaut","floor":16},{"not_picked":["Flame Barrier+1","Perfected Strike"],"picked":"True Grit+1","floor":18},{"not_picked":["Clash","Havoc+1"],"picked":"Flex+1","floor":22},{"not_picked":["Burning Pact+1","Wild Strike"],"picked":"Shrug It Off+1","floor":24},{"not_picked":["Havoc+1","Pommel Strike"],"picked":"Impervious+1","floor":28},{"not_picked":["Metallicize","Iron Wave"],"picked":"Heavy Blade+1","floor":29},{"not_picked":["Anger","Clash"],"picked":"Shrug It Off+1","floor":31},{"not_picked":["Berserk","Juggernaut"],"picked":"Limit Break+1","floor":33},{"not_picked":["Thunderclap","Hemokinesis","Shrug It Off+1"],"picked":"SKIP","floor":35},{"not_picked":["Heavy Blade+1","Spot Weakness+1"],"picked":"Seeing Red+1","floor":37},{"not_picked":["Carnage","True Grit+1"],"picked":"Disarm+1","floor":39},{"not_picked":["Rage+1","Spot Weakness+1","Iron Wave"],"picked":"SKIP","floor":41},{"not_picked":["Iron Wave","Anger","Perfected Strike"],"picked":"SKIP","floor":44},{"not_picked":["Seeing Red+1","Heavy Blade+1"],"picked":"Sentinel+1","floor":46},{"not_picked":["Iron Wave","Wild Strike"],"picked":"Shrug It Off+1","floor":47},{"not_picked":["Perfected Strike","Hemokinesis+1","Metallicize"],"picked":"SKIP","floor":54}],"player_experience":2514850,"relics_obtained":[{"floor":7.0,"key":"Dodecahedron"},{"floor":9.0,"key":"Toxic Egg 2"},{"floor":10,"key":"Charon\u0027s Ashes"},{"floor":14,"key":"Gremlin Horn"},{"floor":21,"key":"Nilry\u0027s Codex"},{"floor":24,"key":"Bottled Tornado"},{"floor":26,"key":"Bottled Lightning"},{"floor":28,"key":"Blue Candle"},{"floor":44,"key":"Paper Frog"},{"floor":46,"key":"Pen Nib"},{"floor":54,"key":"Ornamental Fan"}],"event_choices":[{"damage_healed":0.0,"max_hp_gain":0.0,"max_hp_loss":0.0,"gold_gain":0.0,"event_name":"Living Wall","player_choice":"Grow","floor":2.0,"gold_loss":0.0,"damage_taken":0.0,"cards_upgraded":["Bash"]},{"damage_healed":0.0,"max_hp_gain":0.0,"max_hp_loss":7.0,"gold_gain":0.0,"event_name":"Golden Idol","player_choice":"Lose Max HP","floor":5.0,"gold_loss":0.0,"damage_taken":0.0,"relics_obtained":["Golden Idol"]},{"damage_healed":0.0,"max_hp_gain":0.0,"max_hp_loss":0.0,"gold_gain":0.0,"event_name":"Liars Game","player_choice":"Ignored","floor":8.0,"gold_loss":0.0,"damage_taken":0.0},{"damage_healed":0,"gold_gain":0,"player_choice":"Success","damage_taken":18,"relics_obtained":["Art of War"],"max_hp_gain":0,"max_hp_loss":0,"event_name":"Scrap Ooze","floor":12,"gold_loss":0},{"damage_healed":0,"gold_gain":0,"player_choice":"Obtained Relic","damage_taken":0,"relics_obtained":["PreservedInsect"],"max_hp_gain":0,"max_hp_loss":0,"event_name":"Addict","floor":19,"gold_loss":85},{"damage_healed":0,"gold_gain":0,"player_choice":"Obtained Book","damage_taken":21,"max_hp_gain":0,"max_hp_loss":0,"event_name":"Cursed Tome","floor":21,"gold_loss":0},{"damage_healed":0,"gold_gain":0,"player_choice":"Gave Idol","damage_taken":0,"relics_obtained":["Bloody Idol"],"max_hp_gain":0,"max_hp_loss":0,"event_name":"Forgotten Altar","floor":27,"relics_lost":["Golden Idol"],"gold_loss":0},{"damage_healed":0,"gold_gain":999,"player_choice":"Gold","damage_taken":0,"max_hp_gain":0,"max_hp_loss":0,"event_name":"MindBloom","floor":36,"gold_loss":0,"cards_obtained":["Normality","Normality"]},{"cards_removed":["Shrug It Off"],"damage_healed":0,"gold_gain":0,"player_choice":"Removed Skill","damage_taken":0,"max_hp_gain":0,"max_hp_loss":0,"event_name":"Falling","floor":48,"gold_loss":0}],"is_beta":true,"boss_relics":[{"not_picked":["Pandora\u0027s Box","White Beast Statue"],"picked":"Runic Pyramid"},{"not_picked":["Orrery","Snecko Eye"],"picked":"Velvet Choker"}],"items_purged_floors":[3,20,38,45,53],"is_endless":false,"potions_floor_spawned":[1,4,14,22,28,33,35,41,54],"ascension_level":15}