{"gold_per_floor":[10,30,30,30,43,76,76,107,107,143,68,68,68,88,88,88],"floor_reached":16,"playtime":490,"items_purged":["Strike_R"],"score":207,"play_id":"979a77c0-c659-4e16-9188-f33d049ea8e0","local_time":"20190625235127","is_ascension_mode":true,"campfire_choices":[{"data":"Immolate","floor":7,"key":"SMITH"},{"data":"Bash","floor":15,"key":"SMITH"}],"neow_cost":"NO_GOLD","seed_source_timestamp":1051090409307219,"circlet_count":0,"master_deck":["AscendersBane","Strike_R","Strike_R","Strike_R","Defend_R","Defend_R","Defend_R","Defend_R","Bash+1","Immolate+1","Flame Barrier","Impervious","Thunderclap","True Grit","Shrug It Off"],"relics":["Burning Blood","Golden Idol","Lantern","Singing Bowl","Shuriken","Meat on the Bone"],"potions_floor_usage":[10,16],"damage_taken":[{"damage":0,"enemies":"2 Louse","floor":1,"turns":1},{"damage":1,"enemies":"Cultist","floor":2,"turns":3},{"damage":2,"enemies":"Jaw Worm","floor":5,"turns":5},{"damage":20,"enemies":"Gremlin Nob","floor":6,"turns":4},{"damage":8,"enemies":"Lagavulin","floor":8,"turns":5},{"damage":15,"enemies":"3 Sentries","floor":10,"turns":3},{"damage":0,"enemies":"Exordium Thugs","floor":14,"turns":3},{"damage":54,"enemies":"Hexaghost","floor":16,"turns":12}],"seed_played":"3985444946588489199","potions_obtained":[{"floor":6,"key":"Swift Potion"},{"floor":8,"key":"EssenceOfSteel"},{"floor":10,"key":"Fire Potion"}],"is_trial":false,"path_per_floor":["M","M","?","$","M","E","R","E","T","E","$","?","?","M","R","B"],"character_chosen":"IRONCLAD","items_purchased":[],"campfire_rested":0,"item_purchase_floors":[],"current_hp_per_floor":[74,75,49,49,53,39,39,37,37,28,28,33,33,51,51,0],"gold":88,"neow_bonus":"THREE_RARE_CARDS","is_prod":false,"is_daily":false,"chose_seed":false,"campfire_upgraded":2,"win_rate":0,"timestamp":1561521087,"path_taken":["M","M","?","$","M","E","R","E","T","E","$","?","?","M","R","BOSS"],"build_version":"2019-06-24","purchased_purges":1,"victory":false,"max_hp_per_floor":[75,75,75,75,75,75,75,75,75,75,75,80,80,80,80,80],"card_choices":[{"not_picked":["Limit Break","Dark Embrace"],"picked":"Immolate","floor":0},{"not_picked":["Body Slam","Power Through"],"picked":"Flame Barrier","floor":1},{"not_picked":["Wild Strike","Heavy Blade","Sword Boomerang"],"picked":"SKIP","floor":2},{"not_picked":["Warcry","Blood for Blood","Sentinel"],"picked":"SKIP","floor":5},{"not_picked":["Dropkick","True Grit"],"picked":"Impervious","floor":6},{"not_picked":["Wild Strike","Clothesline"],"picked":"Thunderclap","floor":8},{"not_picked":["Infernal Blade","Armaments"],"picked":"True Grit","floor":10},{"not_picked":["Perfected Strike","Iron Wave"],"picked":"Shrug It Off","floor":14}],"player_experience":2568073,"relics_obtained":[{"floor":6,"key":"Lantern"},{"floor":8,"key":"Singing Bowl"},{"floor":9,"key":"Shuriken"},{"floor":10,"key":"Meat on the Bone"}],"event_choices":[{"damage_healed":0,"gold_gain":0,"player_choice":"Take Damage","damage_taken":26,"relics_obtained":["Golden Idol"],"max_hp_gain":0,"max_hp_loss":0,"event_name":"Golden Idol","floor":3,"gold_loss":0},{"damage_healed":0,"gold_gain":0,"player_choice":"Donut","damage_taken":0,"max_hp_gain":5,"max_hp_loss":0,"event_name":"Big Fish","floor":12,"gold_loss":0},{"cards_removed":["Strike_R"],"damage_healed":0,"gold_gain":0,"player_choice":"Purged","damage_taken":0,"max_hp_gain":0,"max_hp_loss":0,"event_name":"Purifier","floor":13,"gold_loss":0}],"is_beta":true,"boss_relics":[],"items_purged_floors":[11],"is_endless":false,"potions_floor_spawned":[6,8,10,14],"killed_by":"Hexaghost","ascension_level":15}