{"gold_per_floor":[115,129,204,132,144,160,160,188,211,239,239,270,282,282,282,359,359,369,35,50,67,86,118,118,151,221,221,253,353,201,201,201,278,278,290,0,275,285,3,3,38,38,87,87,87,116,216,36,36,36,36,36,36,62,62],"floor_reached":56,"playtime":2133,"items_purged":["Strike_R","Shame","Cleave"],"score":2085,"play_id":"522eac82-b597-417a-b501-4166f183e7bc","local_time":"20190812222559","is_ascension_mode":true,"campfire_choices":[{"data":"Spot Weakness","floor":7,"key":"SMITH"},{"data":"Uppercut","floor":11,"key":"SMITH"},{"data":"Demon Form","floor":15,"key":"SMITH"},{"data":"Limit Break","floor":24,"key":"SMITH"},{"data":"Bash","floor":27,"key":"SMITH"},{"floor":32,"key":"DIG"},{"floor":40,"key":"RECALL"},{"data":"1","floor":42,"key":"LIFT"},{"floor":49,"key":"DIG"},{"floor":52,"key":"DIG"}],"neow_cost":"NONE","seed_source_timestamp":2865618781101202,"circlet_count":0,"master_deck":["AscendersBane","Bash+1","Pummel","Spot Weakness+1","Demon Form+1","Sword Boomerang","Uppercut+1","Headbutt","Reaper","Battle Trance","Ghostly Armor+1","Limit Break+1","Demon Form","Headbutt","Double Tap","Flame Barrier","Juggernaut","Flex+1","Thunderclap","Heavy Blade","Reaper","Fiend Fire","Clumsy","Battle Trance+1","Feel No Pain"],"relics":["Burning Blood","Bronze Scales","Lantern","Bag of Preparation","Shuriken","Cursed Key","Mummified Hand","Anchor","Bottled Flame","Paper Frog","Omamori","Shovel","Bottled Lightning","Charon\u0027s Ashes","Orichalcum","Pandora\u0027s Box","Mango","Membership Card","War Paint","Girya","Juzu Bracelet","Question Card","Dead Branch","Lee\u0027s Waffle","PreservedInsect","Blue Candle","Champion Belt"],"potions_floor_usage":[6,10,25,55,55],"damage_taken":[{"damage":5,"enemies":"Small Slimes","floor":1,"turns":4},{"damage":3,"enemies":"Jaw Worm","floor":2,"turns":4},{"damage":1,"enemies":"Cultist","floor":5,"turns":3},{"damage":6,"enemies":"Looter","floor":6,"turns":3},{"damage":27,"enemies":"3 Sentries","floor":8,"turns":6},{"damage":16,"enemies":"Gremlin Nob","floor":10,"turns":3},{"damage":25,"enemies":"3 Sentries","floor":12,"turns":6},{"damage":6,"enemies":"Exordium Wildlife","floor":13,"turns":4},{"damage":11,"enemies":"Hexaghost","floor":16,"turns":7},{"damage":12,"enemies":"Shell Parasite","floor":18,"turns":5},{"damage":8,"enemies":"3 Byrds","floor":20,"turns":3},{"damage":23,"enemies":"3 Cultists","floor":21,"turns":5},{"damage":7,"enemies":"Centurion and Healer","floor":22,"turns":6},{"damage":34,"enemies":"Book of Stabbing","floor":23,"turns":4},{"damage":16,"enemies":"Slavers","floor":25,"turns":3},{"damage":16,"enemies":"Book of Stabbing","floor":28,"turns":4},{"damage":14,"enemies":"Colosseum Slavers","floor":29,"turns":4},{"damage":4,"enemies":"Colosseum Nobs","floor":29,"turns":5},{"damage":21,"enemies":"Champ","floor":33,"turns":6},{"damage":14,"enemies":"3 Shapes","floor":35,"turns":4},{"damage":1,"enemies":"Orb Walker","floor":38,"turns":2},{"damage":24,"enemies":"Nemesis","floor":41,"turns":5},{"damage":33,"enemies":"Reptomancer","floor":46,"turns":3},{"damage":10,"enemies":"Mind Bloom Boss Battle","floor":47,"turns":6},{"damage":61,"enemies":"Awakened One","floor":50,"turns":6},{"damage":44,"enemies":"Shield and Spear","floor":54,"turns":4},{"damage":106,"enemies":"The Heart","floor":55,"turns":7}],"seed_played":"-4145346786944658253","potions_obtained":[{"floor":1,"key":"Regen Potion"},{"floor":8,"key":"Strength Potion"},{"floor":12,"key":"SteroidPotion"},{"floor":29,"key":"Block Potion"}],"is_trial":false,"path_per_floor":["M","M","?","$","M","M","R","E","T","E","R","E","M","?","R","B",null,"M","$","M","M","M","E","R","E","T","R","E","?","$","?","R","B",null,"M","$","?","M","$","R","E","R","T","?","?","E","?","$","R","B",null,"R","$","E","B",null],"character_chosen":"IRONCLAD","items_purchased":["Shrug It Off","FearPotion","Mummified Hand","Headbutt","Mango","Membership Card","War Paint","Feel No Pain","Lee\u0027s Waffle"],"campfire_rested":0,"item_purchase_floors":[4,4,19,30,36,39,39,48,48],"current_hp_per_floor":[69,72,61,61,66,75,75,54,54,44,44,25,25,25,25,20,61,55,55,65,66,75,64,64,75,75,75,65,75,75,75,75,60,71,75,89,89,89,89,89,80,80,80,80,80,53,73,92,92,92,92,92,92,60,22],"gold":62,"neow_bonus":"RANDOM_COMMON_RELIC","is_prod":false,"is_daily":false,"chose_seed":false,"campfire_upgraded":5,"win_rate":0,"timestamp":1565663159,"path_taken":["M","M","?","$","M","M","R","E","T","E","R","E","M","?","R","BOSS","M","$","M","?","M","E","R","E","T","R","E","?","?","?","R","BOSS","M","$","?","M","$","R","E","R","T","?","?","E","?","$","R","BOSS","R","$","E","BOSS"],"build_version":"2019-07-17","purchased_purges":3,"victory":true,"max_hp_per_floor":[75,75,75,75,75,75,75,75,75,75,75,75,75,75,75,75,75,75,75,75,75,75,75,75,75,75,75,75,75,75,75,75,75,75,75,89,89,89,89,89,89,89,89,89,85,85,85,92,92,92,92,92,92,92,92],"card_choices":[{"not_picked":["Evolve","Second Wind"],"picked":"Pummel","floor":1},{"not_picked":["Havoc","Sword Boomerang"],"picked":"Cleave","floor":2},{"not_picked":["Havoc","Headbutt"],"picked":"Spot Weakness","floor":5},{"not_picked":["Armaments","Twin Strike"],"picked":"Demon Form","floor":6},{"not_picked":["Twin Strike","Dropkick"],"picked":"Sword Boomerang","floor":8},{"not_picked":["Clash","Twin Strike"],"picked":"Uppercut","floor":10},{"not_picked":["Fire Breathing","Hemokinesis"],"picked":"Headbutt","floor":12},{"not_picked":["Wild Strike","Clothesline","Pommel Strike"],"picked":"SKIP","floor":13},{"not_picked":["Dark Embrace","Impervious"],"picked":"Reaper","floor":16},{"not_picked":["Wild Strike","Second Wind+1","Flex"],"picked":"SKIP","floor":18},{"not_picked":["Entrench+1","Cleave+1"],"picked":"Battle Trance","floor":20},{"not_picked":["Pommel Strike","True Grit"],"picked":"Ghostly Armor","floor":21},{"not_picked":["Flex","Iron Wave","Perfected Strike"],"picked":"SKIP","floor":22},{"not_picked":["Iron Wave","Ghostly Armor+1"],"picked":"Limit Break","floor":23},{"not_picked":["Shrug It Off","Pommel Strike"],"picked":"Demon Form","floor":25},{"not_picked":["Pommel Strike","Havoc","Evolve"],"picked":"SKIP","floor":28},{"not_picked":["Dark Embrace","Juggernaut"],"picked":"Double Tap","floor":33},{"not_picked":["Seeing Red","Wild Strike","Anger+1"],"picked":"SKIP","floor":35},{"not_picked":["Wild Strike","Headbutt","True Grit"],"picked":"SKIP","floor":38},{"not_picked":["Warcry","Berserk","Bloodletting"],"picked":"SKIP","floor":41},{"not_picked":["Shockwave+1","Cleave"],"picked":"Battle Trance+1","floor":46},{"not_picked":["Clothesline","True Grit","Wild Strike+1","Evolve"],"picked":"SKIP","floor":54}],"player_experience":2674722,"relics_obtained":[{"floor":8,"key":"Lantern"},{"floor":10,"key":"Bag of Preparation"},{"floor":12,"key":"Shuriken"},{"floor":23,"key":"Anchor"},{"floor":25,"key":"Bottled Flame"},{"floor":26,"key":"Paper Frog"},{"floor":28,"key":"Omamori"},{"floor":29,"key":"Shovel"},{"floor":29,"key":"Bottled Lightning"},{"floor":32,"key":"Orichalcum"},{"floor":41,"key":"Girya"},{"floor":43,"key":"Juzu Bracelet"},{"floor":46,"key":"Question Card"},{"floor":47,"key":"Dead Branch"},{"floor":49,"key":"PreservedInsect"},{"floor":52,"key":"Blue Candle"},{"floor":54,"key":"Champion Belt"}],"event_choices":[{"damage_healed":0,"gold_gain":75,"player_choice":"Gather Gold","damage_taken":11,"max_hp_gain":0,"max_hp_loss":0,"event_name":"World of Goop","floor":3,"gold_loss":0},{"cards_removed":["Strike_R"],"damage_healed":0,"gold_gain":0,"player_choice":"Purged","damage_taken":0,"max_hp_gain":0,"max_hp_loss":0,"event_name":"Purifier","floor":14,"gold_loss":0},{"damage_healed":0,"gold_gain":0,"player_choice":"Fight","damage_taken":0,"max_hp_gain":0,"max_hp_loss":0,"event_name":"Colosseum","floor":29,"gold_loss":0},{"damage_healed":0,"gold_gain":0,"player_choice":"Fought Nobs","damage_taken":0,"max_hp_gain":0,"max_hp_loss":0,"event_name":"Colosseum","floor":29,"gold_loss":0},{"damage_healed":0,"gold_gain":0,"player_choice":"Stole Relic","damage_taken":0,"relics_obtained":["Charon\u0027s Ashes"],"max_hp_gain":0,"max_hp_loss":0,"event_name":"Addict","floor":31,"gold_loss":0,"cards_obtained":["Shame"]},{"damage_healed":0,"gold_gain":275,"player_choice":"Desecrate","damage_taken":0,"max_hp_gain":0,"max_hp_loss":0,"event_name":"Golden Shrine","floor":37,"gold_loss":0,"cards_obtained":["Regret"]},{"cards_removed":["Shrug It Off"],"damage_healed":0,"gold_gain":0,"player_choice":"Removed Skill","damage_taken":0,"max_hp_gain":0,"max_hp_loss":0,"event_name":"Falling","floor":44,"gold_loss":0},{"damage_healed":0,"gold_gain":0,"player_choice":"Max HP","damage_taken":0,"max_hp_gain":0,"max_hp_loss":4,"event_name":"Winding Halls","floor":45,"gold_loss":0},{"damage_healed":0,"gold_gain":0,"player_choice":"Fight","damage_taken":0,"max_hp_gain":0,"max_hp_loss":0,"event_name":"MindBloom","floor":47,"gold_loss":0}],"is_beta":false,"boss_relics":[{"not_picked":["Lizard Tail","Black Blood"],"picked":"Cursed Key"},{"not_picked":["Philosopher\u0027s Stone","Orrery"],"picked":"Pandora\u0027s Box"}],"items_purged_floors":[19,30,48],"is_endless":false,"potions_floor_spawned":[1,8,12,13,20,21,23,29,46,47],"ascension_level":15}