{"gold_per_floor":[111,111,111,130,151,151,151,151,221,27,40,60,60,83,83,83],"floor_reached":16,"playtime":606,"items_purged":[],"score":97,"play_id":"7fc5e467-6f2b-41a0-a3ae-207fb2857bcc","local_time":"20190818123641","is_ascension_mode":true,"campfire_choices":[{"floor":6,"key":"REST"},{"data":"Dualcast","floor":8,"key":"SMITH"},{"floor":15,"key":"REST"}],"neow_cost":"NONE","seed_source_timestamp":259616475038200,"circlet_count":0,"master_deck":["Strike_B","Strike_B","Strike_B","Strike_B","Defend_B","Defend_B","Defend_B","Defend_B","Zap","Dualcast+1","Ball Lightning","Ball Lightning","Go for the Eyes","Aggregate","Hologram","Rebound","FTL","Genetic Algorithm","Zap","Discovery","Ball Lightning","Self Repair"],"relics":["Orrery","Golden Idol","Happy Flower","PrismaticShard"],"potions_floor_usage":[16,16,16],"damage_taken":[{"damage":8,"enemies":"Small Slimes","floor":1,"turns":3},{"damage":9,"enemies":"2 Louse","floor":4,"turns":2},{"damage":0,"enemies":"Cultist","floor":5,"turns":3},{"damage":23,"enemies":"Exordium Thugs","floor":11,"turns":4},{"damage":6,"enemies":"Red Slaver","floor":12,"turns":2},{"damage":4,"enemies":"Blue Slaver","floor":14,"turns":2},{"damage":45,"enemies":"The Guardian","floor":16,"turns":7}],"seed_played":"-8454044633962631301","potions_obtained":[{"floor":4,"key":"PowerPotion"},{"floor":5,"key":"SteroidPotion"},{"floor":11,"key":"LiquidBronze"}],"is_trial":false,"path_per_floor":["M","?","?","M","M","R","?","R","T","$","M","M","$","M","R","B"],"character_chosen":"DEFECT","items_purchased":["PrismaticShard"],"campfire_rested":2,"item_purchase_floors":[10],"current_hp_per_floor":[67,49,37,28,28,50,50,50,50,50,27,21,21,17,39,0],"gold":83,"neow_bonus":"BOSS_RELIC","is_prod":false,"is_daily":false,"chose_seed":false,"campfire_upgraded":1,"win_rate":0,"timestamp":1566124601,"path_taken":["M","?","?","M","M","R","?","R","T","$","M","?","?","M","R","BOSS"],"build_version":"2019-07-17","purchased_purges":0,"victory":false,"max_hp_per_floor":[75,75,75,75,75,75,75,75,75,75,75,75,75,75,75,75],"card_choices":[{"not_picked":["Rip and Tear","Steam"],"picked":"Ball Lightning","floor":0},{"not_picked":["Steam","Turbo"],"picked":"Ball Lightning","floor":0},{"not_picked":["Streamline","Blizzard"],"picked":"Go for the Eyes","floor":0},{"not_picked":["Compile Driver","Multi-Cast"],"picked":"Aggregate","floor":0},{"not_picked":["Streamline","Blizzard"],"picked":"Hologram","floor":0},{"not_picked":["BootSequence","White Noise"],"picked":"Rebound","floor":1},{"not_picked":["Leap","Recycle"],"picked":"FTL","floor":4},{"not_picked":["Skim","Steam"],"picked":"Genetic Algorithm","floor":5},{"not_picked":["Masterful Stab","Deadly Poison"],"picked":"Discovery","floor":11},{"not_picked":["Flex","Steam Power"],"picked":"Ball Lightning","floor":12},{"not_picked":["Headbutt","Deadly Poison"],"picked":"Self Repair","floor":14}],"player_experience":123433,"relics_obtained":[],"event_choices":[{"damage_healed":0,"gold_gain":0,"player_choice":"Take Damage","damage_taken":18,"relics_obtained":["Golden Idol"],"max_hp_gain":0,"max_hp_loss":0,"event_name":"Golden Idol","floor":2,"gold_loss":0},{"damage_healed":0,"gold_gain":0,"player_choice":"Success","damage_taken":12,"relics_obtained":["Happy Flower"],"max_hp_gain":0,"max_hp_loss":0,"event_name":"Scrap Ooze","floor":3,"gold_loss":0},{"damage_healed":0,"gold_gain":0,"player_choice":"1 cards matched","damage_taken":0,"max_hp_gain":0,"max_hp_loss":0,"event_name":"Match and Keep!","floor":7,"gold_loss":0,"cards_obtained":["Zap"]}],"is_beta":false,"boss_relics":[],"items_purged_floors":[],"is_endless":false,"potions_floor_spawned":[4,5,11],"killed_by":"The Guardian","ascension_level":1}