{"gold_per_floor":[110,126,138,138,32,32,62,81,106,133,133,144,176,193,193,268,268,279,279,292,67,101,129,147,177,177,510,526,526,537,568,568,642,642,656,878,878,892,905,930,930,930,930,948,973,482,494,514,514,514,514,514,171,206,206],"floor_reached":56,"playtime":3343,"items_purged":["Setup","Parasite"],"score":2153,"play_id":"0854496c-c697-4c72-b0a5-fb29e8105a0d","local_time":"20190820205044","is_ascension_mode":true,"campfire_choices":[{"data":"Deadly Poison","floor":6.0,"key":"SMITH"},{"floor":11,"key":"REST"},{"data":"Malaise","floor":15,"key":"SMITH"},{"data":"Catalyst","floor":29,"key":"SMITH"},{"data":"Well Laid Plans","floor":32,"key":"SMITH"},{"floor":41,"key":"RECALL"},{"data":"Wraith Form v2","floor":49,"key":"SMITH"},{"data":"Burst","floor":52,"key":"SMITH"}],"neow_cost":"NONE","seed_source_timestamp":519406385302973,"circlet_count":0,"master_deck":["AscendersBane","Survivor+1","Neutralize","Cloak And Dagger+1","Deadly Poison+1","Leg Sweep","Well Laid Plans+1","Backflip","Burst+1","Dagger Throw","Malaise+1","Terror","Corpse Explosion","Escape Plan","Cloak And Dagger","Catalyst+1","Leg Sweep","Footwork","Storm of Steel","Flying Knee","Corpse Explosion","PiercingWail","Dodge and Roll","Escape Plan+1","Die Die Die","Endless Agony","PiercingWail","Wraith Form v2+1","Bouncing Flask+1","Crippling Poison","Wraith Form v2"],"special_seed":0,"relics":["Ring of the Snake","Centennial Puzzle","Vajra","War Paint","Lantern","Blood Vial","Pandora\u0027s Box","Happy Flower","Red Mask","Kunai","Gremlin Horn","Shuriken","Old Coin","Juzu Bracelet","Busted Crown","Matryoshka","Omamori","Question Card","PreservedInsect","DollysMirror","Art of War","Toolbox","Bag of Marbles"],"potions_floor_usage":[25,35,39,45,55,55],"damage_taken":[{"damage":0.0,"enemies":"Cultist","floor":1.0,"turns":4.0},{"damage":12.0,"enemies":"Jaw Worm","floor":2.0,"turns":9.0},{"damage":0.0,"enemies":"Small Slimes","floor":3.0,"turns":4.0},{"damage":11.0,"enemies":"3 Sentries","floor":7.0,"turns":10.0},{"damage":0.0,"enemies":"3 Louse","floor":8.0,"turns":5.0},{"damage":4,"enemies":"Lagavulin","floor":10,"turns":7},{"damage":0,"enemies":"2 Fungi Beasts","floor":12,"turns":3},{"damage":5,"enemies":"3 Sentries","floor":13,"turns":7},{"damage":3,"enemies":"Blue Slaver","floor":14,"turns":3},{"damage":7,"enemies":"Hexaghost","floor":16,"turns":9},{"damage":0,"enemies":"Shell Parasite","floor":18,"turns":5},{"damage":0,"enemies":"3 Byrds","floor":20,"turns":4},{"damage":1,"enemies":"Masked Bandits","floor":22,"turns":2},{"damage":4,"enemies":"Book of Stabbing","floor":23,"turns":7},{"damage":0,"enemies":"Snake Plant","floor":24,"turns":5},{"damage":4,"enemies":"Slavers","floor":25,"turns":2},{"damage":0,"enemies":"Book of Stabbing","floor":27,"turns":6},{"damage":1,"enemies":"Snecko","floor":28,"turns":5},{"damage":0,"enemies":"3 Cultists","floor":30,"turns":3},{"damage":1,"enemies":"Gremlin Leader","floor":31,"turns":4},{"damage":1,"enemies":"Champ","floor":33,"turns":8},{"damage":0,"enemies":"3 Shapes","floor":35,"turns":5},{"damage":1,"enemies":"Orb Walker","floor":38,"turns":2},{"damage":16,"enemies":"Writhing Mass","floor":39,"turns":8},{"damage":3,"enemies":"Reptomancer","floor":40,"turns":5},{"damage":0,"enemies":"Transient","floor":44,"turns":5},{"damage":6,"enemies":"Nemesis","floor":45,"turns":7},{"damage":0,"enemies":"4 Shapes","floor":47,"turns":3},{"damage":4,"enemies":"Writhing Mass","floor":48,"turns":4},{"damage":24,"enemies":"Awakened One","floor":50,"turns":14},{"damage":0,"enemies":"Shield and Spear","floor":54,"turns":3},{"damage":65,"enemies":"The Heart","floor":55,"turns":11}],"seed_played":"1327405679991544736","potions_obtained":[{"floor":1.0,"key":"Strength Potion"},{"floor":2.0,"key":"SpeedPotion"},{"floor":8.0,"key":"FairyPotion"},{"floor":16,"key":"Block Potion"},{"floor":18,"key":"AttackPotion"},{"floor":22,"key":"Regen Potion"},{"floor":25,"key":"AttackPotion"},{"floor":38,"key":"SpeedPotion"},{"floor":40,"key":"Energy Potion"},{"floor":45,"key":"Fruit Juice"}],"is_trial":false,"path_per_floor":["M","M","M","?","$","R","E","M","T","E","R","M","E","M","R","B",null,"M","?","M","$","?","E","M","E","T","E","M","R","M","E","R","B",null,"M","?","?","M","M","E","R","?","T","M","E","$","M","M","R","B",null,"R","$","E","B",null],"character_chosen":"THE_SILENT","items_purchased":["Well Laid Plans","Backflip","Happy Flower","PreservedInsect","DollysMirror","AttackPotion","Art of War","Toolbox"],"campfire_rested":1,"item_purchase_floors":[5,5,21,46,46,46,53,53],"current_hp_per_floor":[65,53,53,42,42,42,31,31,31,27,48,48,43,42,42,37,63,65,65,67,67,68,66,68,66,66,68,69,69,71,71,71,71,72,72,72,62,63,63,62,62,62,62,64,65,65,67,65,65,43,63,63,63,65,2],"gold":206,"neow_bonus":"TEN_PERCENT_HP_BONUS","is_prod":false,"is_daily":false,"chose_seed":false,"campfire_upgraded":6,"win_rate":0,"timestamp":1566348644,"path_taken":["M","M","M","?","$","R","E","M","T","E","R","M","E","M","R","BOSS","M","?","M","$","?","E","M","E","T","E","M","R","M","E","R","BOSS","M","?","?","M","M","E","R","?","T","M","E","$","M","M","R","BOSS","R","$","E","BOSS"],"build_version":"2019-07-17","purchased_purges":2,"victory":true,"max_hp_per_floor":[72,72,72,72,72,72,72,72,72,72,72,72,72,72,72,72,72,72,72,72,72,72,72,72,72,72,72,72,72,72,72,72,72,72,72,72,72,72,72,72,72,68,68,68,73,70,70,70,70,70,70,70,70,70,70],"card_choices":[{"not_picked":["Accuracy","Terror"],"picked":"Cloak And Dagger","floor":1.0},{"not_picked":["Dodge and Roll","Dagger Spray"],"picked":"Deadly Poison","floor":2.0},{"not_picked":["Prepared","Dagger Throw"],"picked":"Leg Sweep","floor":3.0},{"not_picked":["Cloak And Dagger","Deadly Poison"],"picked":"Burst","floor":7.0},{"not_picked":["Choke","Poisoned Stab"],"picked":"Dagger Throw","floor":8.0},{"not_picked":["Backflip","Quick Slash"],"picked":"Malaise","floor":10},{"not_picked":["Underhanded Strike","Acrobatics","Setup"],"picked":"SKIP","floor":12},{"not_picked":["Calculated Gamble","Backflip","Deadly Poison"],"picked":"SKIP","floor":13},{"not_picked":["Reflex","Deflect"],"picked":"Terror","floor":14},{"not_picked":["Storm of Steel","Tools of the Trade"],"picked":"Corpse Explosion","floor":16},{"not_picked":["Backflip","Dodge and Roll"],"picked":"PiercingWail","floor":18},{"not_picked":["Prepared","Backflip"],"picked":"Escape Plan+1","floor":20},{"not_picked":["Cloak And Dagger","Bane+1"],"picked":"Die Die Die","floor":22},{"not_picked":["Flying Knee+1","Deadly Poison","Bane"],"picked":"SKIP","floor":23},{"not_picked":["Prepared","Deadly Poison"],"picked":"Endless Agony","floor":24},{"not_picked":["Venomology","Acrobatics"],"picked":"PiercingWail","floor":25},{"not_picked":["Distraction","Expertise","Dagger Throw"],"picked":"SKIP","floor":27},{"not_picked":["Bouncing Flask","Slice","Prepared"],"picked":"SKIP","floor":28},{"not_picked":["Bane","Dagger Spray","Sucker Punch"],"picked":"SKIP","floor":30},{"not_picked":["Deadly Poison","Dagger Spray","Prepared"],"picked":"SKIP","floor":31},{"not_picked":["Malaise","Bullet Time"],"picked":"Wraith Form v2","floor":33},{"not_picked":[],"picked":"Bouncing Flask+1","floor":35},{"not_picked":["Slice"],"picked":"SKIP","floor":38},{"not_picked":[],"picked":"Crippling Poison","floor":39},{"not_picked":["Eviscerate"],"picked":"SKIP","floor":40},{"not_picked":["Skewer"],"picked":"SKIP","floor":44},{"not_picked":["Dagger Spray+1"],"picked":"SKIP","floor":45},{"not_picked":["Bane+1","Deflect"],"picked":"SKIP","floor":47},{"not_picked":["Masterful Stab","Outmaneuver"],"picked":"SKIP","floor":48},{"not_picked":["Well Laid Plans","Outmaneuver"],"picked":"SKIP","floor":54}],"player_experience":2715165,"relics_obtained":[{"floor":7.0,"key":"Vajra"},{"floor":9.0,"key":"War Paint"},{"floor":10,"key":"Lantern"},{"floor":13,"key":"Blood Vial"},{"floor":22,"key":"Red Mask"},{"floor":23,"key":"Kunai"},{"floor":25,"key":"Gremlin Horn"},{"floor":26,"key":"Shuriken"},{"floor":27,"key":"Old Coin"},{"floor":31,"key":"Juzu Bracelet"},{"floor":40,"key":"Matryoshka"},{"floor":43,"key":"Omamori"},{"floor":45,"key":"Question Card"},{"floor":54,"key":"Bag of Marbles"}],"event_choices":[{"damage_healed":0.0,"max_hp_gain":0.0,"max_hp_loss":0.0,"gold_gain":0.0,"event_name":"Scrap Ooze","player_choice":"Success","floor":4.0,"gold_loss":0.0,"damage_taken":11.0,"relics_obtained":["Centennial Puzzle"]},{"damage_healed":0,"gold_gain":0,"cards_transformed":["Outmaneuver","Concentrate"],"player_choice":"Became Test Subject","damage_taken":0,"max_hp_gain":0,"max_hp_loss":0,"event_name":"Drug Dealer","floor":19,"gold_loss":0,"cards_obtained":["Setup","Dodge and Roll"]},{"damage_healed":0,"gold_gain":0,"player_choice":"Fought Bandits","damage_taken":0,"max_hp_gain":0,"max_hp_loss":0,"event_name":"Masked Bandits","floor":22,"gold_loss":0},{"damage_healed":0,"gold_gain":222,"player_choice":"Wore Mask","damage_taken":0,"max_hp_gain":0,"max_hp_loss":0,"event_name":"Tomb of Lord Red Mask","floor":36,"gold_loss":0},{"damage_healed":0,"gold_gain":0,"player_choice":"Memory 3","damage_taken":10,"max_hp_gain":0,"max_hp_loss":0,"event_name":"SensoryStone","floor":37,"gold_loss":0},{"damage_healed":0,"gold_gain":0,"player_choice":"Max HP","damage_taken":0,"max_hp_gain":0,"max_hp_loss":4,"event_name":"Winding Halls","floor":42,"gold_loss":0}],"is_beta":false,"boss_relics":[{"not_picked":["WristBlade","Velvet Choker"],"picked":"Pandora\u0027s Box"},{"not_picked":["Fusion Hammer","Runic Dome"],"picked":"Busted Crown"}],"items_purged_floors":[21,46],"is_endless":false,"potions_floor_spawned":[1,2,8,16,18,22,25,27,28,38,40,45,47,48],"ascension_level":15}