{"gold_per_floor":[111,186,186,361,381,381,411,431,481,495,23,33,45,62,62,163,163,177,177,193,49,49,49,63,76,122,32,32,66,79,97,97,202,202,217,233,633,633,633,633,101,117,117,134,134,151,10,23,23,23],"floor_reached":51,"playtime":4851,"items_purged":["Doubt"],"score":773,"play_id":"02c9d001-8bd9-451f-bb6f-cd594abf88fd","local_time":"20190824015546","is_ascension_mode":false,"campfire_choices":[{"floor":6,"key":"REST"},{"floor":15,"key":"REST"},{"data":"Noxious Fumes","floor":23,"key":"SMITH"},{"floor":28,"key":"REST"},{"floor":32,"key":"REST"},{"floor":40,"key":"REST"},{"floor":45,"key":"REST"},{"floor":49,"key":"REST"}],"neow_cost":"NONE","seed_source_timestamp":507667746246700,"circlet_count":0,"master_deck":["Strike_G","Strike_G","Strike_G","Defend_G","Defend_G","Defend_G","Defend_G+1","Defend_G","Survivor","Neutralize","Envenom","Poisoned Stab","Backstab","Dash","Expertise","Noxious Fumes","Finesse","PiercingWail","Noxious Fumes+1","Quick Slash","Adrenaline","Infinite Blades","Bouncing Flask","PiercingWail","Malaise","Quick Slash+1","Terror+1","Endless Agony","Crippling Poison","Endless Agony+1","After Image","PiercingWail","Dagger Spray","Outmaneuver","Madness","Madness","Discovery","Mayhem","Mayhem","Mind Blast","Finisher+1","PiercingWail+1","Noxious Fumes","Terror+1","Noxious Fumes"],"relics":["Ring of the Snake","Ancient Tea Set","Shuriken","Pen Nib","Ornamental Fan","White Beast Statue","Blood Vial","PreservedInsect","Regal Pillow","Snecko Eye","Old Coin","Mummified Hand","Toxic Egg 2"],"potions_floor_usage":[8,16,18,24,25,29,29,30,33,33,35,36,37,37,46,50,50,50],"damage_taken":[{"damage":0,"enemies":"2 Louse","floor":1,"turns":4},{"damage":2,"enemies":"Small Slimes","floor":5,"turns":4},{"damage":64,"enemies":"3 Sentries","floor":7,"turns":15},{"damage":3,"enemies":"Jaw Worm","floor":8,"turns":3},{"damage":0,"enemies":"Exordium Wildlife","floor":10,"turns":4},{"damage":0,"enemies":"Exordium Thugs","floor":12,"turns":4},{"damage":0,"enemies":"Blue Slaver","floor":13,"turns":3},{"damage":0,"enemies":"Gremlin Gang","floor":14,"turns":6},{"damage":1,"enemies":"The Guardian","floor":16,"turns":10},{"damage":9,"enemies":"2 Thieves","floor":18,"turns":5},{"damage":7,"enemies":"Chosen","floor":20,"turns":5},{"damage":16,"enemies":"3 Cultists","floor":24,"turns":6},{"damage":17,"enemies":"Centurion and Healer","floor":25,"turns":7},{"damage":0,"enemies":"Book of Stabbing","floor":29,"turns":4},{"damage":5,"enemies":"Chosen and Byrds","floor":30,"turns":6},{"damage":13,"enemies":"Snecko","floor":31,"turns":4},{"damage":52,"enemies":"Automaton","floor":33,"turns":9},{"damage":23,"enemies":"3 Darklings","floor":35,"turns":6},{"damage":8,"enemies":"3 Shapes","floor":36,"turns":5},{"damage":1,"enemies":"Mind Bloom Boss Battle","floor":37,"turns":6},{"damage":17,"enemies":"Spire Growth","floor":42,"turns":4},{"damage":30,"enemies":"4 Shapes","floor":44,"turns":4},{"damage":0,"enemies":"Jaw Worm Horde","floor":46,"turns":2},{"damage":0,"enemies":"Writhing Mass","floor":48,"turns":3},{"damage":31,"enemies":"Awakened One","floor":50,"turns":11}],"seed_played":"3465830679692880450","potions_obtained":[{"floor":7,"key":"Poison Potion"},{"floor":8,"key":"EssenceOfSteel"},{"floor":16,"key":"EssenceOfSteel"},{"floor":18,"key":"Dexterity Potion"},{"floor":20,"key":"GamblersBrew"},{"floor":24,"key":"GamblersBrew"},{"floor":25,"key":"Poison Potion"},{"floor":29,"key":"AttackPotion"},{"floor":30,"key":"LiquidBronze"},{"floor":31,"key":"Weak Potion"},{"floor":33,"key":"Weak Potion"},{"floor":35,"key":"PowerPotion"},{"floor":36,"key":"GamblersBrew"},{"floor":37,"key":"Fruit Juice"},{"floor":42,"key":"Strength Potion"},{"floor":44,"key":"Fire Potion"},{"floor":46,"key":"Ancient Potion"},{"floor":48,"key":"GamblersBrew"}],"is_trial":false,"path_per_floor":["M","?","?","?","M","R","E","M","T","M","$","M","M","M","R","B",null,"M","?","M","$","?","R","M","M","T","?","R","E","M","M","R","B",null,"M","M","?","?","?","R","$","M","T","M","R","M","$","M","R","B",null],"character_chosen":"THE_SILENT","items_purchased":["Noxious Fumes","Finesse","Ornamental Fan","Blood Vial","Mummified Hand","Mayhem","Mind Blast","Terror+1","Noxious Fumes"],"campfire_rested":7,"item_purchase_floors":[11,11,11,21,41,41,41,47,47],"current_hp_per_floor":[70,59,56,56,54,70,6,3,3,3,3,3,3,3,24,23,70,61,61,54,54,54,54,40,25,25,25,46,48,45,34,70,18,70,47,41,47,38,33,70,70,55,55,27,64,66,66,68,75,44],"gold":23,"neow_bonus":"ONE_RANDOM_RARE_CARD","is_prod":false,"is_daily":false,"chose_seed":false,"campfire_upgraded":1,"win_rate":0.0,"timestamp":1566608146,"path_taken":["M","?","?","?","M","R","E","M","T","?","?","M","M","M","R","BOSS","M","?","M","$","?","R","?","?","T","?","R","E","?","M","R","BOSS","M","?","?","?","?","R","?","M","T","?","R","M","?","M","R","BOSS"],"build_version":"2019-07-17","purchased_purges":1,"victory":true,"max_hp_per_floor":[70,70,70,70,70,70,70,70,70,70,70,70,70,70,70,70,70,70,70,70,70,70,70,70,70,70,70,70,70,70,70,70,70,70,70,70,75,75,75,75,75,75,75,75,75,75,75,75,75,75],"card_choices":[{"not_picked":["Outmaneuver","Backstab"],"picked":"Poisoned Stab","floor":1},{"not_picked":["Sucker Punch","Dodge and Roll"],"picked":"Backstab","floor":5},{"not_picked":["All Out Attack","Leg Sweep"],"picked":"Dash","floor":7},{"not_picked":["Acrobatics","Blade Dance"],"picked":"Expertise","floor":8},{"not_picked":["Footwork","Sucker Punch","Eviscerate"],"picked":"SKIP","floor":10},{"not_picked":["Caltrops","Deflect"],"picked":"PiercingWail","floor":12},{"not_picked":["Dash","Quick Slash"],"picked":"Noxious Fumes","floor":13},{"not_picked":["Leg Sweep","Flying Knee"],"picked":"Quick Slash","floor":14},{"not_picked":["A Thousand Cuts","Wraith Form v2"],"picked":"Adrenaline","floor":16},{"not_picked":["Predator","Caltrops"],"picked":"Infinite Blades","floor":18},{"not_picked":["Deflect","Outmaneuver"],"picked":"PiercingWail","floor":20},{"not_picked":["Dagger Spray","Flying Knee"],"picked":"Quick Slash+1","floor":24},{"not_picked":["Acrobatics","Deflect"],"picked":"Terror+1","floor":25},{"not_picked":["Bullet Time","Skewer+1"],"picked":"Endless Agony","floor":29},{"not_picked":["Sucker Punch","Quick Slash"],"picked":"Crippling Poison","floor":30},{"not_picked":["Acrobatics+1","Prepared"],"picked":"Endless Agony+1","floor":31},{"not_picked":["Wraith Form v2","A Thousand Cuts"],"picked":"After Image","floor":33},{"not_picked":["Quick Slash","Prepared+1"],"picked":"PiercingWail","floor":35},{"not_picked":["Deflect","Choke"],"picked":"Dagger Spray","floor":36},{"not_picked":["Choke+1","Expertise+1"],"picked":"Outmaneuver","floor":37},{"not_picked":["Madness","Secret Weapon"],"picked":"Discovery","floor":39},{"not_picked":["Violence","Deep Breath"],"picked":"Mayhem","floor":39},{"not_picked":["Deadly Poison","Blade Dance+1"],"picked":"Finisher+1","floor":42},{"not_picked":["Outmaneuver+1","Backflip+1"],"picked":"PiercingWail+1","floor":44},{"not_picked":["Bane+1","Outmaneuver+1"],"picked":"Noxious Fumes","floor":46},{"not_picked":["Expertise+1","Calculated Gamble+1","Flying Knee"],"picked":"SKIP","floor":48}],"player_experience":58117,"relics_obtained":[{"floor":7,"key":"Shuriken"},{"floor":9,"key":"Pen Nib"},{"floor":26,"key":"PreservedInsect"},{"floor":29,"key":"Regal Pillow"},{"floor":37,"key":"Old Coin"},{"floor":43,"key":"Toxic Egg 2"}],"event_choices":[{"damage_healed":0,"gold_gain":75,"player_choice":"Gather Gold","damage_taken":11,"max_hp_gain":0,"max_hp_loss":0,"event_name":"World of Goop","floor":2,"gold_loss":0},{"damage_healed":0,"gold_gain":0,"player_choice":"Success","damage_taken":3,"relics_obtained":["Ancient Tea Set"],"max_hp_gain":0,"max_hp_loss":0,"event_name":"Scrap Ooze","floor":3,"gold_loss":0},{"damage_healed":0,"gold_gain":175,"player_choice":"AGREE","damage_taken":0,"max_hp_gain":0,"max_hp_loss":0,"event_name":"Liars Game","floor":4,"gold_loss":0,"cards_obtained":["Doubt"]},{"damage_healed":0,"gold_gain":0,"player_choice":"Read","damage_taken":0,"max_hp_gain":0,"max_hp_loss":0,"event_name":"The Library","floor":19,"gold_loss":0,"cards_obtained":["Bouncing Flask"]},{"damage_healed":0,"gold_gain":0,"cards_transformed":["Strike_G"],"player_choice":"Transformed","damage_taken":0,"max_hp_gain":0,"max_hp_loss":0,"event_name":"Transmorgrifier","floor":22,"gold_loss":0,"cards_obtained":["Malaise"]},{"cards_removed":["Strike_G"],"damage_healed":0,"gold_gain":0,"player_choice":"Upgrade and Remove","damage_taken":0,"max_hp_gain":0,"max_hp_loss":0,"event_name":"Designer","floor":27,"gold_loss":90,"cards_upgraded":["Defend_G"]},{"damage_healed":0,"gold_gain":0,"player_choice":"Fight","damage_taken":0,"max_hp_gain":0,"max_hp_loss":0,"event_name":"MindBloom","floor":37,"gold_loss":0},{"damage_healed":0,"gold_gain":0,"player_choice":"Embrace Madness","damage_taken":9,"max_hp_gain":0,"max_hp_loss":0,"event_name":"Winding Halls","floor":38,"gold_loss":0,"cards_obtained":["Madness","Madness"]},{"damage_healed":0,"gold_gain":0,"player_choice":"Memory 2","damage_taken":5,"max_hp_gain":0,"max_hp_loss":0,"event_name":"SensoryStone","floor":39,"gold_loss":0}],"is_beta":false,"boss_relics":[{"not_picked":["Busted Crown","Lizard Tail"],"picked":"White Beast Statue"},{"not_picked":["Empty Cage","Tiny House"],"picked":"Snecko Eye"}],"items_purged_floors":[11],"is_endless":false,"potions_floor_spawned":[7,8,16,18,20,24,25,29,30,31,33,35,36,37,42,44,46,48],"ascension_level":0}