{"gold_per_floor":[17,37,37,57,12,12,32,60,60,60,77,96,96,131,131,209,209,228,238,17,17,37,37,62,62,62,74,74,93,93],"floor_reached":30,"playtime":1052,"items_purged":["conspire:Purge"],"score":459,"play_id":"8b49a307-dc48-46f3-9794-0ea070a3045a","local_time":"20190719230314","is_ascension_mode":true,"campfire_choices":[{"data":"Spot Weakness","floor":6.0,"key":"SMITH"},{"data":"Flame Barrier","floor":10.0,"key":"SMITH"},{"data":"True Grit","floor":15.0,"key":"SMITH"},{"floor":23.0,"key":"REST"},{"floor":28,"key":"REST"}],"neow_cost":"NO_GOLD","seed_source_timestamp":0,"circlet_count":0,"master_deck":["AscendersBane","Bash","hubris:StunningStrike","Spot Weakness+1","Pommel Strike","Anger","Headbutt","Flame Barrier+1","Shrug It Off","True Grit+1","Immolate","conspire:Purge","Thunderclap","Ghostly Armor","Corruption","conspire:ExplosiveBarrier","Armaments+1","Heavy Blade","Whirlwind"],"special_seed":0,"relics":["Burning Blood","Dodecahedron","Peace Pipe","Unceasing Top","Pandora\u0027s Box","Vajra","Toxic Egg 2","hubris:FunFungus"],"potions_floor_usage":[24],"damage_taken":[{"damage":2.0,"enemies":"2 Louse","floor":1.0,"turns":4.0},{"damage":1.0,"enemies":"Cultist","floor":2.0,"turns":5.0},{"damage":1.0,"enemies":"Small Slimes","floor":4.0,"turns":5.0},{"damage":12.0,"enemies":"Looter","floor":7.0,"turns":4.0},{"damage":34.0,"enemies":"Lagavulin","floor":8.0,"turns":6.0},{"damage":26.0,"enemies":"Gremlin Gang","floor":11.0,"turns":4.0},{"damage":0.0,"enemies":"Red Slaver","floor":12.0,"turns":3.0},{"damage":20.0,"enemies":"Gremlin Nob","floor":14.0,"turns":5.0},{"damage":30.0,"enemies":"The Guardian","floor":16.0,"turns":15.0},{"damage":23.0,"enemies":"conspire:FuzzyDice","floor":18.0,"turns":6.0},{"damage":10.0,"enemies":"Shell Parasite","floor":19.0,"turns":4.0},{"damage":6.0,"enemies":"conspire:HollyBat","floor":22.0,"turns":6.0},{"damage":29,"enemies":"conspire:SneckoGhost","floor":24,"turns":8},{"damage":12,"enemies":"Snake Plant","floor":27,"turns":3},{"damage":9,"enemies":"3 Cultists","floor":29,"turns":4},{"damage":62,"enemies":"Slavers","floor":30,"turns":5}],"seed_played":"-4942969210761500600","potions_obtained":[{"floor":2.0,"key":"Weak Potion"},{"floor":11.0,"key":"BloodPotion"},{"floor":16.0,"key":"Block Potion"},{"floor":27,"key":"PowerPotion"}],"is_trial":false,"path_per_floor":["M","M","?","M","$","R","M","E","T","R","M","M","$","E","R","B",null,"M","M","$","?","M","R","E","$","T","M","R","M","E"],"character_chosen":"IRONCLAD","items_purchased":["Headbutt","Vajra"],"campfire_rested":2,"item_purchase_floors":[5,20],"current_hp_per_floor":[72,75,75,75,75,75,69,41,41,41,21,27,27,31,31,7,58,41,37,37,37,37,59,36,36,36,30,52,50,0],"gold":93,"neow_bonus":"THREE_RARE_CARDS","is_prod":false,"is_daily":false,"chose_seed":false,"campfire_upgraded":3,"win_rate":0,"timestamp":1563591794,"path_taken":["M","M","?","?","$","R","M","E","T","R","M","M","?","E","R","BOSS","M","M","$","?","M","R","E","$","T","M","R","?","E"],"build_version":"2019-07-17","purchased_purges":1,"victory":false,"max_hp_per_floor":[75,75,75,75,75,75,75,75,75,75,75,75,75,75,75,75,75,75,75,75,75,75,75,75,75,75,75,75,75,75],"card_choices":[{"not_picked":["Barricade","Exhume"],"picked":"hubris:StunningStrike","floor":0.0},{"not_picked":["Heavy Blade","Entrench"],"picked":"Spot Weakness","floor":1.0},{"not_picked":["hubris:ReadiedAction","Heavy Blade"],"picked":"Pommel Strike","floor":2.0},{"not_picked":["Searing Blow","hubris:ReadiedAction"],"picked":"Anger","floor":4.0},{"not_picked":["Sword Boomerang","Thunderclap"],"picked":"Flame Barrier","floor":7.0},{"not_picked":["Twin Strike","Body Slam"],"picked":"Shrug It Off","floor":8.0},{"not_picked":["Bloodletting","Iron Wave","Wild Strike"],"picked":"SKIP","floor":11.0},{"not_picked":["Searing Blow","Wild Strike"],"picked":"True Grit","floor":12.0},{"not_picked":["Inflame","Dual Wield"],"picked":"Immolate","floor":14.0},{"not_picked":["Impervious","Berserk"],"picked":"conspire:Purge","floor":16.0},{"not_picked":["Thunderclap","Sword Boomerang"],"picked":"conspire:ExplosiveBarrier","floor":18.0},{"not_picked":["Clothesline","Cleave","conspire:Charge+1"],"picked":"SKIP","floor":19.0},{"not_picked":["Body Slam","Iron Wave","Pummel"],"picked":"SKIP","floor":22.0},{"not_picked":["Heavy Blade","Seeing Red"],"picked":"Armaments","floor":24},{"not_picked":["Armaments+1","Fiend Fire"],"picked":"Heavy Blade","floor":27},{"not_picked":["Second Wind+1","True Grit+1"],"picked":"Whirlwind","floor":29}],"player_experience":2605703,"relics_obtained":[{"floor":8.0,"key":"Dodecahedron"},{"floor":9.0,"key":"Peace Pipe"},{"floor":14.0,"key":"Unceasing Top"},{"floor":24,"key":"Toxic Egg 2"},{"floor":26,"key":"hubris:FunFungus"}],"event_choices":[{"cards_removed":["Strike_R"],"damage_healed":0.0,"max_hp_gain":0.0,"max_hp_loss":0.0,"gold_gain":0.0,"event_name":"Wheel of Change","player_choice":"Card Removal","floor":3.0,"gold_loss":0.0,"damage_taken":0.0},{"damage_healed":0.0,"max_hp_gain":0.0,"max_hp_loss":0.0,"gold_gain":0.0,"event_name":"FaceTrader","player_choice":"Leave","floor":21.0,"gold_loss":0.0,"damage_taken":0.0}],"is_beta":false,"boss_relics":[{"not_picked":["hubris:Backtick","Empty Cage"],"picked":"Pandora\u0027s Box"}],"items_purged_floors":[20],"is_endless":false,"potions_floor_spawned":[2,11,16,27],"killed_by":"Slavers","ascension_level":15}