{"gold_per_floor":[110,124,140,157,157,188,188,202,225,225,284,284,68,83,83,185,185,202,202,251,268,281,281],"floor_reached":23,"playtime":1017,"items_purged":[],"score":243,"play_id":"29bb3e21-9ef2-4aec-9a46-01fc0394605b","local_time":"20190304195841","is_ascension_mode":false,"campfire_choices":[{"data":"Bloodletting","floor":7,"key":"SMITH"},{"data":"Rupture","floor":10,"key":"SMITH"},{"floor":12,"key":"REST"},{"floor":15,"key":"REST"}],"neow_cost":"NONE","seed_source_timestamp":12311724273600,"circlet_count":0,"master_deck":["Strike_R","Strike_R","Strike_R","Strike_R","Strike_R","Defend_R","Defend_R","Defend_R","Defend_R","Bash","Pommel Strike","Pommel Strike","Rupture+1","Spot Weakness","Bloodletting+1","Heavy Blade","Iron Wave","Hemokinesis","True Grit","Offering","Sword Boomerang","Ghostly Armor","Sword Boomerang+1","Flex+1"],"relics":["Burning Blood","Oddly Smooth Stone","Vajra","Red Skull","Black Star","Dream Catcher"],"potions_floor_usage":[6,16,23],"damage_taken":[{"damage":6,"enemies":"Cultist","floor":1,"turns":3},{"damage":6,"enemies":"Jaw Worm","floor":2,"turns":3},{"damage":0,"enemies":"2 Louse","floor":3,"turns":3},{"damage":5,"enemies":"Large Slime","floor":4,"turns":6},{"damage":32,"enemies":"Gremlin Nob","floor":6,"turns":4},{"damage":23,"enemies":"Exordium Thugs","floor":8,"turns":4},{"damage":37,"enemies":"Gremlin Nob","floor":11,"turns":4},{"damage":4,"enemies":"Gremlin Gang","floor":14,"turns":4},{"damage":3,"enemies":"Slime Boss","floor":16,"turns":6},{"damage":32,"enemies":"Shell Parasite","floor":18,"turns":4},{"damage":26,"enemies":"Chosen","floor":21,"turns":5},{"damage":0,"enemies":"Centurion and Healer","floor":22,"turns":5},{"damage":48,"enemies":"Book of Stabbing","floor":23,"turns":4}],"seed_played":"-9140962694027684614","potions_obtained":[{"floor":0,"key":"EntropicBrew"},{"floor":0,"key":"Ancient Potion"},{"floor":0,"key":"PowerPotion"},{"floor":14,"key":"PowerPotion"},{"floor":16,"key":"SteroidPotion"}],"is_trial":false,"path_per_floor":["M","M","M","M","?","E","R","M","T","R","?","R","$","M","R","B",null,"M","?","T","M","M","E"],"character_chosen":"IRONCLAD","items_purchased":["Red Skull","Hemokinesis"],"campfire_rested":2,"item_purchase_floors":[13,13],"current_hp_per_floor":[80,80,80,80,85,59,59,42,42,42,11,36,36,38,63,66,85,59,59,59,39,45,0],"gold":281,"neow_bonus":"THREE_SMALL_POTIONS","is_prod":false,"is_daily":false,"chose_seed":false,"campfire_upgraded":2,"win_rate":0,"timestamp":1551725921,"path_taken":["M","M","?","M","?","E","R","M","T","R","?","R","$","M","R","BOSS","M","?","?","M","M","E"],"build_version":"2019-01-23","purchased_purges":0,"victory":false,"max_hp_per_floor":[80,80,80,80,85,85,85,85,85,85,85,85,85,85,85,85,85,85,85,85,85,85,85],"card_choices":[{"not_picked":["True Grit","Cleave"],"picked":"Pommel Strike","floor":1},{"not_picked":["Clothesline","Warcry"],"picked":"Pommel Strike","floor":2},{"not_picked":["Flex","Warcry"],"picked":"Rupture","floor":3},{"not_picked":["Dropkick","Clothesline"],"picked":"Spot Weakness","floor":4},{"not_picked":["Clothesline","Warcry"],"picked":"Bloodletting","floor":6},{"not_picked":["Sword Boomerang","Thunderclap"],"picked":"Heavy Blade","floor":8},{"not_picked":["Seeing Red","Juggernaut"],"picked":"Iron Wave","floor":11},{"not_picked":["Wild Strike","Rampage"],"picked":"True Grit","floor":14},{"not_picked":["Exhume","Fiend Fire"],"picked":"Offering","floor":16},{"not_picked":["Headbutt","Wild Strike+1"],"picked":"Sword Boomerang","floor":18},{"not_picked":["Pommel Strike","Rupture"],"picked":"Sword Boomerang+1","floor":21},{"not_picked":["Juggernaut","Whirlwind"],"picked":"Flex+1","floor":22}],"player_experience":251872,"relics_obtained":[{"floor":6,"key":"Oddly Smooth Stone"},{"floor":11,"key":"Vajra"},{"floor":20,"key":"Dream Catcher"}],"event_choices":[{"damage_healed":0,"gold_gain":0,"player_choice":"Donut","damage_taken":0,"max_hp_gain":5,"max_hp_loss":0,"event_name":"Big Fish","floor":5,"gold_loss":0},{"damage_healed":0,"gold_gain":30,"player_choice":"Searched \u00273\u0027 times","damage_taken":0,"max_hp_gain":0,"max_hp_loss":0,"event_name":"Dead Adventurer","floor":11,"gold_loss":0},{"damage_healed":0,"gold_gain":0,"player_choice":"Read","damage_taken":0,"max_hp_gain":0,"max_hp_loss":0,"event_name":"The Library","floor":19,"gold_loss":0,"cards_obtained":["Ghostly Armor"]}],"is_beta":false,"boss_relics":[{"not_picked":["Snecko Eye","Velvet Choker"],"picked":"Black Star"}],"items_purged_floors":[],"is_endless":false,"potions_floor_spawned":[1,2,14,16,18],"killed_by":"Book of Stabbing","ascension_level":0}