{"gold_per_floor":[118,131,145,21,33,67,67,78,154,181,200,200,210,224,224,326,326,340,340,192,211,225,225,225],"floor_reached":24,"playtime":2795,"items_purged":["Regret"],"score":212,"play_id":"e3abe0de-ade6-4aab-abb9-cf836d9af671","local_time":"20190825145202","is_ascension_mode":false,"campfire_choices":[{"floor":7,"key":"REST"},{"floor":12,"key":"REST"},{"floor":15,"key":"REST"},{"floor":23,"key":"REST"}],"neow_cost":"PERCENT_DAMAGE","seed_source_timestamp":354586765131500,"circlet_count":0,"master_deck":["Strike_R","Strike_R","Strike_R","Strike_R","Strike_R","Defend_R","Defend_R","Defend_R","Defend_R","Bash","Clothesline","Dual Wield","Shrug It Off","Metallicize","Armaments","Second Wind","Perfected Strike","Pummel","Corruption","Inflame","Clothesline","Barricade","Shame","Normality","Shrug It Off","Power Through","True Grit+1","Shockwave"],"relics":["Burning Blood","Calipers","Bottled Flame","Paper Frog","Pocketwatch","Calling Bell","Regal Pillow","Letter Opener","Ice Cream","Bronze Scales"],"potions_floor_usage":[10,11,16,16],"damage_taken":[{"damage":7,"enemies":"Small Slimes","floor":1,"turns":6},{"damage":4,"enemies":"Cultist","floor":2,"turns":3},{"damage":8,"enemies":"Jaw Worm","floor":3,"turns":4},{"damage":10,"enemies":"Looter","floor":5,"turns":4},{"damage":35,"enemies":"Lagavulin","floor":6,"turns":9},{"damage":20,"enemies":"Exordium Wildlife","floor":8,"turns":11},{"damage":24,"enemies":"Gremlin Nob","floor":10,"turns":5},{"damage":4,"enemies":"Red Slaver","floor":11,"turns":3},{"damage":9,"enemies":"Looter","floor":13,"turns":3},{"damage":16,"enemies":"Lots of Slimes","floor":14,"turns":5},{"damage":53,"enemies":"Slime Boss","floor":16,"turns":15},{"damage":27,"enemies":"Chosen","floor":18,"turns":7},{"damage":5,"enemies":"3 Byrds","floor":21,"turns":3},{"damage":25,"enemies":"Shelled Parasite and Fungi","floor":22,"turns":8},{"damage":89,"enemies":"Gremlin Leader","floor":24,"turns":7}],"seed_played":"8842240770761106369","potions_obtained":[{"floor":5,"key":"GamblersBrew"},{"floor":6,"key":"EssenceOfSteel"},{"floor":10,"key":"Fruit Juice"},{"floor":11,"key":"Block Potion"},{"floor":22,"key":"SteroidPotion"}],"is_trial":false,"path_per_floor":["M","M","M","$","M","E","R","M","T","E","M","R","M","M","R","B",null,"M","?","$","M","M","R","E"],"character_chosen":"IRONCLAD","items_purchased":["Metallicize","Strength Potion","Power Through"],"campfire_rested":4,"item_purchase_floors":[4,4,20],"current_hp_per_floor":[55,57,55,55,51,22,46,32,32,14,21,46,43,33,58,11,85,64,64,64,65,46,85,0],"gold":225,"neow_bonus":"ONE_RARE_RELIC","is_prod":false,"is_daily":false,"chose_seed":false,"campfire_upgraded":0,"win_rate":0.0,"timestamp":1566741122,"path_taken":["M","M","M","$","M","E","R","M","T","E","M","R","M","M","R","BOSS","M","?","$","M","M","R","E"],"build_version":"2019-07-17","purchased_purges":1,"victory":false,"max_hp_per_floor":[80,80,80,80,80,80,80,80,80,80,85,85,85,85,85,85,85,85,85,85,85,85,85,85],"card_choices":[{"not_picked":["Cleave","Clash"],"picked":"Clothesline","floor":1},{"not_picked":["Warcry","Rupture"],"picked":"Dual Wield","floor":2},{"not_picked":["Pommel Strike","Iron Wave"],"picked":"Shrug It Off","floor":3},{"not_picked":["True Grit","Perfected Strike"],"picked":"Armaments","floor":5},{"not_picked":["Double Tap","Shrug It Off"],"picked":"Second Wind","floor":6},{"not_picked":["Headbutt","Dual Wield"],"picked":"Perfected Strike","floor":8},{"not_picked":["Iron Wave","Thunderclap"],"picked":"Pummel","floor":10},{"not_picked":["Infernal Blade","Perfected Strike"],"picked":"Corruption","floor":11},{"not_picked":["Headbutt","Warcry"],"picked":"Inflame","floor":13},{"not_picked":["Fire Breathing","Perfected Strike"],"picked":"Clothesline","floor":14},{"not_picked":["Impervious","Offering"],"picked":"Barricade","floor":16},{"not_picked":["Reckless Charge","Searing Blow+1"],"picked":"Shrug It Off","floor":18},{"not_picked":["Flex+1","Rupture+1"],"picked":"True Grit+1","floor":21},{"not_picked":["Warcry","Heavy Blade"],"picked":"Shockwave","floor":22}],"player_experience":19142,"relics_obtained":[{"floor":6,"key":"Bottled Flame"},{"floor":9,"key":"Paper Frog"},{"floor":10,"key":"Pocketwatch"},{"floor":17,"key":"Regal Pillow"},{"floor":17,"key":"Letter Opener"},{"floor":17,"key":"Ice Cream"}],"event_choices":[{"damage_healed":0,"gold_gain":0,"player_choice":"Gave Potion","damage_taken":0,"relics_obtained":["Bronze Scales"],"max_hp_gain":0,"max_hp_loss":0,"event_name":"WeMeetAgain","floor":19,"gold_loss":0}],"is_beta":false,"boss_relics":[{"not_picked":["Ectoplasm","Black Blood"],"picked":"Calling Bell"}],"items_purged_floors":[20],"is_endless":false,"potions_floor_spawned":[5,6,8,10,11,22],"killed_by":"Gremlin Leader","ascension_level":0}