{"gold_per_floor":[361,361,375,392,412,412,438,438,461,461],"floor_reached":10,"playtime":727,"items_purged":[],"score":75,"play_id":"891e5aa6-2430-49c5-a586-f1ec067807e2","local_time":"20190824173308","is_ascension_mode":true,"campfire_choices":[{"data":"Deflect","floor":6,"key":"SMITH"}],"neow_cost":"TEN_PERCENT_HP_LOSS","seed_source_timestamp":795661592360900,"circlet_count":0,"master_deck":["Strike_G","Strike_G","Strike_G","Strike_G","Strike_G","Defend_G","Defend_G","Defend_G","Defend_G","Defend_G","Survivor","Neutralize+1","Deflect+1","Flying Knee","Prepared","Sucker Punch"],"special_seed":0,"relics":["Ring of the Snake","Centennial Puzzle","FaceOfCleric","Bag of Preparation"],"potions_floor_usage":[5,5],"damage_taken":[{"damage":7.0,"enemies":"Small Slimes","floor":1.0,"turns":4.0},{"damage":0.0,"enemies":"Cultist","floor":3.0,"turns":4.0},{"damage":0.0,"enemies":"Jaw Worm","floor":4.0,"turns":5.0},{"damage":18,"enemies":"Gremlin Gang","floor":5,"turns":5},{"damage":36,"enemies":"Lagavulin","floor":7,"turns":11},{"damage":6,"enemies":"Large Slime","floor":10,"turns":4}],"seed_played":"-5754175742127403774","potions_obtained":[{"floor":3.0,"key":"Poison Potion"},{"floor":4.0,"key":"Swift Potion"}],"is_trial":false,"path_per_floor":["M","?","M","M","M","R","E","?","T","M"],"character_chosen":"THE_SILENT","items_purchased":[],"campfire_rested":0,"item_purchase_floors":[],"current_hp_per_floor":[56,56,56,56,38,38,2,2,2,0],"gold":461,"neow_bonus":"TWO_FIFTY_GOLD","is_prod":false,"is_daily":false,"chose_seed":false,"campfire_upgraded":1,"win_rate":0,"timestamp":1566660788,"path_taken":["M","?","?","?","M","R","E","?","T","M"],"build_version":"2019-07-17","purchased_purges":0,"victory":false,"max_hp_per_floor":[63,63,63,63,63,63,63,63,63,63],"card_choices":[{"not_picked":["Riddle With Holes","Setup"],"picked":"Deflect","floor":1.0},{"not_picked":["Slice","Expertise"],"picked":"Flying Knee","floor":3.0},{"not_picked":["Dash","Tactician"],"picked":"Prepared","floor":4.0},{"not_picked":["Calculated Gamble","Heel Hook","After Image"],"picked":"SKIP","floor":5},{"not_picked":["Grand Finale","Heel Hook"],"picked":"Sucker Punch","floor":7}],"player_experience":183646,"relics_obtained":[{"floor":7,"key":"Centennial Puzzle"},{"floor":9,"key":"Bag of Preparation"}],"event_choices":[{"damage_healed":0.0,"max_hp_gain":0.0,"max_hp_loss":0.0,"gold_gain":0.0,"event_name":"Upgrade Shrine","player_choice":"Upgraded","floor":2.0,"gold_loss":0.0,"damage_taken":0.0,"cards_upgraded":["Neutralize"]},{"damage_healed":0,"gold_gain":0,"player_choice":"Trade","damage_taken":0,"relics_obtained":["FaceOfCleric"],"max_hp_gain":0,"max_hp_loss":0,"event_name":"FaceTrader","floor":8,"gold_loss":0}],"is_beta":false,"boss_relics":[],"items_purged_floors":[],"is_endless":false,"potions_floor_spawned":[3,4],"killed_by":"Large Slime","ascension_level":2}