{"gold_per_floor":[117,42,42,57,57,88,108,108,108,108,108,131,131,165,165,264,264,285,285,185,210,243,243,118,118],"floor_reached":25,"playtime":528,"items_purged":["Strike_R","Strike_R","Strike_R"],"score":406,"play_id":"c393404c-0318-45cc-bf85-5acdd8cd7503","local_time":"20190706162501","is_ascension_mode":true,"campfire_choices":[{"data":"Searing Blow","floor":8,"key":"SMITH"},{"data":"Searing Blow+1","floor":10,"key":"SMITH"},{"data":"Searing Blow+2","floor":13,"key":"SMITH"},{"data":"Searing Blow+3","floor":15,"key":"SMITH"},{"data":"Searing Blow+4","floor":23,"key":"SMITH"}],"neow_cost":"NONE","seed_source_timestamp":152838562229314,"circlet_count":0,"master_deck":["AscendersBane","Strike_R","Strike_R","Defend_R","Defend_R","Defend_R","Defend_R","Bash","Searing Blow+5","Battle Trance","Shrug It Off"],"relics":["Burning Blood","Sundial","Golden Idol","Pen Nib","Velvet Choker","Nloth\u0027s Gift","Red Mask"],"potions_floor_usage":[12,14,21,22],"damage_taken":[{"damage":0,"enemies":"2 Louse","floor":1,"turns":2},{"damage":0,"enemies":"Small Slimes","floor":4,"turns":1},{"damage":0,"enemies":"Lagavulin","floor":6,"turns":1},{"damage":6,"enemies":"Cultist","floor":7,"turns":3},{"damage":9,"enemies":"Exordium Wildlife","floor":12,"turns":4},{"damage":25,"enemies":"3 Sentries","floor":14,"turns":7},{"damage":27,"enemies":"Slime Boss","floor":16,"turns":9},{"damage":0,"enemies":"Spheric Guardian","floor":18,"turns":2},{"damage":22,"enemies":"3 Byrds","floor":21,"turns":5},{"damage":22,"enemies":"Masked Bandits","floor":22,"turns":4},{"damage":50,"enemies":"Gremlin Leader","floor":25,"turns":4}],"seed_played":"1273158473703326036","potions_obtained":[{"floor":4,"key":"Fire Potion"},{"floor":5,"key":"EssenceOfSteel"},{"floor":12,"key":"BloodPotion"},{"floor":16,"key":"Regen Potion"},{"floor":22,"key":"Fruit Juice"}],"is_trial":false,"path_per_floor":["M","$","?","M","?","E","M","R","T","R","?","M","R","E","R","B",null,"M","?","$","M","?","R","$","E"],"character_chosen":"IRONCLAD","items_purchased":[],"campfire_rested":0,"item_purchase_floors":[],"current_hp_per_floor":[74,74,74,75,75,75,75,75,75,75,49,46,46,45,45,24,62,68,68,68,52,48,48,48,0],"gold":118,"neow_bonus":"THREE_ENEMY_KILL","is_prod":false,"is_daily":false,"chose_seed":false,"campfire_upgraded":5,"win_rate":0,"timestamp":1562444701,"path_taken":["M","$","?","M","?","E","?","R","T","R","?","M","R","E","R","BOSS","M","?","$","?","?","R","$","E"],"build_version":"2019-07-03","purchased_purges":3,"victory":false,"max_hp_per_floor":[75,75,75,75,75,75,75,75,75,75,75,75,75,75,75,75,75,75,75,75,75,75,75,75,75],"card_choices":[{"not_picked":["Perfected Strike","Body Slam"],"picked":"Searing Blow","floor":1},{"not_picked":["Uppercut","Evolve","Anger"],"picked":"SKIP","floor":4},{"not_picked":["Anger","Shockwave","Heavy Blade"],"picked":"SKIP","floor":6},{"not_picked":["Clash","Twin Strike","Dual Wield"],"picked":"SKIP","floor":7},{"not_picked":["Whirlwind","Cleave"],"picked":"Battle Trance","floor":12},{"not_picked":["Bloodletting","Havoc","Anger"],"picked":"SKIP","floor":14},{"not_picked":["Clothesline","Thunderclap","Dropkick"],"picked":"SKIP","floor":18},{"not_picked":["Iron Wave","Demon Form"],"picked":"Shrug It Off","floor":21}],"player_experience":2596003,"relics_obtained":[{"floor":6,"key":"Sundial"},{"floor":14,"key":"Pen Nib"},{"floor":22,"key":"Red Mask"}],"event_choices":[{"damage_healed":0,"gold_gain":0,"player_choice":"Leave","damage_taken":0,"max_hp_gain":0,"max_hp_loss":0,"event_name":"The Cleric","floor":3,"gold_loss":0},{"damage_healed":0,"gold_gain":0,"player_choice":"Got Potions","damage_taken":0,"max_hp_gain":0,"max_hp_loss":0,"event_name":"Lab","floor":5,"gold_loss":0},{"damage_healed":0,"gold_gain":0,"player_choice":"Take Damage","damage_taken":26,"relics_obtained":["Golden Idol"],"max_hp_gain":0,"max_hp_loss":0,"event_name":"Golden Idol","floor":11,"gold_loss":0},{"damage_healed":0,"gold_gain":0,"player_choice":"Traded Relic","damage_taken":0,"relics_obtained":["Nloth\u0027s Gift"],"max_hp_gain":0,"max_hp_loss":0,"event_name":"N\u0027loth","floor":19,"relics_lost":["NeowsBlessing"],"gold_loss":0},{"damage_healed":0,"gold_gain":0,"player_choice":"Fought Bandits","damage_taken":0,"max_hp_gain":0,"max_hp_loss":0,"event_name":"Masked Bandits","floor":22,"gold_loss":0}],"is_beta":true,"boss_relics":[{"not_picked":["Snecko Eye","Runic Cube"],"picked":"Velvet Choker"}],"items_purged_floors":[2,20,24],"is_endless":false,"potions_floor_spawned":[4,6,12,16,22],"killed_by":"Gremlin Leader","ascension_level":15}