{"gold_per_floor":[117,131,56,131,131,131,54,88,88,98,109,126,126,144,144,144],"floor_reached":16,"playtime":392,"items_purged":["Strike_R"],"score":179,"play_id":"9e542bd9-5caa-4cde-96b6-cfbbb74bca6b","local_time":"20190811145337","is_ascension_mode":true,"campfire_choices":[{"data":"Bash","floor":6,"key":"SMITH"},{"data":"Feed","floor":13,"key":"SMITH"},{"floor":15,"key":"REST"}],"neow_cost":"NONE","seed_source_timestamp":2753826857697437,"circlet_count":0,"master_deck":["AscendersBane","Strike_R","Strike_R","Strike_R","Defend_R","Defend_R","Defend_R","Defend_R","Bash+1","Exhume","Combust","Feed+1","Decay","Clothesline","Headbutt","Carnage","Anger"],"relics":["Burning Blood","Boot","Centennial Puzzle"],"potions_floor_usage":[8,12,16],"damage_taken":[{"damage":7,"enemies":"2 Louse","floor":1,"turns":4},{"damage":8,"enemies":"Jaw Worm","floor":2,"turns":4},{"damage":30,"enemies":"Gremlin Nob","floor":8,"turns":4},{"damage":0,"enemies":"Cultist","floor":10,"turns":2},{"damage":6,"enemies":"2 Fungi Beasts","floor":11,"turns":3},{"damage":11,"enemies":"Exordium Thugs","floor":12,"turns":4},{"damage":24,"enemies":"3 Louse","floor":14,"turns":3},{"damage":60,"enemies":"Slime Boss","floor":16,"turns":9}],"seed_played":"-4313938705871880947","potions_obtained":[{"floor":10,"key":"Weak Potion"},{"floor":11,"key":"Explosive Potion"}],"is_trial":false,"path_per_floor":["M","M","$","?","?","R","$","E","T","M","M","M","R","M","R","B"],"character_chosen":"IRONCLAD","items_purchased":["Clothesline","Strength Potion"],"campfire_rested":1,"item_purchase_floors":[7,7],"current_hp_per_floor":[67,65,65,54,54,54,54,33,33,42,45,40,40,26,52,0],"gold":144,"neow_bonus":"TRANSFORM_CARD","is_prod":false,"is_daily":false,"chose_seed":false,"campfire_upgraded":2,"win_rate":0,"timestamp":1565549617,"path_taken":["M","M","$","?","?","R","$","E","T","M","M","M","R","?","R","BOSS"],"build_version":"2019-07-17","purchased_purges":1,"victory":false,"max_hp_per_floor":[75,75,75,75,75,75,75,78,78,81,84,84,84,88,88,92],"card_choices":[{"not_picked":["Pommel Strike","Body Slam"],"picked":"Combust","floor":1},{"not_picked":["Heavy Blade","Flex"],"picked":"Feed","floor":2},{"not_picked":["Wild Strike","Flex"],"picked":"Headbutt","floor":8},{"not_picked":["Burning Pact","Clash","Thunderclap"],"picked":"SKIP","floor":10},{"not_picked":["Sword Boomerang","Havoc","Sever Soul"],"picked":"SKIP","floor":11},{"not_picked":["Havoc","Heavy Blade"],"picked":"Carnage","floor":12},{"not_picked":["Clothesline","Sever Soul"],"picked":"Anger","floor":14}],"player_experience":2666492,"relics_obtained":[{"floor":8,"key":"Boot"},{"floor":9,"key":"Centennial Puzzle"}],"event_choices":[{"damage_healed":0,"gold_gain":75,"player_choice":"Gather Gold","damage_taken":11,"max_hp_gain":0,"max_hp_loss":0,"event_name":"World of Goop","floor":4,"gold_loss":0},{"damage_healed":0,"gold_gain":0,"player_choice":"Cursed","damage_taken":0,"max_hp_gain":0,"max_hp_loss":0,"event_name":"Wheel of Change","floor":5,"gold_loss":0,"cards_obtained":["Decay"]}],"is_beta":false,"boss_relics":[],"items_purged_floors":[3],"is_endless":false,"potions_floor_spawned":[10,11],"killed_by":"Slime Boss","ascension_level":15}