{"gold_per_floor":[113,188,188,48,65,65,95,20,45,45,57,57,69,82,82,186,186,203,203,223,243,243,278,294,294,321,336,65,165,176,207,207,207],"floor_reached":33,"playtime":1605,"items_purged":["Defend_R"],"score":312,"play_id":"b37f45a7-964d-4006-958c-147fa62e2306","local_time":"20190318121833","is_ascension_mode":false,"campfire_choices":[{"data":"Bludgeon","floor":6,"key":"SMITH"},{"data":"Flame Barrier","floor":10,"key":"SMITH"},{"data":"Rage","floor":12,"key":"SMITH"},{"data":"Demon Form","floor":15,"key":"SMITH"},{"data":"Flame Barrier","floor":25,"key":"SMITH"},{"data":"Spot Weakness","floor":32,"key":"SMITH"}],"neow_cost":"NONE","seed_source_timestamp":690808868100,"circlet_count":0,"master_deck":["Strike_R+1","Strike_R","Strike_R","Strike_R","Strike_R","Defend_R","Defend_R","Defend_R","Bash","Bludgeon+1","Battle Trance","Anger","Offering","Inflame","Flame Barrier+1","Rage+1","Shrug It Off","Demon Form+1","Infernal Blade","Shrug It Off","Rage","Impervious","Pommel Strike","Anger","Twin Strike+1","Metallicize","Flame Barrier+1","Disarm","Heavy Blade","Spot Weakness+1","Flex","Sword Boomerang","Flex"],"relics":["Burning Blood","Turnip","PreservedInsect","Sozu","Mummified Hand","Oddly Smooth Stone","Whetstone","Sling","Torii","Mercury Hourglass","Vajra"],"potions_floor_usage":[13,33],"damage_taken":[{"damage":5,"enemies":"2 Louse","floor":1,"turns":3},{"damage":5,"enemies":"Small Slimes","floor":5,"turns":2},{"damage":10,"enemies":"Lagavulin","floor":7,"turns":4},{"damage":6,"enemies":"Cultist","floor":11,"turns":4},{"damage":8,"enemies":"Exordium Thugs","floor":13,"turns":3},{"damage":10,"enemies":"3 Louse","floor":14,"turns":5},{"damage":18,"enemies":"Slime Boss","floor":16,"turns":6},{"damage":14,"enemies":"2 Thieves","floor":18,"turns":4},{"damage":5,"enemies":"Spheric Guardian","floor":20,"turns":3},{"damage":26,"enemies":"3 Cultists","floor":21,"turns":5},{"damage":23,"enemies":"Gremlin Leader","floor":23,"turns":5},{"damage":8,"enemies":"Shelled Parasite and Fungi","floor":24,"turns":4},{"damage":5,"enemies":"Snake Plant","floor":27,"turns":4},{"damage":6,"enemies":"Colosseum Slavers","floor":29,"turns":3},{"damage":0,"enemies":"Colosseum Nobs","floor":29,"turns":5},{"damage":6,"enemies":"3 Cultists","floor":30,"turns":4},{"damage":0,"enemies":"Book of Stabbing","floor":31,"turns":5},{"damage":57,"enemies":"Collector","floor":33,"turns":6}],"seed_played":"5916376168471682996","potions_obtained":[{"floor":7,"key":"Dexterity Potion"},{"floor":11,"key":"SkillPotion"},{"floor":16,"key":"PowerPotion"}],"is_trial":false,"path_per_floor":["M","?","?","$","M","R","E","$","T","R","M","R","M","M","R","B",null,"M","?","M","M","?","E","M","R","T","M","$","?","M","E","R","B"],"character_chosen":"IRONCLAD","items_purchased":["Flame Barrier","Rage","Sling","Spot Weakness"],"campfire_rested":0,"item_purchase_floors":[4,4,28,28],"current_hp_per_floor":[80,80,80,80,80,80,76,76,76,76,76,76,74,70,70,58,80,72,72,73,53,53,36,34,34,34,35,35,41,41,47,47,0],"gold":207,"neow_bonus":"ONE_RANDOM_RARE_CARD","is_prod":false,"is_daily":false,"chose_seed":false,"campfire_upgraded":6,"win_rate":0,"timestamp":1552907913,"path_taken":["M","?","?","$","?","R","E","?","T","R","M","R","M","M","R","BOSS","M","?","M","M","?","E","M","R","T","M","$","?","M","E","R","BOSS"],"build_version":"2019-01-23","purchased_purges":1,"victory":false,"max_hp_per_floor":[80,80,80,80,80,80,80,80,80,80,80,80,80,80,80,80,80,80,80,80,80,80,80,80,80,80,80,80,80,80,80,80,80],"card_choices":[{"not_picked":["Clothesline","Thunderclap"],"picked":"Battle Trance","floor":1},{"not_picked":["Flex","Clothesline"],"picked":"Shrug It Off","floor":5},{"not_picked":["Iron Wave","Second Wind"],"picked":"Demon Form","floor":7},{"not_picked":["Pommel Strike","Anger"],"picked":"Infernal Blade","floor":11},{"not_picked":["Burning Pact","Headbutt"],"picked":"Shrug It Off","floor":13},{"not_picked":["Pommel Strike","Thunderclap"],"picked":"Rage","floor":14},{"not_picked":["Reaper","Bludgeon"],"picked":"Impervious","floor":16},{"not_picked":["True Grit","Clash+1"],"picked":"Pommel Strike","floor":18},{"not_picked":["True Grit+1","Clash"],"picked":"Anger","floor":20},{"not_picked":["Anger","Pommel Strike"],"picked":"Twin Strike","floor":21},{"not_picked":["Carnage","Whirlwind+1"],"picked":"Flame Barrier","floor":23},{"not_picked":["Shrug It Off","Battle Trance"],"picked":"Disarm","floor":24},{"not_picked":["Wild Strike","Demon Form"],"picked":"Heavy Blade","floor":27},{"not_picked":["Sever Soul","Reckless Charge+1"],"picked":"Flex","floor":29},{"not_picked":["True Grit","Body Slam+1"],"picked":"Sword Boomerang","floor":30},{"not_picked":["Brutality","Dropkick"],"picked":"Flex","floor":31}],"player_experience":258751,"relics_obtained":[{"floor":7,"key":"Turnip"},{"floor":9,"key":"PreservedInsect"},{"floor":23,"key":"Oddly Smooth Stone"},{"floor":26,"key":"Whetstone"},{"floor":29,"key":"Torii"},{"floor":29,"key":"Mercury Hourglass"},{"floor":31,"key":"Vajra"}],"event_choices":[{"damage_healed":0,"gold_gain":75,"player_choice":"Gained Gold","damage_taken":0,"max_hp_gain":0,"max_hp_loss":0,"event_name":"Golden Wing","floor":2,"gold_loss":0},{"damage_healed":0,"gold_gain":0,"player_choice":"3 cards matched","damage_taken":0,"max_hp_gain":0,"max_hp_loss":0,"event_name":"Match and Keep!","floor":3,"gold_loss":0,"cards_obtained":["Anger","Offering","Inflame"]},{"damage_healed":0,"gold_gain":0,"player_choice":"Opened","damage_taken":0,"relics_obtained":["Mummified Hand"],"max_hp_gain":0,"max_hp_loss":0,"event_name":"The Mausoleum","floor":19,"gold_loss":0},{"damage_healed":0,"gold_gain":0,"player_choice":"Read","damage_taken":0,"max_hp_gain":0,"max_hp_loss":0,"event_name":"The Library","floor":22,"gold_loss":0,"cards_obtained":["Metallicize"]},{"damage_healed":0,"gold_gain":0,"player_choice":"Fight","damage_taken":0,"max_hp_gain":0,"max_hp_loss":0,"event_name":"Colosseum","floor":29,"gold_loss":0},{"damage_healed":0,"gold_gain":0,"player_choice":"Fought Nobs","damage_taken":0,"max_hp_gain":0,"max_hp_loss":0,"event_name":"Colosseum","floor":29,"gold_loss":0}],"is_beta":false,"boss_relics":[{"not_picked":["Tiny House","Astrolabe"],"picked":"Sozu"}],"items_purged_floors":[8],"is_endless":false,"potions_floor_spawned":[7,11,16,23,24,29],"killed_by":"Collector","ascension_level":0}