{"gold_per_floor":[113,213,223,29,48,48,68,68,68,68,83,83,112,123,123,222,222,210,135,147,147,62,62,11,31,54,54,66,94,94,108,108,108],"floor_reached":33,"playtime":2420,"items_purged":[],"score":305,"play_id":"57ffb0b1-1918-4c13-a8af-9c32035a2014","local_time":"20181231030306","is_ascension_mode":true,"campfire_choices":[{"data":"Apotheosis","floor":6,"key":"SMITH"},{"data":"Feed","floor":8,"key":"SMITH"},{"data":"Clothesline","floor":10,"key":"SMITH"},{"data":"True Grit","floor":12,"key":"SMITH"},{"data":"Entrench","floor":15,"key":"SMITH"},{"data":"Shrug It Off","floor":23,"key":"SMITH"},{"floor":27,"key":"REST"},{"floor":30,"key":"REST"},{"floor":32,"key":"REST"}],"neow_cost":"NONE","seed_source_timestamp":137100781109100,"circlet_count":0,"master_deck":["Strike_R","Strike_R","Strike_R","Strike_R","Defend_R","Defend_R","Defend_R","Defend_R","Bash+1","Clothesline+1","Warcry","Apotheosis+1","Shrug It Off+1","Feed+1","True Grit+1","Entrench+1","Cleave","Juggernaut","Shrug It Off+1","Armaments","Inflame","Feel No Pain","Iron Wave","Sword Boomerang+1"],"relics":["Burning Blood","Shuriken","Paper Frog","White Beast Statue","Pen Nib","Bronze Scales","Bag of Marbles"],"potions_floor_usage":[13,14,25,28,29,33,33,33],"damage_taken":[{"damage":0,"enemies":"Jaw Worm","floor":1,"turns":3},{"damage":1,"enemies":"Cultist","floor":3,"turns":3},{"damage":6,"enemies":"2 Louse","floor":5,"turns":4},{"damage":2,"enemies":"Large Slime","floor":7,"turns":7},{"damage":1,"enemies":"Blue Slaver","floor":11,"turns":4},{"damage":2,"enemies":"Lagavulin","floor":13,"turns":8},{"damage":10,"enemies":"Exordium Thugs","floor":14,"turns":9},{"damage":38,"enemies":"The Guardian","floor":16,"turns":14},{"damage":1,"enemies":"2 Thieves","floor":18,"turns":4},{"damage":23,"enemies":"Spheric Guardian","floor":20,"turns":8},{"damage":21,"enemies":"Shelled Parasite and Fungi","floor":25,"turns":11},{"damage":20,"enemies":"Snecko","floor":28,"turns":8},{"damage":65,"enemies":"Slavers","floor":29,"turns":7},{"damage":28,"enemies":"Centurion and Healer","floor":31,"turns":10},{"damage":85,"enemies":"Collector","floor":33,"turns":7}],"seed_played":"-2373644719880121212","potions_obtained":[{"floor":1,"key":"Swift Potion"},{"floor":5,"key":"Strength Potion"},{"floor":13,"key":"Dexterity Potion"},{"floor":18,"key":"Explosive Potion"},{"floor":20,"key":"SteroidPotion"},{"floor":25,"key":"Weak Potion"},{"floor":28,"key":"Fire Potion"},{"floor":29,"key":"Ancient Potion"},{"floor":31,"key":"SkillPotion"}],"is_trial":false,"path_per_floor":["M","?","M","$","M","R","M","R","T","R","M","R","E","M","R","B",null,"M","?","M","?","?","R","$","M","T","R","M","E","R","M","R","B"],"character_chosen":"IRONCLAD","items_purchased":["Apotheosis","Armaments"],"campfire_rested":3,"item_purchase_floors":[4,24],"current_hp_per_floor":[80,80,80,80,80,80,80,80,80,80,84,84,88,84,84,52,88,88,88,75,75,75,75,75,64,64,92,78,19,47,29,59,0],"gold":108,"neow_bonus":"UPGRADE_CARD","is_prod":false,"is_daily":false,"chose_seed":false,"campfire_upgraded":6,"win_rate":0,"timestamp":1546221786,"path_taken":["M","?","M","$","M","R","M","R","T","R","M","R","E","M","R","BOSS","M","?","M","?","?","R","?","M","T","R","M","E","R","?","R","BOSS"],"build_version":"2018-12-20","purchased_purges":0,"victory":false,"max_hp_per_floor":[80,80,80,80,80,80,80,80,80,80,84,84,88,88,88,88,88,88,88,92,92,92,92,92,96,96,96,96,96,96,100,100,100],"card_choices":[{"not_picked":["Power Through","Perfected Strike"],"picked":"Clothesline","floor":1},{"not_picked":["Carnage","Twin Strike"],"picked":"Warcry","floor":3},{"not_picked":["Power Through","Sever Soul"],"picked":"Shrug It Off","floor":5},{"not_picked":["Metallicize","Pommel Strike"],"picked":"Feed","floor":7},{"not_picked":["Warcry","Bloodletting"],"picked":"True Grit","floor":11},{"not_picked":["Perfected Strike","Hemokinesis"],"picked":"Entrench","floor":13},{"not_picked":["Headbutt","Sword Boomerang"],"picked":"Cleave","floor":14},{"not_picked":["Berserk","Limit Break"],"picked":"Juggernaut","floor":16},{"not_picked":["Twin Strike","Heavy Blade","Evolve+1"],"picked":"SKIP","floor":18},{"not_picked":["Perfected Strike+1","Clothesline+1"],"picked":"Shrug It Off+1","floor":20},{"not_picked":["Berserk","Feel No Pain"],"picked":"Inflame","floor":25},{"not_picked":["Second Wind+1","Battle Trance+1"],"picked":"Feel No Pain","floor":28},{"not_picked":["Searing Blow","Entrench"],"picked":"Iron Wave","floor":29},{"not_picked":["Evolve","Entrench+1"],"picked":"Sword Boomerang+1","floor":31}],"player_experience":82984,"relics_obtained":[{"floor":9,"key":"Shuriken"},{"floor":13,"key":"Paper Frog"},{"floor":26,"key":"Bronze Scales"},{"floor":29,"key":"Bag of Marbles"}],"event_choices":[{"damage_healed":0,"gold_gain":100,"player_choice":"Pray","damage_taken":0,"max_hp_gain":0,"max_hp_loss":0,"event_name":"Golden Shrine","floor":2,"gold_loss":0},{"cards_removed":["Strike_R"],"damage_healed":0,"gold_gain":0,"player_choice":"Gave Gold","damage_taken":0,"max_hp_gain":0,"max_hp_loss":0,"event_name":"Beggar","floor":19,"gold_loss":75},{"damage_healed":0,"gold_gain":0,"player_choice":"Ignored","damage_taken":0,"max_hp_gain":0,"max_hp_loss":0,"event_name":"Vampires","floor":21,"gold_loss":0},{"damage_healed":0,"gold_gain":0,"player_choice":"Obtained Relic","damage_taken":0,"relics_obtained":["Pen Nib"],"max_hp_gain":0,"max_hp_loss":0,"event_name":"Addict","floor":22,"gold_loss":85}],"is_beta":false,"boss_relics":[{"not_picked":["Empty Cage","Snecko Eye"],"picked":"White Beast Statue"}],"items_purged_floors":[],"is_endless":false,"potions_floor_spawned":[1,5,13,18,20,25,28,29,31],"killed_by":"Collector","ascension_level":1}