{"gold_per_floor":[113,113,132,149,149,149,177,177,249,269,287,287,315,315,315,315],"floor_reached":16,"playtime":473,"items_purged":[],"score":193,"play_id":"4fc70b93-5069-435c-8b28-278859c0662e","local_time":"20190517230424","is_ascension_mode":true,"campfire_choices":[{"data":"Neutralize","floor":6,"key":"SMITH"},{"data":"Survivor","floor":8,"key":"SMITH"},{"data":"Dagger Spray","floor":12,"key":"SMITH"},{"floor":15,"key":"REST"}],"neow_cost":"NONE","seed_source_timestamp":191300545534333,"circlet_count":0,"master_deck":["AscendersBane","Defend_G","Defend_G","Defend_G","Defend_G","Defend_G","Strike_G","Strike_G","Strike_G","Strike_G","Strike_G","Survivor+1","Neutralize+1","Dagger Throw+1","PiercingWail","Dagger Spray+1","Footwork","Backstab"],"relics":["Ring of the Snake","Smiling Mask","Singing Bowl","Blue Candle"],"potions_floor_usage":[7,11,13],"damage_taken":[{"damage":0,"enemies":"Small Slimes","floor":1,"turns":5},{"damage":0,"enemies":"2 Louse","floor":3,"turns":4},{"damage":0,"enemies":"Jaw Worm","floor":4,"turns":5},{"damage":26,"enemies":"Lagavulin","floor":7,"turns":9},{"damage":2,"enemies":"Exordium Wildlife","floor":10,"turns":4},{"damage":0,"enemies":"Large Slime","floor":11,"turns":4},{"damage":27,"enemies":"3 Sentries","floor":13,"turns":7},{"damage":46,"enemies":"Slime Boss","floor":16,"turns":7}],"seed_played":"647781769398605734","potions_obtained":[{"floor":0,"key":"SteroidPotion"},{"floor":0,"key":"Dexterity Potion"},{"floor":4,"key":"GhostInAJar"},{"floor":7,"key":"AttackPotion"}],"is_trial":false,"path_per_floor":["M","?","M","M","?","R","E","R","T","M","M","R","E","?","R","B"],"character_chosen":"THE_SILENT","items_purchased":[],"campfire_rested":1,"item_purchase_floors":[],"current_hp_per_floor":[59,64,64,64,64,64,38,38,38,36,36,36,9,9,30,0],"gold":315,"neow_bonus":"THREE_SMALL_POTIONS","is_prod":false,"is_daily":false,"chose_seed":false,"campfire_upgraded":3,"win_rate":0,"timestamp":1558148664,"path_taken":["M","?","M","M","?","R","E","R","T","M","M","R","E","?","R","BOSS"],"build_version":"2019-05-07","purchased_purges":0,"victory":false,"max_hp_per_floor":[66,71,71,71,71,71,71,71,71,71,71,71,71,71,71,71],"card_choices":[{"not_picked":["Calculated Gamble","Escape Plan","Choke"],"picked":"SKIP","floor":1},{"not_picked":["Prepared","Distraction"],"picked":"Dagger Throw","floor":3},{"not_picked":["Acrobatics","Finisher","Tactician"],"picked":"SKIP","floor":4},{"not_picked":["Calculated Gamble","Sucker Punch"],"picked":"PiercingWail","floor":7},{"not_picked":["Blur","Heel Hook"],"picked":"Dagger Spray","floor":10},{"not_picked":["Dagger Spray","Acrobatics"],"picked":"Footwork","floor":11},{"not_picked":["Deflect","Acrobatics"],"picked":"Backstab","floor":13}],"player_experience":2507169,"relics_obtained":[{"floor":7,"key":"Smiling Mask"},{"floor":9,"key":"Singing Bowl"},{"floor":13,"key":"Blue Candle"}],"event_choices":[{"damage_healed":0,"gold_gain":0,"player_choice":"Donut","damage_taken":0,"max_hp_gain":5,"max_hp_loss":0,"event_name":"Big Fish","floor":2,"gold_loss":0},{"damage_healed":0,"gold_gain":0,"player_choice":"Grow","damage_taken":0,"max_hp_gain":0,"max_hp_loss":0,"event_name":"Living Wall","floor":5,"gold_loss":0,"cards_upgraded":["Dagger Throw"]},{"damage_healed":0,"gold_gain":0,"player_choice":"Searched \u00270\u0027 times","damage_taken":0,"max_hp_gain":0,"max_hp_loss":0,"event_name":"Dead Adventurer","floor":14,"gold_loss":0}],"is_beta":true,"boss_relics":[],"items_purged_floors":[],"is_endless":false,"potions_floor_spawned":[4,7,10],"killed_by":"Slime Boss","ascension_level":15}