{"gold_per_floor":[109,128,61,71,88,121,24,35,35,35,35,53,72,86,86,182,182,192,205,205],"floor_reached":20,"playtime":1775,"items_purged":[],"score":180,"play_id":"4045681f-6c28-4799-b555-0c318d7bcd1c","local_time":"20190812155545","is_ascension_mode":false,"campfire_choices":[{"floor":11,"key":"REST"},{"data":"Armaments","floor":15,"key":"SMITH"}],"neow_cost":"NONE","seed_source_timestamp":256713006333100,"circlet_count":0,"master_deck":["Strike_R","Strike_R","Strike_R","Strike_R","Strike_R","Defend_R","Defend_R","Defend_R","Defend_R","Bash","Trip","Heavy Blade","Warcry","Armaments","Perfected Strike","Shrug It Off","Battle Trance","Anger","Armaments+1","Dropkick","Disarm","Body Slam","Spot Weakness","Thunderclap","Limit Break","Dropkick+1","Inflame+1"],"special_seed":0,"relics":["Burning Blood","StoneCalendar","Frozen Egg 2","Bottled Lightning","Eternal Feather"],"potions_floor_usage":[16,16,20],"damage_taken":[{"damage":6,"enemies":"Cultist","floor":1,"turns":3},{"damage":1,"enemies":"Jaw Worm","floor":2,"turns":3},{"damage":0,"enemies":"Small Slimes","floor":4,"turns":4},{"damage":23,"enemies":"Exordium Thugs","floor":5,"turns":6},{"damage":38,"enemies":"Lagavulin","floor":6,"turns":7},{"damage":25,"enemies":"Gremlin Gang","floor":8,"turns":5},{"damage":0,"enemies":"Large Slime","floor":12,"turns":4},{"damage":0,"enemies":"Looter","floor":13,"turns":2},{"damage":19,"enemies":"Lots of Slimes","floor":14,"turns":6},{"damage":34,"enemies":"Slime Boss","floor":16,"turns":7},{"damage":52,"enemies":"Spheric Guardian","floor":18,"turns":6},{"damage":8,"enemies":"Shell Parasite","floor":19,"turns":4},{"damage":42,"enemies":"3 Cultists","floor":20,"turns":4}],"seed_played":"-8560238953235844864","potions_obtained":[{"floor":2,"key":"PowerPotion"},{"floor":6,"key":"GamblersBrew"},{"floor":12,"key":"EssenceOfSteel"},{"floor":18,"key":"LiquidBronze"},{"floor":19,"key":"EntropicBrew"}],"is_trial":false,"path_per_floor":["M","M","$","M","M","E","$","M","T","T","R","M","M","M","R","B",null,"M","M","M"],"character_chosen":"IRONCLAD","items_purchased":["Armaments","Perfected Strike","Armaments","Dropkick"],"campfire_rested":1,"item_purchase_floors":[3,3,7,7],"current_hp_per_floor":[80,80,80,80,63,31,31,12,12,12,36,42,48,35,35,7,80,34,32,0],"gold":205,"neow_bonus":"RANDOM_COLORLESS","is_prod":false,"is_daily":false,"chose_seed":false,"campfire_upgraded":1,"win_rate":0.0,"timestamp":1565618145,"path_taken":["M","M","$","?","?","E","$","M","T","?","R","M","M","M","R","BOSS","M","M","M"],"build_version":"2019-07-17","purchased_purges":0,"victory":false,"max_hp_per_floor":[80,80,80,80,80,80,80,80,80,80,80,80,80,80,80,80,80,80,80,80],"card_choices":[{"not_picked":["Clothesline","Pommel Strike"],"picked":"Heavy Blade","floor":1},{"not_picked":["Burning Pact","Sword Boomerang"],"picked":"Warcry","floor":2},{"not_picked":["Body Slam","Pommel Strike"],"picked":"Shrug It Off","floor":4},{"not_picked":["Headbutt","Pommel Strike"],"picked":"Battle Trance","floor":5},{"not_picked":["Headbutt","Shockwave"],"picked":"Anger","floor":6},{"not_picked":["Corruption","Clash"],"picked":"Disarm","floor":8},{"not_picked":["Fiend Fire","Hemokinesis"],"picked":"Body Slam","floor":12},{"not_picked":["True Grit","Combust+1"],"picked":"Spot Weakness","floor":13},{"not_picked":["Inflame+1","Sword Boomerang"],"picked":"Thunderclap","floor":14},{"not_picked":["Bludgeon","Fiend Fire"],"picked":"Limit Break","floor":16},{"not_picked":["Flex","Shrug It Off"],"picked":"Dropkick+1","floor":18},{"not_picked":["Hemokinesis","Combust+1"],"picked":"Inflame+1","floor":19}],"player_experience":9368,"relics_obtained":[{"floor":6,"key":"StoneCalendar"},{"floor":9,"key":"Frozen Egg 2"},{"floor":10,"key":"Bottled Lightning"}],"event_choices":[],"is_beta":false,"boss_relics":[{"not_picked":["Coffee Dripper","Empty Cage"],"picked":"Eternal Feather"}],"items_purged_floors":[],"is_endless":false,"potions_floor_spawned":[2,6,12,14,18,19],"killed_by":"3 Cultists","ascension_level":0}