{"gold_per_floor":[113,113,38,38,50,50,80,92,115,144,144,158,58,83,83,178,178,197,197,72,89,89,89,89,89,115,135,161,161,173,241,241,343,343,361,211,224,238,63,63,77,77,155,155,155,172,190,190,190,190],"floor_reached":50,"playtime":2622,"items_purged":["Strike_G","Strike_G","Defend_G","Tactician","Strike_G+1"],"score":607,"play_id":"6fbbfd48-df85-4775-8c6b-d46b01e78d38","local_time":"20190824232923","is_ascension_mode":true,"campfire_choices":[{"data":"Neutralize","floor":6,"key":"SMITH"},{"data":"Heel Hook","floor":11,"key":"SMITH"},{"data":"Backstab","floor":15,"key":"SMITH"},{"data":"Phantasmal Killer","floor":23,"key":"SMITH"},{"floor":29,"key":"REST"},{"floor":32,"key":"REST"},{"floor":40,"key":"RECALL"},{"data":"Survivor","floor":42,"key":"SMITH"},{"data":"Quick Slash","floor":45,"key":"SMITH"},{"data":"Grand Finale","floor":49,"key":"SMITH"}],"neow_cost":"NONE","seed_source_timestamp":815166212908000,"circlet_count":0,"master_deck":["Strike_G+1","Defend_G","Defend_G+1","Survivor+1","Neutralize+1","All Out Attack+1","Grand Finale+1","Heel Hook+1","Escape Plan+1","Backstab+1","Phantasmal Killer+1","Quick Slash+1","Venomology"],"relics":["Ring of the Snake","Lantern","Whetstone","Du-Vu Doll","PreservedInsect","Philosopher\u0027s Stone","Nilry\u0027s Codex","War Paint","Letter Opener","Black Star","Toxic Egg 2"],"potions_floor_usage":[14,38,41,46,47,50],"damage_taken":[{"damage":3,"enemies":"2 Louse","floor":1,"turns":3},{"damage":0,"enemies":"Cultist","floor":5,"turns":3},{"damage":24,"enemies":"Lagavulin","floor":7,"turns":7},{"damage":0,"enemies":"Small Slimes","floor":8,"turns":2},{"damage":0,"enemies":"3 Sentries","floor":10,"turns":2},{"damage":8,"enemies":"Blue Slaver","floor":12,"turns":3},{"damage":12,"enemies":"Gremlin Nob","floor":14,"turns":3},{"damage":8,"enemies":"Hexaghost","floor":16,"turns":6},{"damage":4,"enemies":"Shell Parasite","floor":18,"turns":3},{"damage":10,"enemies":"Chosen","floor":21,"turns":3},{"damage":17,"enemies":"Snecko","floor":27,"turns":5},{"damage":16,"enemies":"Book of Stabbing","floor":28,"turns":3},{"damage":4,"enemies":"Sentry and Sphere","floor":30,"turns":3},{"damage":27,"enemies":"Collector","floor":33,"turns":6},{"damage":0,"enemies":"3 Shapes","floor":35,"turns":4},{"damage":0,"enemies":"Orb Walker","floor":37,"turns":2},{"damage":17,"enemies":"Maw","floor":38,"turns":8},{"damage":1,"enemies":"Spire Growth","floor":41,"turns":2},{"damage":5,"enemies":"4 Shapes","floor":46,"turns":2},{"damage":0,"enemies":"Transient","floor":47,"turns":5},{"damage":68,"enemies":"Awakened One","floor":50,"turns":7}],"seed_played":"1439312791068228024","potions_obtained":[{"floor":1,"key":"AttackPotion"},{"floor":10,"key":"SteroidPotion"},{"floor":16,"key":"Ancient Potion"},{"floor":18,"key":"GhostInAJar"}],"is_trial":false,"path_per_floor":["M","?","$","?","M","R","E","M","T","E","R","M","$","E","R","B",null,"M","?","$","M","?","R","?","$","T","M","E","R","M","T","R","B",null,"M","$","M","M","$","R","M","R","T","?","R","M","M","$","R","B"],"character_chosen":"THE_SILENT","items_purchased":[],"campfire_rested":2,"item_purchase_floors":[],"current_hp_per_floor":[67,67,67,72,72,72,48,48,48,48,48,40,40,28,28,20,75,71,55,55,45,45,45,45,45,45,28,12,34,30,30,52,25,75,75,75,75,58,58,58,57,57,57,57,57,52,52,52,52,0],"gold":190,"neow_bonus":"REMOVE_CARD","is_prod":false,"is_daily":false,"chose_seed":false,"campfire_upgraded":7,"win_rate":0,"timestamp":1566682163,"path_taken":["M","?","?","?","M","R","E","M","T","E","R","M","$","E","R","BOSS","M","?","$","M","?","R","?","$","T","M","E","R","?","?","R","BOSS","M","$","?","M","$","R","M","R","T","?","R","M","M","?","R","BOSS"],"build_version":"2019-07-17","purchased_purges":5,"victory":false,"max_hp_per_floor":[70,70,70,75,75,75,75,75,75,75,75,75,75,75,75,75,75,75,75,75,75,75,75,75,75,75,75,75,75,75,75,75,75,75,75,75,75,75,75,75,75,75,75,75,75,75,75,75,75,75],"card_choices":[{"not_picked":["Dagger Spray","Finisher"],"picked":"Bouncing Flask","floor":1},{"not_picked":["Outmaneuver","Deflect"],"picked":"All Out Attack","floor":5},{"not_picked":["Dagger Spray","Blur"],"picked":"Grand Finale","floor":7},{"not_picked":["Choke","Caltrops","Flechettes"],"picked":"SKIP","floor":8},{"not_picked":["Accuracy","Terror"],"picked":"Heel Hook","floor":10},{"not_picked":["Cloak And Dagger","Underhanded Strike"],"picked":"Escape Plan","floor":12},{"not_picked":["Bullet Time","Heel Hook"],"picked":"Backstab","floor":14},{"not_picked":["Die Die Die","Burst"],"picked":"Phantasmal Killer","floor":16},{"not_picked":["Dagger Spray","Bane","Flying Knee"],"picked":"SKIP","floor":18},{"not_picked":["Deflect","Dodge and Roll+1","Quick Slash"],"picked":"SKIP","floor":21},{"not_picked":["Choke","Bane","Bouncing Flask+1"],"picked":"SKIP","floor":27},{"not_picked":["All Out Attack","Endless Agony","Slice"],"picked":"SKIP","floor":28},{"not_picked":["Quick Slash","Blade Dance","Flechettes"],"picked":"SKIP","floor":30},{"not_picked":["Grand Finale","Burst"],"picked":"Venomology","floor":33},{"not_picked":["Dagger Throw","Distraction","Outmaneuver+1"],"picked":"SKIP","floor":35},{"not_picked":["Accuracy+1","Cloak And Dagger","Well Laid Plans+1"],"picked":"SKIP","floor":37},{"not_picked":["Caltrops+1","Quick Slash+1","Sucker Punch+1"],"picked":"SKIP","floor":38},{"not_picked":["Dagger Spray","Setup","Deflect"],"picked":"SKIP","floor":41},{"not_picked":["Prepared+1","Crippling Poison+1","Underhanded Strike"],"picked":"SKIP","floor":46},{"not_picked":["Expertise+1","Slice+1","Calculated Gamble+1"],"picked":"SKIP","floor":47}],"player_experience":191783,"relics_obtained":[{"floor":7,"key":"Lantern"},{"floor":9,"key":"Whetstone"},{"floor":10,"key":"Du-Vu Doll"},{"floor":14,"key":"PreservedInsect"},{"floor":19,"key":"Nilry\u0027s Codex"},{"floor":28,"key":"War Paint"},{"floor":31,"key":"Letter Opener"},{"floor":43,"key":"Toxic Egg 2"}],"event_choices":[{"cards_removed":["Defend_G"],"damage_healed":0,"gold_gain":0,"player_choice":"Offered Basic","damage_taken":0,"max_hp_gain":0,"max_hp_loss":0,"event_name":"Bonfire Elementals","floor":2,"gold_loss":0},{"damage_healed":0,"gold_gain":0,"player_choice":"Donut","damage_taken":0,"max_hp_gain":5,"max_hp_loss":0,"event_name":"Big Fish","floor":4,"gold_loss":0},{"damage_healed":0,"gold_gain":0,"player_choice":"Obtained Book","damage_taken":16,"max_hp_gain":0,"max_hp_loss":0,"event_name":"Cursed Tome","floor":19,"gold_loss":0},{"damage_healed":0,"gold_gain":0,"cards_transformed":["Defend_G","Bouncing Flask"],"player_choice":"Became Test Subject","damage_taken":0,"max_hp_gain":0,"max_hp_loss":0,"event_name":"Drug Dealer","floor":22,"gold_loss":0,"cards_obtained":["Tactician","Quick Slash"]},{"damage_healed":0,"gold_gain":0,"player_choice":"Ignored","damage_taken":0,"max_hp_gain":0,"max_hp_loss":0,"event_name":"N\u0027loth","floor":24,"gold_loss":0},{"damage_healed":0,"gold_gain":0,"player_choice":"Forge","damage_taken":0,"max_hp_gain":0,"max_hp_loss":0,"event_name":"Accursed Blacksmith","floor":44,"gold_loss":0,"cards_upgraded":["All Out Attack"]}],"is_beta":false,"boss_relics":[{"not_picked":["White Beast Statue","Coffee Dripper"],"picked":"Philosopher\u0027s Stone"},{"not_picked":["Velvet Choker","Sozu"],"picked":"Black Star"}],"items_purged_floors":[3,13,20,36,39],"is_endless":false,"potions_floor_spawned":[1,10,16,18,33,38,41],"killed_by":"Awakened One","ascension_level":3}