{"gold_per_floor":[119,119,294,294,46,77,89,115,115,115,147,47,47,65,65,160,160,177,194,194,194,208,208,225,260,260,260,69,168,168,20,20,20],"floor_reached":33,"playtime":2407,"items_purged":["Doubt","Strike_G"],"score":359,"play_id":"df750ca8-138d-40fb-afb9-b2693e16f51a","local_time":"20190823215226","is_ascension_mode":true,"campfire_choices":[{"data":"Concentrate","floor":10.0,"key":"SMITH"},{"data":"Leg Sweep","floor":13.0,"key":"SMITH"},{"data":"Blur","floor":15.0,"key":"SMITH"},{"floor":23.0,"key":"REST"},{"floor":27.0,"key":"REST"},{"data":"Neutralize","floor":32.0,"key":"SMITH"}],"neow_cost":"NONE","seed_source_timestamp":722817614616900,"circlet_count":0,"master_deck":["Defend_G","Defend_G","Defend_G","Defend_G","Defend_G","Survivor","Neutralize+1","Infinite Blades","Corpse Explosion","Flying Knee","Blur+1","Quick Slash","Concentrate+1","Leg Sweep+1","Malaise","Tools of the Trade","Normality","Shame","Parasite","Bane","PiercingWail","Storm of Steel","Blade Dance+1","Caltrops","Bite","Bite","Bite","Bite","Bite"],"special_seed":0,"relics":["Ring of the Snake","NeowsBlessing","Sundial","Incense Burner","Blue Candle","Bag of Marbles","Calling Bell","Bronze Scales","Singing Bowl","Gambling Chip","FossilizedHelix","Matryoshka","TwistedFunnel","Bag of Preparation"],"potions_floor_usage":[],"damage_taken":[{"damage":0.0,"enemies":"2 Louse","floor":1.0,"turns":1.0},{"damage":0.0,"enemies":"Lagavulin","floor":6.0,"turns":1.0},{"damage":0.0,"enemies":"Jaw Worm","floor":7.0,"turns":1.0},{"damage":21.0,"enemies":"Gremlin Nob","floor":8.0,"turns":4.0},{"damage":14.0,"enemies":"3 Sentries","floor":11.0,"turns":4.0},{"damage":1.0,"enemies":"Cultist","floor":14.0,"turns":4.0},{"damage":28.0,"enemies":"Slime Boss","floor":16.0,"turns":12.0},{"damage":19.0,"enemies":"Spheric Guardian","floor":18.0,"turns":8.0},{"damage":15.0,"enemies":"Chosen","floor":19.0,"turns":6.0},{"damage":23.0,"enemies":"Centurion and Healer","floor":22.0,"turns":7.0},{"damage":15.0,"enemies":"Snecko","floor":24.0,"turns":6.0},{"damage":7.0,"enemies":"Gremlin Leader","floor":25.0,"turns":15.0},{"damage":82,"enemies":"Champ","floor":33,"turns":20}],"seed_played":"-3680196389879649921","potions_obtained":[{"floor":6.0,"key":"SpeedPotion"},{"floor":11.0,"key":"Poison Potion"},{"floor":16.0,"key":"Weak Potion"},{"floor":19.0,"key":"PowerPotion"}],"is_trial":false,"path_per_floor":["M","?","?","?","$","E","M","E","T","R","E","$","R","M","R","B",null,"M","M","?","?","M","R","M","E","T","R","$","?","?","$","R","B"],"character_chosen":"THE_SILENT","items_purchased":["Corpse Explosion","Flying Knee","TwistedFunnel","Bag of Preparation"],"campfire_rested":2,"item_purchase_floors":[5,5,28,31],"current_hp_per_floor":[70,70,70,63,63,63,63,42,42,42,30,30,30,31,31,5,70,51,38,25,25,4,26,13,10,10,33,33,33,33,33,33,0],"gold":20,"neow_bonus":"THREE_ENEMY_KILL","is_prod":false,"is_daily":false,"chose_seed":false,"campfire_upgraded":4,"win_rate":0,"timestamp":1566589946,"path_taken":["M","?","?","?","$","E","M","E","T","R","E","?","R","M","R","BOSS","M","M","?","?","M","R","M","E","T","R","$","?","?","?","R","BOSS"],"build_version":"2019-07-17","purchased_purges":2,"victory":false,"max_hp_per_floor":[70,70,70,70,70,70,70,70,70,70,70,70,70,70,70,70,70,70,70,75,75,75,75,75,77,77,77,77,77,77,77,77,77],"card_choices":[{"not_picked":["Outmaneuver","Calculated Gamble"],"picked":"Infinite Blades","floor":1.0},{"not_picked":["Backstab","Dagger Spray"],"picked":"Blur","floor":6.0},{"not_picked":["Expertise","Prepared"],"picked":"Quick Slash","floor":7.0},{"not_picked":["Dodge and Roll","Deflect"],"picked":"Concentrate","floor":8.0},{"not_picked":["Tactician","Dodge and Roll"],"picked":"Leg Sweep","floor":11.0},{"not_picked":["Dagger Spray","Accuracy"],"picked":"Malaise","floor":14.0},{"not_picked":["Malaise","Wraith Form v2"],"picked":"Tools of the Trade","floor":16.0},{"not_picked":["Deadly Poison","Acrobatics"],"picked":"Bane","floor":18.0},{"not_picked":["Sucker Punch","Quick Slash"],"picked":"PiercingWail","floor":19.0},{"not_picked":["Reflex","Sucker Punch"],"picked":"Blade Dance+1","floor":22.0},{"not_picked":["Glass Knife","Bouncing Flask"],"picked":"Caltrops","floor":24.0},{"not_picked":["Deflect","Slice","Dagger Throw"],"picked":"Singing Bowl","floor":25.0}],"player_experience":167153,"relics_obtained":[{"floor":6.0,"key":"Incense Burner"},{"floor":8.0,"key":"Blood Vial"},{"floor":9.0,"key":"Blue Candle"},{"floor":11.0,"key":"Bag of Marbles"},{"floor":17.0,"key":"Bronze Scales"},{"floor":17.0,"key":"Singing Bowl"},{"floor":17.0,"key":"Gambling Chip"},{"floor":25.0,"key":"FossilizedHelix"},{"floor":26.0,"key":"Matryoshka"}],"event_choices":[{"damage_healed":0.0,"max_hp_gain":0.0,"max_hp_loss":0.0,"gold_gain":0.0,"event_name":"Big Fish","player_choice":"Box","floor":2.0,"gold_loss":0.0,"damage_taken":0.0,"relics_obtained":["Sundial"],"cards_obtained":["Regret"]},{"damage_healed":0.0,"max_hp_gain":0.0,"max_hp_loss":0.0,"gold_gain":175.0,"event_name":"Liars Game","player_choice":"AGREE","floor":3.0,"gold_loss":0.0,"damage_taken":0.0,"cards_obtained":["Doubt"]},{"cards_removed":["Regret"],"damage_healed":0.0,"max_hp_gain":0.0,"max_hp_loss":0.0,"gold_gain":0.0,"event_name":"Golden Wing","player_choice":"Card Removal","floor":4.0,"gold_loss":0.0,"damage_taken":7.0},{"damage_healed":0.0,"max_hp_gain":5.0,"max_hp_loss":0.0,"gold_gain":0.0,"event_name":"Forgotten Altar","player_choice":"Shed Blood","floor":20.0,"gold_loss":0.0,"damage_taken":18.0},{"damage_healed":0.0,"max_hp_gain":0.0,"max_hp_loss":0.0,"gold_gain":0.0,"event_name":"The Library","player_choice":"Read","floor":21.0,"gold_loss":0.0,"damage_taken":0.0,"cards_obtained":["Storm of Steel"]},{"damage_healed":0.0,"max_hp_gain":0.0,"max_hp_loss":0.0,"gold_gain":99.0,"event_name":"Nest","player_choice":"Stole From Cult","floor":29.0,"gold_loss":0.0,"damage_taken":0.0},{"damage_healed":0.0,"max_hp_gain":0.0,"max_hp_loss":0.0,"gold_gain":0.0,"event_name":"Vampires","player_choice":"Became a vampire (Vial)","floor":30.0,"relics_lost":["Blood Vial"],"gold_loss":0.0,"damage_taken":0.0,"cards_obtained":["Bite","Bite","Bite","Bite","Bite"]}],"is_beta":false,"boss_relics":[{"not_picked":["Pandora\u0027s Box","HoveringKite"],"picked":"Calling Bell"}],"items_purged_floors":[5,12],"is_endless":false,"potions_floor_spawned":[6,11,16,19,22],"killed_by":"Champ","ascension_level":2}