{"gold_per_floor":[115,127,127,139,154,154,184,184,184,184,184,202,218,252,252,330,330,344,344,344,361,381,381,416,433,433,433,443,443,69,79,79,150,150,161,1160,1174,1194,1194,1221,1221,817,817,836,836,850,850,875,875,875,875,875,276,305,305],"floor_reached":56,"playtime":1919,"items_purged":["Strike_R+1","Normality","Normality"],"score":2000,"play_id":"7210b2bf-776e-4d42-a7b2-88933321907e","local_time":"20190629013059","is_ascension_mode":true,"campfire_choices":[{"data":"Feed","floor":6.0,"key":"SMITH"},{"data":"Bash","floor":8.0,"key":"SMITH"},{"data":"Carnage","floor":11.0,"key":"SMITH"},{"data":"Spot Weakness","floor":15.0,"key":"SMITH"},{"data":"Corruption","floor":23,"key":"SMITH"},{"data":"Feel No Pain","floor":27,"key":"SMITH"},{"data":"Juggernaut","floor":29,"key":"SMITH"},{"data":"Inflame","floor":32,"key":"SMITH"},{"floor":41,"key":"RECALL"},{"data":"1","floor":47,"key":"LIFT"},{"data":"2","floor":49,"key":"LIFT"},{"data":"3","floor":52,"key":"LIFT"}],"neow_cost":"TEN_PERCENT_HP_LOSS","seed_source_timestamp":1314798136490625,"circlet_count":0,"master_deck":["AscendersBane","Strike_R+1","Strike_R+1","Defend_R+1","Defend_R+1","Defend_R+1","Defend_R+1","Bash+1","Feed+1","Feel No Pain+1","Headbutt","Carnage+1","Shrug It Off","Headbutt","Clothesline","Spot Weakness+1","Pummel","Double Tap+1","Dual Wield+1","Feed+1","Corruption+1","Juggernaut+1","Flame Barrier+1","Shockwave+1","Inflame+1","Reaper","Shrug It Off+1","Burning Pact+1","Shrug It Off+1","Shrug It Off+1"],"special_seed":0,"relics":["Burning Blood","Ancient Tea Set","Boot","Paper Frog","Toxic Egg 2","Velvet Choker","Question Card","Vajra","Lizard Tail","Meat on the Bone","Girya","Strawberry","Gambling Chip","Mummified Hand","Lantern","Art of War"],"potions_floor_usage":[22,31,37,55,55],"damage_taken":[{"damage":6.0,"enemies":"Cultist","floor":1.0,"turns":4.0},{"damage":6.0,"enemies":"2 Louse","floor":2.0,"turns":2.0},{"damage":14.0,"enemies":"Jaw Worm","floor":4.0,"turns":4.0},{"damage":8.0,"enemies":"3 Louse","floor":5.0,"turns":5.0},{"damage":27.0,"enemies":"Lagavulin","floor":7.0,"turns":5.0},{"damage":10.0,"enemies":"Gremlin Gang","floor":12.0,"turns":4.0},{"damage":9.0,"enemies":"Exordium Thugs","floor":13.0,"turns":6.0},{"damage":28.0,"enemies":"Gremlin Nob","floor":14.0,"turns":4.0},{"damage":22.0,"enemies":"Hexaghost","floor":16.0,"turns":10.0},{"damage":17.0,"enemies":"2 Thieves","floor":18.0,"turns":3.0},{"damage":12,"enemies":"3 Byrds","floor":21,"turns":6},{"damage":0,"enemies":"Snake Plant","floor":22,"turns":2},{"damage":30,"enemies":"Slavers","floor":24,"turns":4},{"damage":13,"enemies":"Shelled Parasite and Fungi","floor":25,"turns":4},{"damage":8,"enemies":"Centurion and Healer","floor":28,"turns":9},{"damage":16,"enemies":"Snake Plant","floor":31,"turns":4},{"damage":24,"enemies":"Automaton","floor":33,"turns":8},{"damage":25,"enemies":"Orb Walker","floor":35,"turns":4},{"damage":6,"enemies":"3 Shapes","floor":37,"turns":4},{"damage":48,"enemies":"3 Darklings","floor":38,"turns":5},{"damage":16,"enemies":"Giant Head","floor":40,"turns":7},{"damage":8,"enemies":"Maw","floor":44,"turns":5},{"damage":11,"enemies":"Spire Growth","floor":46,"turns":4},{"damage":56,"enemies":"Reptomancer","floor":48,"turns":6},{"damage":78,"enemies":"Donu and Deca","floor":50,"turns":8},{"damage":14,"enemies":"Shield and Spear","floor":54,"turns":4},{"damage":123,"enemies":"The Heart","floor":55,"turns":9}],"seed_played":"-1820722583824654514","potions_obtained":[{"floor":1.0,"key":"LiquidBronze"},{"floor":4.0,"key":"Strength Potion"},{"floor":12.0,"key":"BloodPotion"},{"floor":21,"key":"AttackPotion"},{"floor":25,"key":"FearPotion"},{"floor":33,"key":"Swift Potion"},{"floor":37,"key":"Ancient Potion"}],"is_trial":false,"path_per_floor":["M","M","T","M","M","R","E","R","T","?","R","M","M","E","R","B",null,"M","?","?","M","M","R","E","M","T","R","M","R","$","M","R","B",null,"M","?","M","M","?","E","R","$","T","M","?","M","R","E","R","B",null,"R","$","E","B",null],"character_chosen":"IRONCLAD","items_purchased":["Flame Barrier+1","Shockwave+1","Vajra","Girya","Shrug It Off+1","Mummified Hand","Lantern","PowerPotion"],"campfire_rested":0,"item_purchase_floors":[30,30,30,42,53,53,53,53],"current_hp_per_floor":[68,71,71,66,67,67,50,50,50,50,50,50,51,33,33,21,78,71,71,71,69,79,79,63,64,64,64,70,70,70,97,97,83,127,137,137,141,103,103,115,115,115,122,139,139,134,134,100,100,104,158,158,158,154,79],"gold":305,"neow_bonus":"THREE_RARE_CARDS","is_prod":false,"is_daily":false,"chose_seed":false,"campfire_upgraded":8,"win_rate":0,"timestamp":1561786259,"path_taken":["M","M","?","?","M","R","E","R","T","?","R","?","M","E","R","BOSS","M","?","?","M","M","R","E","M","T","R","?","R","$","M","R","BOSS","M","?","M","M","?","E","R","$","T","M","?","?","R","E","R","BOSS","R","$","E","BOSS"],"build_version":"2019-06-28","purchased_purges":3,"victory":true,"max_hp_per_floor":[68,71,71,74,77,77,81,81,81,81,81,85,89,93,93,97,97,101,101,101,105,109,109,117,125,125,125,133,133,133,137,137,141,141,145,145,149,153,153,157,157,157,164,168,168,168,168,172,172,176,176,176,176,180,184],"card_choices":[{"not_picked":["Fiend Fire","Double Tap"],"picked":"Feed","floor":0.0},{"not_picked":["Clothesline","Wild Strike"],"picked":"Feel No Pain","floor":1.0},{"not_picked":["Wild Strike","Rage"],"picked":"Headbutt","floor":2.0},{"not_picked":["Perfected Strike","Bloodletting"],"picked":"Carnage","floor":4.0},{"not_picked":["Wild Strike","Pummel"],"picked":"Shrug It Off","floor":5.0},{"not_picked":["Body Slam","Sword Boomerang"],"picked":"Headbutt","floor":7.0},{"not_picked":["Body Slam","Blood for Blood"],"picked":"Clothesline","floor":12.0},{"not_picked":["Pommel Strike","Fiend Fire"],"picked":"Spot Weakness","floor":13.0},{"not_picked":["Blood for Blood","Feel No Pain"],"picked":"Pummel","floor":14.0},{"not_picked":["Fiend Fire","Feed"],"picked":"Double Tap+1","floor":16.0},{"not_picked":["Clash","Uppercut"],"picked":"Dual Wield+1","floor":18.0},{"not_picked":["Clash","Combust"],"picked":"Corruption","floor":21},{"not_picked":["Wild Strike","Searing Blow","Hemokinesis"],"picked":"SKIP","floor":22},{"not_picked":["Clash+1","Rampage","Blood for Blood"],"picked":"SKIP","floor":24},{"not_picked":["Sever Soul","Heavy Blade","Thunderclap"],"picked":"Juggernaut","floor":25},{"not_picked":["Second Wind+1","Body Slam","Headbutt","Entrench+1"],"picked":"SKIP","floor":28},{"not_picked":["Sever Soul","Pommel Strike","Fire Breathing"],"picked":"Inflame","floor":31},{"not_picked":["Barricade","Dark Embrace","Immolate"],"picked":"Reaper","floor":33},{"not_picked":["Infernal Blade+1","Thunderclap","Cleave","Corruption+1"],"picked":"SKIP","floor":35},{"not_picked":["Entrench+1","Headbutt+1","Havoc+1","Flex+1"],"picked":"SKIP","floor":37},{"not_picked":["Blood for Blood","Combust","Warcry+1","Dual Wield+1"],"picked":"SKIP","floor":38},{"not_picked":["Evolve","Headbutt","Armaments+1","Rampage+1"],"picked":"SKIP","floor":40},{"not_picked":["Corruption","Flex+1","Armaments+1","Entrench+1"],"picked":"SKIP","floor":44},{"not_picked":["Twin Strike","Sentinel+1","Rage+1"],"picked":"Shrug It Off+1","floor":46},{"not_picked":["Iron Wave","True Grit+1","Armaments+1"],"picked":"Burning Pact+1","floor":48},{"not_picked":["Feed","Perfected Strike+1","Twin Strike"],"picked":"Shrug It Off+1","floor":54}],"player_experience":2577090,"relics_obtained":[{"floor":3.0,"key":"Ancient Tea Set"},{"floor":7.0,"key":"Boot"},{"floor":9.0,"key":"Paper Frog"},{"floor":14.0,"key":"Toxic Egg 2"},{"floor":24,"key":"Question Card"},{"floor":40,"key":"Meat on the Bone"},{"floor":43,"key":"Strawberry"},{"floor":48,"key":"Gambling Chip"},{"floor":54,"key":"Art of War"}],"event_choices":[{"cards_removed":["Strike_R"],"damage_healed":0.0,"max_hp_gain":0.0,"max_hp_loss":0.0,"gold_gain":0.0,"event_name":"Purifier","player_choice":"Purged","floor":10.0,"gold_loss":0.0,"damage_taken":0.0},{"damage_healed":0.0,"max_hp_gain":0.0,"max_hp_loss":0.0,"gold_gain":0.0,"event_name":"Back to Basics","player_choice":"Simplicity","floor":19.0,"gold_loss":0.0,"damage_taken":0.0,"cards_upgraded":["Strike_R","Strike_R","Strike_R","Strike_R","Defend_R","Defend_R","Defend_R","Defend_R"]},{"damage_healed":0.0,"max_hp_gain":0.0,"max_hp_loss":0.0,"gold_gain":0.0,"event_name":"Duplicator","player_choice":"Copied","floor":20.0,"gold_loss":0.0,"damage_taken":0.0,"cards_obtained":["Feed"]},{"damage_healed":0,"gold_gain":999,"player_choice":"Gold","damage_taken":0,"max_hp_gain":0,"max_hp_loss":0,"event_name":"MindBloom","floor":36,"gold_loss":0,"cards_obtained":["Normality","Normality"]},{"cards_removed":["Strike_R"],"damage_healed":0,"gold_gain":0,"player_choice":"Removed Attack","damage_taken":0,"max_hp_gain":0,"max_hp_loss":0,"event_name":"Falling","floor":39,"gold_loss":0},{"damage_healed":0,"gold_gain":0,"player_choice":"Ignored","damage_taken":0,"max_hp_gain":0,"max_hp_loss":0,"event_name":"Tomb of Lord Red Mask","floor":45,"gold_loss":0}],"is_beta":true,"boss_relics":[{"not_picked":["Philosopher\u0027s Stone","Runic Cube"],"picked":"Velvet Choker"},{"not_picked":["White Beast Statue","Runic Dome"],"picked":"Lizard Tail"}],"items_purged_floors":[30,42,53],"is_endless":false,"potions_floor_spawned":[1,4,12,14,21,25,33,37,38,40,48,54],"ascension_level":15}