{"gold_per_floor":[117,134,147,158,158,158,158,173,173,206,206,221,237,34,34,129,129,146,96,115,129,54,54,67,67,90,101,101,133,133,232,232,335,335,351,351,361,361,361],"floor_reached":39,"playtime":2425,"items_purged":["Thunder Strike"],"score":423,"play_id":"b5d95e84-b4c1-4ce5-a07e-6a9ff6ab883c","local_time":"20190818131732","is_ascension_mode":true,"campfire_choices":[{"data":"Rainbow","floor":6,"key":"SMITH"},{"floor":11,"key":"REST"},{"floor":15,"key":"REST"},{"data":"Redo","floor":23,"key":"SMITH"},{"floor":25,"key":"REST"},{"floor":28,"key":"REST"},{"data":"Creative AI","floor":30,"key":"SMITH"},{"floor":32,"key":"REST"}],"neow_cost":"NONE","seed_source_timestamp":260246629314400,"circlet_count":0,"master_deck":["Zap","Dualcast","Rebound","Rainbow+1","Creative AI+1","Auto Shields","Seek","Turbo","Coolheaded","Hologram","Lockon+1","Loop","Rebound","Redo","Multi-Cast","Static Discharge","Compile Driver","Electrodynamics","Go for the Eyes+1","Redo+1","Conserve Battery+1","White Noise","Tempest","Self Repair","Leap","Amplify","Reinforced Body+1","Apotheosis","Leap","Madness","Madness"],"relics":["Pandora\u0027s Box","WingedGreaves","Mummified Hand","Matryoshka","MealTicket","Black Star","Darkstone Periapt","Du-Vu Doll","Dream Catcher","Coffee Dripper"],"potions_floor_usage":[12,12,12,12,16,29,29,29,39,39],"damage_taken":[{"damage":0,"enemies":"2 Louse","floor":1,"turns":2},{"damage":0,"enemies":"Jaw Worm","floor":2,"turns":4},{"damage":0,"enemies":"Cultist","floor":3,"turns":4},{"damage":29,"enemies":"Lots of Slimes","floor":4,"turns":5},{"damage":2,"enemies":"Large Slime","floor":8,"turns":5},{"damage":13,"enemies":"Gremlin Nob","floor":10,"turns":5},{"damage":8,"enemies":"Gremlin Gang","floor":12,"turns":4},{"damage":12,"enemies":"Blue Slaver","floor":13,"turns":4},{"damage":32,"enemies":"The Guardian","floor":16,"turns":8},{"damage":8,"enemies":"Chosen","floor":18,"turns":4},{"damage":27,"enemies":"Shell Parasite","floor":20,"turns":7},{"damage":24,"enemies":"Cultist and Chosen","floor":21,"turns":4},{"damage":24,"enemies":"Snake Plant","floor":24,"turns":4},{"damage":11,"enemies":"Centurion and Healer","floor":27,"turns":5},{"damage":27,"enemies":"Gremlin Leader","floor":29,"turns":5},{"damage":34,"enemies":"Champ","floor":33,"turns":9},{"damage":48,"enemies":"3 Darklings","floor":35,"turns":4},{"damage":0,"enemies":"3 Shapes","floor":37,"turns":4},{"damage":43,"enemies":"Maw","floor":39,"turns":4}],"seed_played":"-5046220550508245066","potions_obtained":[{"floor":3,"key":"SkillPotion"},{"floor":10,"key":"EntropicBrew"},{"floor":12,"key":"FocusPotion"},{"floor":13,"key":"Fire Potion"},{"floor":20,"key":"FocusPotion"},{"floor":33,"key":"Dexterity Potion"},{"floor":35,"key":"Regen Potion"}],"is_trial":false,"path_per_floor":["M","M","M","M","?","R","?","M","T","E","R","M","M","$","R","B",null,"M","?","M","M","$","R","M","R","T","M","R","E","R","?","R","B",null,"M","?","M","?","M"],"character_chosen":"DEFECT","items_purchased":["MealTicket"],"campfire_rested":5,"item_purchase_floors":[14],"current_hp_per_floor":[75,75,75,46,28,28,28,26,26,13,35,27,15,15,37,5,75,67,67,40,16,31,31,7,29,29,18,40,13,13,13,35,8,75,34,34,34,25,0],"gold":361,"neow_bonus":"BOSS_RELIC","is_prod":false,"is_daily":false,"chose_seed":false,"campfire_upgraded":3,"win_rate":0,"timestamp":1566127052,"path_taken":["M","M","M","M","?","R","?","?","T","E","R","M","M","?","R","BOSS","M","?","M","M","$","R","?","R","T","M","R","E","R","?","R","BOSS","M","?","M","?","?"],"build_version":"2019-07-17","purchased_purges":1,"victory":false,"max_hp_per_floor":[75,75,75,75,75,75,75,75,75,75,75,75,75,75,75,75,75,75,75,75,75,75,75,75,75,75,75,75,75,75,75,75,75,75,75,75,75,75,75],"card_choices":[{"not_picked":["Sunder","Undo"],"picked":"Hologram","floor":1},{"not_picked":["Doom and Gloom","Sweeping Beam"],"picked":"Lockon","floor":2},{"not_picked":["Double Energy","Darkness"],"picked":"Loop","floor":3},{"not_picked":["Machine Learning","Sunder"],"picked":"Rebound","floor":4},{"not_picked":["Leap","Skim"],"picked":"Redo","floor":8},{"not_picked":["Reinforced Body","Stack"],"picked":"Multi-Cast","floor":10},{"not_picked":["Barrage","Steam Power"],"picked":"Static Discharge","floor":12},{"not_picked":["Hologram","Barrage"],"picked":"Compile Driver","floor":13},{"not_picked":["All For One","Buffer"],"picked":"Electrodynamics","floor":16},{"not_picked":["Undo","Conserve Battery"],"picked":"Go for the Eyes+1","floor":18},{"not_picked":["Hologram","Beam Cell+1"],"picked":"Redo","floor":20},{"not_picked":["Undo","Streamline"],"picked":"Conserve Battery+1","floor":21},{"not_picked":["Skim","Core Surge"],"picked":"White Noise","floor":24},{"not_picked":["Compile Driver","Beam Cell"],"picked":"Tempest","floor":27},{"not_picked":["Reinforced Body","Hyperbeam"],"picked":"Self Repair","floor":29},{"not_picked":["Beam Cell","Turbo+1"],"picked":"Leap","floor":32},{"not_picked":["Hyperbeam","Rainbow"],"picked":"Amplify","floor":33},{"not_picked":["Go for the Eyes","Chill"],"picked":"Reinforced Body+1","floor":35},{"not_picked":["Trip","Madness"],"picked":"Apotheosis","floor":36},{"not_picked":["Cold Snap+1","Sweeping Beam+1"],"picked":"Leap","floor":37}],"player_experience":124039,"relics_obtained":[{"floor":9,"key":"Mummified Hand"},{"floor":10,"key":"Matryoshka"},{"floor":26,"key":"Darkstone Periapt"},{"floor":29,"key":"Du-Vu Doll"},{"floor":29,"key":"Dream Catcher"}],"event_choices":[{"damage_healed":0,"gold_gain":0,"player_choice":"Success","damage_taken":18,"relics_obtained":["WingedGreaves"],"max_hp_gain":0,"max_hp_loss":0,"event_name":"Scrap Ooze","floor":5,"gold_loss":0},{"damage_healed":0,"gold_gain":0,"player_choice":"Upgraded","damage_taken":0,"max_hp_gain":0,"max_hp_loss":0,"event_name":"Upgrade Shrine","floor":7,"gold_loss":0,"cards_upgraded":["Lockon"]},{"damage_healed":0,"gold_gain":0,"player_choice":"Bet on Murderer","damage_taken":0,"max_hp_gain":0,"max_hp_loss":0,"event_name":"The Joust","floor":19,"gold_loss":50},{"damage_healed":0,"gold_gain":99,"player_choice":"Stole From Cult","damage_taken":0,"max_hp_gain":0,"max_hp_loss":0,"event_name":"Nest","floor":31,"gold_loss":0},{"damage_healed":0,"gold_gain":0,"player_choice":"Memory 1","damage_taken":0,"max_hp_gain":0,"max_hp_loss":0,"event_name":"SensoryStone","floor":36,"gold_loss":0},{"damage_healed":0,"gold_gain":0,"player_choice":"Embrace Madness","damage_taken":9,"max_hp_gain":0,"max_hp_loss":0,"event_name":"Winding Halls","floor":38,"gold_loss":0,"cards_obtained":["Madness","Madness"]}],"is_beta":false,"boss_relics":[{"not_picked":["Busted Crown","Velvet Choker"],"picked":"Black Star"},{"not_picked":["Empty Cage","Astrolabe"],"picked":"Coffee Dripper"}],"items_purged_floors":[22],"is_endless":false,"potions_floor_spawned":[3,10,12,13,20,24,33,35],"killed_by":"Maw","ascension_level":1}