{"gold_per_floor":[17,36,36,55,55,81,81,116,116,116,143,218,237,255,255,332,332,344,355,355,164,180,180,206,206,255,281,299,276,276,305,305,382,382,400,415,415,315,327,327,46,46,46,65,99,112,145,145,145,145,145,145,2,28,28],"floor_reached":55,"playtime":2437,"items_purged":["Strike_R","Strike_R","Strike_R"],"score":1805,"play_id":"dc3479db-9934-4eb6-80ea-80322d0fc038","local_time":"20190715215621","is_ascension_mode":true,"campfire_choices":[{"data":"Carnage","floor":7.0,"key":"SMITH"},{"data":"Whirlwind","floor":10.0,"key":"SMITH"},{"data":"Armaments","floor":15.0,"key":"SMITH"},{"data":"Fiend Fire","floor":23,"key":"SMITH"},{"data":"Corruption","floor":25,"key":"SMITH"},{"data":"Spot Weakness","floor":32,"key":"SMITH"},{"floor":40,"key":"RECALL"},{"data":"Feel No Pain","floor":42,"key":"SMITH"},{"data":"Anger","floor":49,"key":"SMITH"},{"data":"Impervious","floor":52,"key":"SMITH"}],"neow_cost":"NO_GOLD","seed_source_timestamp":444057963834312,"circlet_count":0,"master_deck":["AscendersBane","Strike_R+1","Strike_R","Defend_R","Defend_R","Defend_R","Defend_R","Bash+1","Carnage+1","Whirlwind+1","Feel No Pain+1","Reaper","Metallicize","Armaments+1","True Grit","Fiend Fire+1","Impervious+1","Battle Trance+1","Corruption+1","Headbutt","Anger+1","Ghostly","Ghostly","Ghostly","Spot Weakness+1","Feed","Shrug It Off+1","Intimidate+1","Offering+1"],"special_seed":0,"relics":["Burning Blood","FossilizedHelix","hubris:ChampionShield","Gremlin Horn","hubris:ToyBattleship","Pocketwatch","Oddly Smooth Stone","Black Star","hubris:BottledHeart","Centennial Puzzle","Pen Nib","Ancient Tea Set","Unceasing Top","Whetstone","Bag of Preparation","hubris:SlimyHat","hubris:ScarierMask","hubris:Icosahedron","PreservedInsect","hubris:Metronome","hubris:TenFootPole","Smiling Mask","War Paint","Paper Frog","Vajra","Lantern","Art of War"],"potions_floor_usage":[27,31,55],"damage_taken":[{"damage":0.0,"enemies":"Small Slimes","floor":1.0,"turns":3.0},{"damage":2.0,"enemies":"Jaw Worm","floor":2.0,"turns":3.0},{"damage":0.0,"enemies":"2 Louse","floor":4.0,"turns":2.0},{"damage":36.0,"enemies":"Lagavulin","floor":6.0,"turns":8.0},{"damage":10.0,"enemies":"Gremlin Nob","floor":8.0,"turns":4.0},{"damage":15.0,"enemies":"Lagavulin","floor":11.0,"turns":5.0},{"damage":0.0,"enemies":"Exordium Wildlife","floor":13.0,"turns":3.0},{"damage":0.0,"enemies":"Gremlin Gang","floor":14.0,"turns":1.0},{"damage":14.0,"enemies":"Hexaghost","floor":16.0,"turns":9.0},{"damage":16.0,"enemies":"2 Thieves","floor":18.0,"turns":3.0},{"damage":0.0,"enemies":"Chosen","floor":19.0,"turns":4.0},{"damage":0,"enemies":"Snake Plant","floor":22,"turns":4},{"damage":0,"enemies":"Gremlin Leader","floor":24,"turns":9},{"damage":0,"enemies":"Book of Stabbing","floor":27,"turns":6},{"damage":0,"enemies":"Centurion and Healer","floor":28,"turns":6},{"damage":0,"enemies":"Slavers","floor":31,"turns":6},{"damage":0,"enemies":"Champ","floor":33,"turns":10},{"damage":0,"enemies":"3 Darklings","floor":35,"turns":5},{"damage":0,"enemies":"Orb Walker","floor":36,"turns":5},{"damage":0,"enemies":"Transient","floor":39,"turns":5},{"damage":0,"enemies":"Sphere and 2 Shapes","floor":44,"turns":3},{"damage":0,"enemies":"Nemesis","floor":45,"turns":7},{"damage":0,"enemies":"3 Darklings","floor":46,"turns":8},{"damage":0,"enemies":"Giant Head","floor":47,"turns":7},{"damage":0,"enemies":"Donu and Deca","floor":50,"turns":8},{"damage":0,"enemies":"Shield and Spear","floor":54,"turns":2},{"damage":2,"enemies":"The Heart","floor":55,"turns":9}],"seed_played":"-6939815344563022243","potions_obtained":[{"floor":1.0,"key":"Fire Potion"},{"floor":6.0,"key":"EssenceOfSteel"},{"floor":8.0,"key":"AttackPotion"},{"floor":18.0,"key":"Regen Potion"},{"floor":27,"key":"Block Potion"},{"floor":31,"key":"Regen Potion"},{"floor":33,"key":"SpeedPotion"},{"floor":36,"key":"Strength Potion"}],"is_trial":false,"path_per_floor":["M","M","?","M","T","E","R","E","T","R","E","?","M","M","R","B",null,"M","M","?","$","M","R","E","R","T","E","M","$","?","E","R","B",null,"M","M","?","$","M","R","$","R","T","M","E","M","E","?","R","B",null,"R","$","E","B"],"character_chosen":"IRONCLAD","items_purchased":["Strength Potion","Corruption","Anger","PreservedInsect","Vajra"],"campfire_rested":0,"item_purchase_floors":[21,21,29,41,53],"current_hp_per_floor":[74,75,70,75,75,45,45,41,41,41,32,21,27,33,33,30,64,54,60,1,1,1,1,1,1,1,1,1,1,1,1,1,1,1,1,1,1,1,1,1,1,1,1,1,1,1,1,1,1,1,1,1,1,1,0],"gold":28,"neow_bonus":"ONE_RARE_RELIC","is_prod":false,"is_daily":false,"chose_seed":false,"campfire_upgraded":9,"win_rate":0,"timestamp":1563242181,"path_taken":["M","M","?","M","?","E","R","E","T","R","E","?","?","M","R","BOSS","M","?","?","$","M","R","E","R","T","E","M","$","?","E","R","BOSS","M","M","?","$","?","R","$","R","T","M","E","M","E","?","R","BOSS","R","$","E","BOSS"],"build_version":"2019-07-05","purchased_purges":3,"victory":false,"max_hp_per_floor":[75,75,75,75,75,75,75,75,75,75,75,75,75,75,75,75,75,75,75,1,1,1,1,1,1,1,1,1,1,1,1,1,1,1,1,1,1,1,1,1,1,1,1,1,1,1,1,1,1,1,1,1,1,1,1],"card_choices":[{"not_picked":["Rampage","Flex"],"picked":"Carnage","floor":1.0},{"not_picked":["Shrug It Off","Perfected Strike"],"picked":"Whirlwind","floor":2.0},{"not_picked":["Clothesline","Armaments"],"picked":"Feel No Pain","floor":4.0},{"not_picked":["Searing Blow","Bloodletting"],"picked":"Reaper","floor":6.0},{"not_picked":["Seeing Red","True Grit"],"picked":"Metallicize","floor":8.0},{"not_picked":["hubris:ReadiedAction","Reckless Charge"],"picked":"Armaments","floor":11.0},{"not_picked":["Body Slam","Cleave"],"picked":"True Grit","floor":13.0},{"not_picked":["hubris:ReadiedAction","Twin Strike"],"picked":"Fiend Fire","floor":14.0},{"not_picked":["Berserk","hubris:StunningStrike"],"picked":"Impervious","floor":16.0},{"not_picked":["Bloodletting","Flex","Hemokinesis"],"picked":"SKIP","floor":18.0},{"not_picked":["Reckless Charge","hubris:CleavingFinish"],"picked":"Battle Trance+1","floor":19.0},{"not_picked":["Rage","Anger","Clash+1"],"picked":"SKIP","floor":22},{"not_picked":["Warcry","Anger"],"picked":"Headbutt","floor":24},{"not_picked":["Perfected Strike","Pommel Strike","Sword Boomerang"],"picked":"SKIP","floor":27},{"not_picked":["hubris:ReadiedAction","Wild Strike","Body Slam"],"picked":"SKIP","floor":28},{"not_picked":["Twin Strike","hubris:SharpeningStone"],"picked":"Spot Weakness","floor":31},{"not_picked":["Brutality","Dark Embrace"],"picked":"Feed","floor":33},{"not_picked":["Thunderclap","Heavy Blade","Perfected Strike"],"picked":"SKIP","floor":35},{"not_picked":["Bloodletting","Armaments","Pommel Strike"],"picked":"SKIP","floor":36},{"not_picked":["Twin Strike","Intimidate"],"picked":"Shrug It Off","floor":39},{"not_picked":["Blood for Blood","True Grit","Anger+1"],"picked":"SKIP","floor":44},{"not_picked":["Whirlwind","Evolve"],"picked":"Intimidate+1","floor":45},{"not_picked":["Wild Strike","Perfected Strike"],"picked":"Offering","floor":46},{"not_picked":["Armaments","hubris:ReadiedAction","Second Wind"],"picked":"SKIP","floor":47},{"not_picked":["Thunderclap","Fire Breathing","Shrug It Off"],"picked":"SKIP","floor":54}],"player_experience":2582271,"relics_obtained":[{"floor":5.0,"key":"Gremlin Horn"},{"floor":6.0,"key":"hubris:ToyBattleship"},{"floor":8.0,"key":"Pocketwatch"},{"floor":11.0,"key":"Oddly Smooth Stone"},{"floor":24,"key":"Centennial Puzzle"},{"floor":24,"key":"Pen Nib"},{"floor":26,"key":"Ancient Tea Set"},{"floor":27,"key":"Unceasing Top"},{"floor":27,"key":"Whetstone"},{"floor":31,"key":"Bag of Preparation"},{"floor":31,"key":"hubris:SlimyHat"},{"floor":43,"key":"hubris:Metronome"},{"floor":45,"key":"hubris:TenFootPole"},{"floor":45,"key":"Smiling Mask"},{"floor":47,"key":"War Paint"},{"floor":47,"key":"Paper Frog"},{"floor":54,"key":"Lantern"},{"floor":54,"key":"Art of War"}],"event_choices":[{"damage_healed":0.0,"max_hp_gain":0.0,"max_hp_loss":0.0,"gold_gain":0.0,"event_name":"Scrap Ooze","player_choice":"Success","floor":3.0,"gold_loss":0.0,"damage_taken":5.0,"relics_obtained":["hubris:ChampionShield"]},{"damage_healed":0.0,"max_hp_gain":0.0,"max_hp_loss":0.0,"gold_gain":75.0,"event_name":"World of Goop","player_choice":"Gather Gold","floor":12.0,"gold_loss":0.0,"damage_taken":11.0},{"damage_healed":0,"gold_gain":0,"player_choice":"Became a Ghost","damage_taken":0,"max_hp_gain":0,"max_hp_loss":0,"event_name":"Ghosts","floor":30,"gold_loss":0,"cards_obtained":["Ghostly","Ghostly","Ghostly"]},{"damage_healed":0,"gold_gain":0,"player_choice":"Ignored","damage_taken":0,"max_hp_gain":0,"max_hp_loss":0,"event_name":"Tomb of Lord Red Mask","floor":48,"gold_loss":0}],"is_beta":false,"boss_relics":[{"not_picked":["Runic Cube","Runic Dome"],"picked":"Black Star"},{"not_picked":["Snecko Eye","hubris:RunicObelisk"],"picked":"hubris:ScarierMask"}],"items_purged_floors":[21,38,41],"is_endless":false,"potions_floor_spawned":[1,6,8,13,18,27,28,31,33,36,44,45,47],"killed_by":"The Heart","ascension_level":15}