{"gold_per_floor":[117,129,139,15,15,54,229,229,253,273,312,9,9,50,50,169,169,138,158,33,64,64,64,95,10,10,10,48,13,29,29,29,29],"floor_reached":33,"playtime":3169,"items_purged":["Strike_R","Doubt","Strike_R"],"score":314,"play_id":"6f838a42-9709-49b6-9cab-3681059c1494","local_time":"20190824003405","is_ascension_mode":true,"campfire_choices":[{"floor":8,"key":"REST"},{"data":"Iron Wave","floor":15,"key":"SMITH"},{"floor":23,"key":"REST"},{"floor":27,"key":"REST"},{"floor":32,"key":"REST"}],"neow_cost":"NONE","seed_source_timestamp":504473343881300,"circlet_count":0,"master_deck":["Strike_R","Strike_R","Strike_R","Defend_R","Defend_R","Defend_R","Defend_R","Bash","Impatience","Armaments+1","Power Through","Shrug It Off+1","Iron Wave+1","Cleave","Thunderclap","Shrug It Off","Flame Barrier","Double Tap","Perfected Strike","Flex+1","Cleave+1","Pommel Strike","Flex+1","Metallicize","Twin Strike+1"],"relics":["Burning Blood","Golden Idol","War Paint","Strawberry","Question Card","PreservedInsect","Ornamental Fan","Bottled Flame","White Beast Statue","Red Mask","Calipers","Toxic Egg 2","Pantograph","Bottled Lightning","Letter Opener"],"potions_floor_usage":[6,14,16,16,19,21,24,30,30,30,33],"damage_taken":[{"damage":1,"enemies":"2 Louse","floor":1,"turns":2},{"damage":7,"enemies":"Small Slimes","floor":2,"turns":4},{"damage":0,"enemies":"Jaw Worm","floor":3,"turns":4},{"damage":18,"enemies":"Gremlin Nob","floor":6,"turns":5},{"damage":2,"enemies":"Blue Slaver","floor":10,"turns":7},{"damage":10,"enemies":"3 Sentries","floor":11,"turns":10},{"damage":12,"enemies":"Lagavulin","floor":14,"turns":8},{"damage":45,"enemies":"The Guardian","floor":16,"turns":12},{"damage":10,"enemies":"2 Thieves","floor":18,"turns":5},{"damage":13,"enemies":"Shell Parasite","floor":19,"turns":21},{"damage":48,"enemies":"Masked Bandits","floor":21,"turns":6},{"damage":7,"enemies":"Gremlin Leader","floor":24,"turns":7},{"damage":52,"enemies":"Slavers","floor":28,"turns":7},{"damage":34,"enemies":"3 Cultists","floor":30,"turns":7},{"damage":78,"enemies":"Champ","floor":33,"turns":14}],"seed_played":"4958677946664560974","potions_obtained":[{"floor":3,"key":"FearPotion"},{"floor":10,"key":"FearPotion"},{"floor":11,"key":"Swift Potion"},{"floor":14,"key":"PowerPotion"},{"floor":16,"key":"GamblersBrew"},{"floor":18,"key":"Strength Potion"},{"floor":19,"key":"GamblersBrew"},{"floor":21,"key":"SteroidPotion"},{"floor":24,"key":"Strength Potion"},{"floor":28,"key":"Fruit Juice"},{"floor":30,"key":"GamblersBrew"}],"is_trial":false,"path_per_floor":["M","M","M","$","?","E","?","R","T","M","E","$","T","E","R","B",null,"M","M","$","?","T","R","E","?","T","R","E","$","M","$","R","B"],"character_chosen":"IRONCLAD","items_purchased":["Shrug It Off","PreservedInsect","Shrug It Off","Metallicize"],"campfire_rested":4,"item_purchase_floors":[4,12,12,29],"current_hp_per_floor":[80,79,80,80,60,48,48,72,79,83,79,79,79,73,73,34,87,83,76,76,34,34,60,59,59,59,85,39,39,16,16,43,0],"gold":29,"neow_bonus":"RANDOM_COLORLESS","is_prod":false,"is_daily":false,"chose_seed":false,"campfire_upgraded":1,"win_rate":0,"timestamp":1566603245,"path_taken":["M","M","M","$","?","E","?","R","T","M","E","?","?","E","R","BOSS","M","?","$","?","?","R","E","?","T","R","E","?","M","$","R","BOSS"],"build_version":"2019-07-17","purchased_purges":3,"victory":false,"max_hp_per_floor":[80,80,80,80,80,80,80,80,87,87,87,87,87,87,87,87,87,87,87,87,87,87,87,87,87,87,87,87,87,92,92,92,92],"card_choices":[{"not_picked":["Thunderclap","Rampage"],"picked":"Armaments","floor":1},{"not_picked":["Body Slam","Second Wind","Clothesline"],"picked":"SKIP","floor":2},{"not_picked":["Searing Blow","Twin Strike"],"picked":"Power Through","floor":3},{"not_picked":["Spot Weakness","Hemokinesis"],"picked":"Iron Wave","floor":6},{"not_picked":["Pommel Strike","Ghostly Armor"],"picked":"Cleave","floor":10},{"not_picked":["Carnage","Spot Weakness"],"picked":"Thunderclap","floor":11},{"not_picked":["Twin Strike","Searing Blow","Evolve"],"picked":"Flame Barrier","floor":14},{"not_picked":["Offering","Barricade","Berserk"],"picked":"Double Tap","floor":16},{"not_picked":["Shrug It Off","Clash","Rage"],"picked":"Perfected Strike","floor":18},{"not_picked":["Iron Wave+1","Headbutt","Wild Strike"],"picked":"Flex+1","floor":19},{"not_picked":["Shrug It Off+1","Combust","Sentinel"],"picked":"Cleave+1","floor":21},{"not_picked":["Feel No Pain","Clothesline","Uppercut"],"picked":"Pommel Strike","floor":24},{"not_picked":["Iron Wave","Thunderclap+1","Reckless Charge"],"picked":"Flex+1","floor":28},{"not_picked":["True Grit+1","Fire Breathing","Dual Wield+1"],"picked":"Twin Strike+1","floor":30}],"player_experience":54948,"relics_obtained":[{"floor":6,"key":"War Paint"},{"floor":9,"key":"Strawberry"},{"floor":11,"key":"Question Card"},{"floor":13,"key":"Ornamental Fan"},{"floor":14,"key":"Bottled Flame"},{"floor":21,"key":"Red Mask"},{"floor":22,"key":"Calipers"},{"floor":24,"key":"Toxic Egg 2"},{"floor":26,"key":"Bottled Lightning"},{"floor":28,"key":"Letter Opener"}],"event_choices":[{"damage_healed":0,"gold_gain":0,"player_choice":"Take Damage","damage_taken":20,"relics_obtained":["Golden Idol"],"max_hp_gain":0,"max_hp_loss":0,"event_name":"Golden Idol","floor":5,"gold_loss":0},{"damage_healed":0,"gold_gain":175,"player_choice":"AGREE","damage_taken":0,"max_hp_gain":0,"max_hp_loss":0,"event_name":"Liars Game","floor":7,"gold_loss":0,"cards_obtained":["Doubt"]},{"damage_healed":0,"gold_gain":0,"player_choice":"Fought Bandits","damage_taken":0,"max_hp_gain":0,"max_hp_loss":0,"event_name":"Masked Bandits","floor":21,"gold_loss":0},{"damage_healed":0,"gold_gain":0,"player_choice":"Obtained Relic","damage_taken":0,"relics_obtained":["Pantograph"],"max_hp_gain":0,"max_hp_loss":0,"event_name":"Addict","floor":25,"gold_loss":85}],"is_beta":false,"boss_relics":[{"not_picked":["Empty Cage","Runic Cube"],"picked":"White Beast Statue"}],"items_purged_floors":[4,12,20],"is_endless":false,"potions_floor_spawned":[3,10,11,14,16,18,19,21,24,28,30],"killed_by":"Champ","ascension_level":1}