{"gold_per_floor":[216,216,230,245,12,46,46,59,59,59,119,134,134,134,134,134],"floor_reached":16,"playtime":1422,"items_purged":[],"score":127,"play_id":"c0e3c518-04fd-4c45-af63-1026281ea849","local_time":"20190630182311","is_ascension_mode":true,"campfire_choices":[{"data":"Flame Barrier","floor":10,"key":"SMITH"},{"floor":13,"key":"REST"},{"floor":15,"key":"REST"}],"neow_cost":"NONE","seed_source_timestamp":776890430663700,"circlet_count":0,"master_deck":["Strike_R","Strike_R","Strike_R","Strike_R","Strike_R","Defend_R","Defend_R","Defend_R","Defend_R","Bash","Rampage","Havoc","Flame Barrier+1","Pummel","Infernal Blade","Wild Strike","Twin Strike","True Grit","Intimidate","Shrug It Off"],"relics":["Burning Blood","Medical Kit","Dream Catcher","Kunai","Darkstone Periapt","Tiny Chest","Smiling Mask"],"potions_floor_usage":[16,16],"damage_taken":[{"damage":15,"enemies":"Small Slimes","floor":1,"turns":4},{"damage":2,"enemies":"Jaw Worm","floor":3,"turns":3},{"damage":1,"enemies":"Cultist","floor":4,"turns":3},{"damage":20,"enemies":"Gremlin Nob","floor":6,"turns":4},{"damage":27,"enemies":"Large Slime","floor":8,"turns":7},{"damage":36,"enemies":"Lagavulin","floor":11,"turns":8},{"damage":16,"enemies":"3 Louse","floor":12,"turns":3},{"damage":47,"enemies":"Slime Boss","floor":16,"turns":13}],"seed_played":"2972639022004780348","potions_obtained":[{"floor":1,"key":"Dexterity Potion"},{"floor":12,"key":"Strength Potion"}],"is_trial":false,"path_per_floor":["M","?","M","M","$","E","T","M","T","R","E","M","R","?","R","B"],"character_chosen":"IRONCLAD","items_purchased":["Medical Kit","Pummel"],"campfire_rested":2,"item_purchase_floors":[5,5],"current_hp_per_floor":[71,76,80,85,85,71,71,50,50,50,20,10,35,17,42,0],"gold":134,"neow_bonus":"HUNDRED_GOLD","is_prod":false,"is_daily":false,"chose_seed":false,"campfire_upgraded":1,"win_rate":0,"timestamp":1561911791,"path_taken":["M","?","M","M","$","E","?","?","T","R","E","M","R","?","R","BOSS"],"build_version":"2019-01-23","purchased_purges":0,"victory":false,"max_hp_per_floor":[80,85,85,85,85,85,85,85,85,85,85,85,85,85,85,85],"card_choices":[{"not_picked":["Perfected Strike","Clash"],"picked":"Rampage","floor":1},{"not_picked":["Clothesline","Flex"],"picked":"Havoc","floor":3},{"not_picked":["Cleave","Sever Soul"],"picked":"Flame Barrier","floor":4},{"not_picked":["Perfected Strike","Hemokinesis"],"picked":"Infernal Blade","floor":6},{"not_picked":["Havoc","Sword Boomerang"],"picked":"Wild Strike","floor":8},{"not_picked":["Clash","Hemokinesis"],"picked":"Twin Strike","floor":11},{"not_picked":["Anger","Wild Strike"],"picked":"True Grit","floor":12},{"not_picked":["Infernal Blade","Body Slam"],"picked":"Intimidate","floor":13},{"not_picked":["Reckless Charge","Feed"],"picked":"Shrug It Off","floor":15}],"player_experience":291931,"relics_obtained":[{"floor":6,"key":"Dream Catcher"},{"floor":7,"key":"Kunai"},{"floor":9,"key":"Darkstone Periapt"},{"floor":11,"key":"Tiny Chest"}],"event_choices":[{"damage_healed":0,"gold_gain":0,"player_choice":"Donut","damage_taken":0,"max_hp_gain":5,"max_hp_loss":0,"event_name":"Big Fish","floor":2,"gold_loss":0},{"damage_healed":0,"gold_gain":0,"player_choice":"Success","damage_taken":18,"relics_obtained":["Smiling Mask"],"max_hp_gain":0,"max_hp_loss":0,"event_name":"Scrap Ooze","floor":14,"gold_loss":0}],"is_beta":false,"boss_relics":[],"items_purged_floors":[],"is_endless":false,"potions_floor_spawned":[1,12],"killed_by":"Slime Boss","ascension_level":3}