{"gold_per_floor":[119,119,131,131,141,174,174,190,190,208,226,301,34,54,54,154,154,167,180,29,49,63,88,88,25,82,82,99,112,112,112],"floor_reached":31,"playtime":1056,"items_purged":["Defend_R","Defend_R","Strike_R"],"score":261,"play_id":"cf5866b1-1577-486b-ac12-4472e259b99b","local_time":"20190823233513","is_ascension_mode":false,"campfire_choices":[{"data":"Perfected Strike","floor":7,"key":"SMITH"},{"data":"Whirlwind","floor":15,"key":"SMITH"},{"floor":24,"key":"REST"}],"neow_cost":"NONE","seed_source_timestamp":595887670996600,"circlet_count":0,"master_deck":["Strike_R","Strike_R+1","Defend_R","Bash+1","Spot Weakness","Twin Strike","Perfected Strike+1","Flame Barrier","Twin Strike","Whirlwind+1","Armaments","Limit Break","Limit Break","Spot Weakness","Heavy Blade","Bloodletting","Bloodletting","Reckless Charge+1","Pommel Strike+1"],"relics":["Burning Blood","Anchor","Dream Catcher","Membership Card","Empty Cage","Lee\u0027s Waffle","Letter Opener","Tiny Chest"],"potions_floor_usage":[2],"damage_taken":[{"damage":7,"enemies":"2 Louse","floor":1,"turns":3},{"damage":1,"enemies":"Cultist","floor":3,"turns":3},{"damage":0,"enemies":"Small Slimes","floor":5,"turns":2},{"damage":24,"enemies":"Gremlin Nob","floor":6,"turns":4},{"damage":0,"enemies":"Looter","floor":8,"turns":2},{"damage":8,"enemies":"Red Slaver","floor":10,"turns":3},{"damage":1,"enemies":"Exordium Wildlife","floor":11,"turns":2},{"damage":2,"enemies":"Blue Slaver","floor":14,"turns":2},{"damage":30,"enemies":"Slime Boss","floor":16,"turns":8},{"damage":43,"enemies":"3 Byrds","floor":18,"turns":5},{"damage":10,"enemies":"Spheric Guardian","floor":19,"turns":3},{"damage":15,"enemies":"Shelled Parasite and Fungi","floor":21,"turns":5},{"damage":16,"enemies":"Centurion and Healer","floor":22,"turns":5},{"damage":56,"enemies":"Book of Stabbing","floor":23,"turns":5},{"damage":10,"enemies":"Snecko","floor":28,"turns":3},{"damage":22,"enemies":"Chosen and Byrds","floor":29,"turns":6},{"damage":31,"enemies":"Centurion and Healer","floor":31,"turns":5}],"seed_played":"2859617082886112959","potions_obtained":[{"floor":1,"key":"PowerPotion"},{"floor":2,"key":"SteroidPotion"},{"floor":2,"key":"Fruit Juice"},{"floor":2,"key":"Strength Potion"}],"is_trial":false,"path_per_floor":["M","?","M","?","M","E","R","M","T","M","M","?","$","M","R","B",null,"M","M","$","M","M","E","R","$","T","?","M","M","?","M"],"character_chosen":"IRONCLAD","items_purchased":["Membership Card","Lee\u0027s Waffle"],"campfire_rested":1,"item_purchase_floors":[13,20],"current_hp_per_floor":[79,84,85,68,74,56,56,62,62,60,65,54,54,58,58,34,85,48,44,92,83,73,23,50,50,50,50,46,30,30,0],"gold":112,"neow_bonus":"TRANSFORM_CARD","is_prod":false,"is_daily":false,"chose_seed":false,"campfire_upgraded":2,"win_rate":0,"timestamp":1566596113,"path_taken":["M","?","?","?","M","E","R","M","T","M","M","?","$","M","R","BOSS","M","M","$","M","M","E","R","$","T","?","?","M","?","M"],"build_version":"2019-07-17","purchased_purges":3,"victory":false,"max_hp_per_floor":[80,85,85,85,85,85,85,85,85,85,85,85,85,85,85,85,85,85,85,92,92,92,92,92,92,92,92,92,92,92,92],"card_choices":[{"not_picked":["Feel No Pain","Headbutt"],"picked":"Twin Strike","floor":1},{"not_picked":["Seeing Red","Body Slam"],"picked":"Perfected Strike","floor":3},{"not_picked":["Thunderclap","Searing Blow","Warcry"],"picked":"SKIP","floor":5},{"not_picked":["Spot Weakness","Sever Soul"],"picked":"Flame Barrier","floor":6},{"not_picked":["Uppercut","Metallicize"],"picked":"Twin Strike","floor":8},{"not_picked":["Fire Breathing","Heavy Blade"],"picked":"Whirlwind","floor":10},{"not_picked":["Iron Wave","Cleave"],"picked":"Armaments","floor":11},{"not_picked":["Body Slam","Shockwave"],"picked":"Limit Break","floor":14},{"not_picked":["Double Tap","Barricade"],"picked":"Limit Break","floor":16},{"not_picked":["Combust+1","Wild Strike"],"picked":"Spot Weakness","floor":18},{"not_picked":["Havoc","Thunderclap","Warcry"],"picked":"SKIP","floor":19},{"not_picked":["Clothesline","Second Wind+1"],"picked":"Heavy Blade","floor":21},{"not_picked":["Disarm","Sentinel"],"picked":"Bloodletting","floor":22},{"not_picked":["Hemokinesis","Infernal Blade","Headbutt"],"picked":"SKIP","floor":23},{"not_picked":["True Grit+1","Shockwave"],"picked":"Reckless Charge+1","floor":28},{"not_picked":["Dropkick","Bludgeon"],"picked":"Pommel Strike+1","floor":29}],"player_experience":353675,"relics_obtained":[{"floor":6,"key":"Anchor"},{"floor":9,"key":"Dream Catcher"},{"floor":23,"key":"Letter Opener"},{"floor":26,"key":"Tiny Chest"}],"event_choices":[{"damage_healed":0,"gold_gain":0,"player_choice":"Got Potions","damage_taken":0,"max_hp_gain":0,"max_hp_loss":0,"event_name":"Lab","floor":2,"gold_loss":0},{"damage_healed":0,"gold_gain":0,"player_choice":"Entered Light","damage_taken":17,"max_hp_gain":0,"max_hp_loss":0,"event_name":"Shining Light","floor":4,"gold_loss":0,"cards_upgraded":["Strike_R","Bash"]},{"damage_healed":0,"gold_gain":75,"player_choice":"Gather Gold","damage_taken":11,"max_hp_gain":0,"max_hp_loss":0,"event_name":"World of Goop","floor":12,"gold_loss":0},{"damage_healed":0,"gold_gain":0,"player_choice":"1 cards matched","damage_taken":0,"max_hp_gain":0,"max_hp_loss":0,"event_name":"Match and Keep!","floor":27,"gold_loss":0,"cards_obtained":["Bloodletting"]},{"damage_healed":0,"gold_gain":0,"player_choice":"Ignored","damage_taken":0,"max_hp_gain":0,"max_hp_loss":0,"event_name":"Vampires","floor":30,"gold_loss":0}],"is_beta":false,"boss_relics":[{"not_picked":["Sozu","Black Star"],"picked":"Empty Cage"}],"items_purged_floors":[13,20,25],"is_endless":false,"potions_floor_spawned":[1,5,10,11,19,22,28,29],"killed_by":"Centurion and Healer","ascension_level":0}