{"gold_per_floor":[14,25,100,118,131,131,131,131,131,162,177,6,24,42,42,144,144,160,75,97,209,240,252,264,292,327,339,351,26,26,53,53,153,153,169,169,186,286,302,302,302,15,15,47,67,67,67,17,17,17,17,17,17,17],"floor_reached":54,"playtime":3724,"items_purged":["Defend_B","Strike_B"],"score":710,"play_id":"51e159cd-c6fe-4488-8a15-0eda1de43788","local_time":"20190120135431","is_ascension_mode":false,"campfire_choices":[{"data":"Zap","floor":6,"key":"SMITH"},{"data":"Dualcast","floor":8,"key":"SMITH"},{"data":"Defragment","floor":15,"key":"SMITH"},{"floor":23,"key":"REST"},{"data":"Defragment","floor":27,"key":"SMITH"},{"data":"Redo","floor":30,"key":"SMITH"},{"floor":32,"key":"REST"},{"data":"Defragment","floor":40,"key":"SMITH"},{"floor":46,"key":"REST"},{"floor":49,"key":"RECALL"},{"floor":52,"key":"DIG"}],"neow_cost":"NO_GOLD","seed_source_timestamp":319591264622800,"circlet_count":0,"master_deck":["Defend_B","Defend_B+1","Zap+1","Dualcast+1","Go for the Eyes","Cold Snap","Lockon","Sweeping Beam","Sunder","Coolheaded+1","Defragment+1","Redo+1","Biased Cognition","Conserve Battery+1","Force Field+1","Turbo+1","Leap+1","Defragment+1","FTL","Melter","Leap","Undo","Defragment+1","Steam+1","Echo Form","Darkness+1","Stack","Skim+1","Consume"],"relics":["Cracked Core","Gambling Chip","Emotion Chip","Shovel","Astrolabe","MawBank","Pocketwatch","Bottled Flame","War Paint","Bag of Marbles","Sundial","Inserter","FossilizedHelix","Letter Opener","Juzu Bracelet","Pear","Kunai"],"potions_floor_usage":[10,10,16,21,21,33,35,44,44,50,54],"damage_taken":[{"damage":1,"enemies":"Small Slimes","floor":1,"turns":3},{"damage":1,"enemies":"Cultist","floor":2,"turns":3},{"damage":0,"enemies":"2 Louse","floor":4,"turns":3},{"damage":2,"enemies":"2 Fungi Beasts","floor":5,"turns":4},{"damage":0,"enemies":"Lagavulin","floor":10,"turns":5},{"damage":3,"enemies":"Exordium Thugs","floor":11,"turns":4},{"damage":3,"enemies":"Looter","floor":13,"turns":2},{"damage":2,"enemies":"Blue Slaver","floor":14,"turns":2},{"damage":2,"enemies":"Slime Boss","floor":16,"turns":8},{"damage":3,"enemies":"Chosen","floor":18,"turns":3},{"damage":1,"enemies":"Spheric Guardian","floor":20,"turns":8},{"damage":6,"enemies":"Colosseum Slavers","floor":21,"turns":4},{"damage":19,"enemies":"Colosseum Nobs","floor":21,"turns":5},{"damage":13,"enemies":"Snake Plant","floor":22,"turns":5},{"damage":5,"enemies":"Shelled Parasite and Fungi","floor":25,"turns":5},{"damage":29,"enemies":"Gremlin Leader","floor":31,"turns":8},{"damage":3,"enemies":"Automaton","floor":33,"turns":16},{"damage":19,"enemies":"3 Darklings","floor":35,"turns":9},{"damage":2,"enemies":"Orb Walker","floor":37,"turns":6},{"damage":8,"enemies":"Mind Bloom Boss Battle","floor":38,"turns":6},{"damage":0,"enemies":"Sphere and 2 Shapes","floor":39,"turns":5},{"damage":21,"enemies":"Reptomancer","floor":44,"turns":9},{"damage":1,"enemies":"Transient","floor":45,"turns":5},{"damage":1,"enemies":"Time Eater","floor":50,"turns":11},{"damage":86,"enemies":"Shield and Spear","floor":54,"turns":11}],"seed_played":"1059654648178218900","potions_obtained":[{"floor":4,"key":"FocusPotion"},{"floor":5,"key":"GamblersBrew"},{"floor":10,"key":"Poison Potion"},{"floor":13,"key":"Dexterity Potion"},{"floor":14,"key":"Block Potion"},{"floor":20,"key":"PowerPotion"},{"floor":21,"key":"AttackPotion"},{"floor":22,"key":"Fire Potion"},{"floor":38,"key":"EssenceOfSteel"},{"floor":39,"key":"PowerPotion"},{"floor":44,"key":"FocusPotion"}],"is_trial":false,"path_per_floor":["M","M","?","M","M","R","?","R","T","E","M","$","M","M","R","B",null,"M","?","M","?","M","R","?","M","T","R","?","$","R","E","R","B",null,"M","?","M","?","M","R","?","$","T","E","M","R","T","$","R","B",null,"R","$","E"],"character_chosen":"DEFECT","items_purchased":["Coolheaded","Weak Potion","Bag of Marbles","Defragment","Letter Opener","Consume","Block Potion"],"campfire_rested":3,"item_purchase_floors":[12,12,29,29,42,42,48],"current_hp_per_floor":[74,73,62,62,60,60,60,60,60,60,57,57,54,52,52,50,75,72,72,71,46,33,55,55,50,50,50,50,50,50,21,43,40,75,56,56,54,46,46,46,46,46,46,25,24,46,56,56,56,55,85,85,85,0],"gold":17,"neow_bonus":"ONE_RARE_RELIC","is_prod":false,"is_daily":false,"chose_seed":false,"campfire_upgraded":6,"win_rate":0,"timestamp":1547988871,"path_taken":["M","M","?","M","M","R","?","R","T","E","M","$","?","M","R","BOSS","M","?","M","?","M","R","?","?","T","R","?","$","R","E","R","BOSS","M","?","M","?","M","R","?","$","T","E","M","R","?","?","R","BOSS","R","$","E"],"build_version":"2019-01-17v2","purchased_purges":2,"victory":false,"max_hp_per_floor":[75,75,75,75,75,75,75,75,75,75,75,75,75,75,75,75,75,75,75,75,75,75,75,75,75,75,75,75,75,75,75,75,75,75,75,75,75,75,75,75,75,75,75,75,75,75,85,85,85,85,85,85,85,85],"card_choices":[{"not_picked":["Barrage","Skim"],"picked":"Go for the Eyes","floor":1},{"not_picked":["Tempest","Streamline"],"picked":"Cold Snap","floor":2},{"not_picked":["Scrape","Heatsinks"],"picked":"Beam Cell","floor":4},{"not_picked":["Beam Cell","Double Energy"],"picked":"Lockon","floor":5},{"not_picked":["Beam Cell","Blizzard"],"picked":"Sweeping Beam","floor":10},{"not_picked":["Tempest","Amplify"],"picked":"Sunder","floor":11},{"not_picked":["Gash","Streamline"],"picked":"Defragment","floor":13},{"not_picked":["BootSequence","Skim"],"picked":"Redo","floor":14},{"not_picked":["Machine Learning","Multi-Cast"],"picked":"Biased Cognition","floor":16},{"not_picked":["Rebound","Barrage"],"picked":"Leap+1","floor":18},{"not_picked":["Glacier","Scrape"],"picked":"Defragment","floor":20},{"not_picked":["Tempest","Stack"],"picked":"FTL","floor":21},{"not_picked":["Double Energy","Rebound+1"],"picked":"Melter","floor":22},{"not_picked":["Redo","Scrape"],"picked":"Leap","floor":25},{"not_picked":["Thunder Strike","Defragment+1"],"picked":"Steam+1","floor":31},{"not_picked":["Fission","Multi-Cast"],"picked":"Echo Form","floor":33},{"not_picked":["Doom and Gloom","Leap"],"picked":"Darkness+1","floor":35},{"not_picked":["Reinforced Body+1","Steam+1"],"picked":"Stack","floor":37},{"not_picked":["Stack","Glacier+1"],"picked":"Skim+1","floor":38},{"not_picked":["Coolheaded+1","Recycle","Steam+1"],"picked":"SKIP","floor":39},{"not_picked":["Sunder","Skim+1","Leap+1"],"picked":"SKIP","floor":44},{"not_picked":["Rip and Tear+1","Melter+1","Echo Form"],"picked":"SKIP","floor":45}],"player_experience":201643,"relics_obtained":[{"floor":9,"key":"Emotion Chip"},{"floor":10,"key":"Shovel"},{"floor":21,"key":"Pocketwatch"},{"floor":21,"key":"Bottled Flame"},{"floor":26,"key":"War Paint"},{"floor":31,"key":"Sundial"},{"floor":38,"key":"FossilizedHelix"},{"floor":44,"key":"Juzu Bracelet"},{"floor":47,"key":"Pear"},{"floor":52,"key":"Kunai"}],"event_choices":[{"damage_healed":0,"gold_gain":75,"player_choice":"Gather Gold","damage_taken":11,"max_hp_gain":0,"max_hp_loss":0,"event_name":"World of Goop","floor":3,"gold_loss":0},{"cards_removed":["Strike_B"],"damage_healed":0,"gold_gain":0,"player_choice":"Purged","damage_taken":0,"max_hp_gain":0,"max_hp_loss":0,"event_name":"Purifier","floor":7,"gold_loss":0},{"damage_healed":0,"gold_gain":0,"player_choice":"Obtained Relic","damage_taken":0,"relics_obtained":["MawBank"],"max_hp_gain":0,"max_hp_loss":0,"event_name":"Addict","floor":19,"gold_loss":85},{"damage_healed":0,"gold_gain":0,"player_choice":"Fight","damage_taken":0,"max_hp_gain":0,"max_hp_loss":0,"event_name":"Colosseum","floor":21,"gold_loss":0},{"damage_healed":0,"gold_gain":0,"player_choice":"Fought Nobs","damage_taken":0,"max_hp_gain":0,"max_hp_loss":0,"event_name":"Colosseum","floor":21,"gold_loss":0},{"damage_healed":0,"gold_gain":0,"player_choice":"Ignored","damage_taken":0,"max_hp_gain":0,"max_hp_loss":0,"event_name":"NoteForYourself","floor":24,"gold_loss":0},{"damage_healed":0,"gold_gain":0,"player_choice":"Read","damage_taken":0,"max_hp_gain":0,"max_hp_loss":0,"event_name":"The Library","floor":28,"gold_loss":0,"cards_obtained":["Undo"]},{"cards_removed":["Beam Cell"],"damage_healed":0,"gold_gain":0,"player_choice":"Removed Attack","damage_taken":0,"max_hp_gain":0,"max_hp_loss":0,"event_name":"Falling","floor":36,"gold_loss":0},{"damage_healed":0,"gold_gain":0,"player_choice":"Fight","damage_taken":0,"max_hp_gain":0,"max_hp_loss":0,"event_name":"MindBloom","floor":38,"gold_loss":0},{"damage_healed":0,"gold_gain":0,"player_choice":"Ignored","damage_taken":0,"max_hp_gain":0,"max_hp_loss":0,"event_name":"Tomb of Lord Red Mask","floor":41,"gold_loss":0}],"is_beta":false,"boss_relics":[{"not_picked":["Ectoplasm","Orrery"],"picked":"Astrolabe"},{"not_picked":["Fusion Hammer","Calling Bell"],"picked":"Inserter"}],"items_purged_floors":[12,29],"is_endless":false,"potions_floor_spawned":[4,5,10,13,14,20,21,22,25,31,38,39,44],"killed_by":"Shield and Spear","ascension_level":0}