{"gold_per_floor":[115,132,22,42,56,56,8,8,8,8,28,42,42,56,56,155,155,173,25,59,74,89,89,120,20,20,20,20,20,20,35,35,136,136,148,148,165,177,188,206,206,206],"floor_reached":42,"playtime":3658,"items_purged":["Strike_B","Defend_B"],"score":474,"play_id":"85f1ea73-c6c5-47d8-81b4-52d09f85819f","local_time":"20190107221029","is_ascension_mode":true,"campfire_choices":[{"data":"Defragment","floor":6.0,"key":"SMITH"},{"data":"Zap","floor":8.0,"key":"SMITH"},{"data":"Redo","floor":10.0,"key":"SMITH"},{"data":"Fusion","floor":15.0,"key":"SMITH"},{"data":"Streamline","floor":23.0,"key":"SMITH"},{"data":"Multi-Cast","floor":27.0,"key":"SMITH"},{"data":"Coolheaded","floor":28.0,"key":"SMITH"},{"data":"Stack","floor":32,"key":"SMITH"},{"data":"Loop","floor":41,"key":"SMITH"}],"neow_cost":"NONE","seed_source_timestamp":0,"circlet_count":0,"master_deck":["Strike_B","Strike_B","Defend_B","Defend_B","Defend_B","Zap+1","Dualcast+1","Leap","Streamline+1","Defragment+1","Fusion+1","Lockon","Redo+1","Conserve Battery","Cold Snap","Rebound","Leap","Echo Form","Self Repair","Coolheaded+1","Stack+1","Static Discharge+1","Coolheaded+1","Steam+1","Multi-Cast+1","Melter","Go for the Eyes+1","Amplify","Chaos+1","Leap","Redo+1","Loop+1","Capacitor+1"],"special_seed":0,"relics":["Cracked Core","Meat on the Bone","Oddly Smooth Stone","Sozu","Red Mask","WingedGreaves","Ice Cream","Cursed Key"],"potions_floor_usage":[],"damage_taken":[{"damage":6.0,"enemies":"Small Slimes","floor":1.0,"turns":3.0},{"damage":1.0,"enemies":"Cultist","floor":2.0,"turns":3.0},{"damage":3.0,"enemies":"2 Louse","floor":4.0,"turns":2.0},{"damage":8.0,"enemies":"Looter","floor":5.0,"turns":3.0},{"damage":16.0,"enemies":"Exordium Thugs","floor":11.0,"turns":5.0},{"damage":11.0,"enemies":"Blue Slaver","floor":12.0,"turns":3.0},{"damage":0.0,"enemies":"Large Slime","floor":14.0,"turns":4.0},{"damage":20.0,"enemies":"The Guardian","floor":16.0,"turns":13.0},{"damage":6.0,"enemies":"Spheric Guardian","floor":18.0,"turns":4.0},{"damage":40.0,"enemies":"Masked Bandits","floor":20.0,"turns":6.0},{"damage":4.0,"enemies":"Shell Parasite","floor":21.0,"turns":6.0},{"damage":13.0,"enemies":"Snake Plant","floor":22.0,"turns":5.0},{"damage":29.0,"enemies":"Slavers","floor":24.0,"turns":7.0},{"damage":7.0,"enemies":"3 Cultists","floor":31.0,"turns":7.0},{"damage":6,"enemies":"Champ","floor":33,"turns":10},{"damage":4,"enemies":"3 Darklings","floor":35,"turns":5},{"damage":10,"enemies":"Orb Walker","floor":37,"turns":4},{"damage":0,"enemies":"Sphere and 2 Shapes","floor":38,"turns":3},{"damage":9,"enemies":"Maw","floor":39,"turns":6},{"damage":39,"enemies":"Spire Growth","floor":40,"turns":6},{"damage":48,"enemies":"Transient","floor":42,"turns":5}],"seed_played":"5098609466684131332","potions_obtained":[{"floor":2.0,"key":"Poison Potion"},{"floor":5.0,"key":"Energy Potion"},{"floor":12.0,"key":"Poison Potion"}],"is_trial":false,"path_per_floor":["M","M","$","M","M","R","$","R","T","R","M","M","?","M","R","B",null,"M","$","?","M","M","R","E","$","T","R","R","?","?","M","R","B",null,"M","?","M","M","M","M","R","M"],"character_chosen":"DEFECT","items_purchased":["Defragment","Fusion","Conserve Battery","Coolheaded","Stack"],"campfire_rested":0,"item_purchase_floors":[3,3,7,19,19],"current_hp_per_floor":[69,68,68,65,57,57,57,57,57,57,41,42,42,42,42,34,75,69,69,48,51,45,45,35,35,35,35,35,35,35,47,47,48,75,75,75,75,75,73,46,46,0],"gold":206,"neow_bonus":"UPGRADE_CARD","is_prod":false,"is_daily":false,"chose_seed":false,"campfire_upgraded":9,"win_rate":0,"timestamp":1546895429,"path_taken":["M","M","$","M","M","R","$","R","T","R","M","M","?","?","R","BOSS","M","$","?","M","M","R","E","$","T","R","R","?","?","M","R","BOSS","M","?","M","M","M","M","R","?"],"build_version":"2019-01-03v4","purchased_purges":2,"victory":false,"max_hp_per_floor":[75,75,75,75,75,75,75,75,75,75,75,75,75,75,75,75,75,75,75,75,75,75,75,75,75,75,75,75,75,75,75,75,75,75,75,75,75,75,75,75,75,75],"card_choices":[{"not_picked":["Go for the Eyes","Doom and Gloom"],"picked":"Leap","floor":1.0},{"not_picked":["Heatsinks","Gash"],"picked":"Streamline","floor":2.0},{"not_picked":["Hello World","Hologram"],"picked":"Lockon","floor":4.0},{"not_picked":["Barrage","Heatsinks"],"picked":"Redo","floor":5.0},{"not_picked":["Undo","Darkness"],"picked":"Cold Snap","floor":11.0},{"not_picked":["Compile Driver","Gash"],"picked":"Rebound","floor":12.0},{"not_picked":["Go for the Eyes","Redo"],"picked":"Leap","floor":14.0},{"not_picked":["Fission","Reboot"],"picked":"Echo Form","floor":16.0},{"not_picked":["FTL","Leap"],"picked":"Self Repair","floor":18.0},{"not_picked":["Sunder","Beam Cell"],"picked":"Static Discharge+1","floor":20.0},{"not_picked":["Rip and Tear","Chaos"],"picked":"Coolheaded+1","floor":21.0},{"not_picked":["Fusion+1","Streamline"],"picked":"Steam+1","floor":22.0},{"not_picked":["Ball Lightning","Undo+1"],"picked":"Multi-Cast","floor":24.0},{"not_picked":["Sweeping Beam","Redo"],"picked":"Go for the Eyes+1","floor":31},{"not_picked":["Reboot","Creative AI"],"picked":"Amplify","floor":33},{"not_picked":["Conserve Battery","Streamline"],"picked":"Chaos+1","floor":35},{"not_picked":["Hello World","Barrage"],"picked":"Redo+1","floor":37},{"not_picked":["Streamline+1","Static Discharge"],"picked":"Loop","floor":38},{"not_picked":["Redo+1","Auto Shields+1"],"picked":"Capacitor+1","floor":39},{"not_picked":["Static Discharge","Streamline+1","Sweeping Beam+1"],"picked":"SKIP","floor":40}],"player_experience":151848,"relics_obtained":[{"floor":9.0,"key":"Meat on the Bone"},{"floor":20.0,"key":"Red Mask"},{"floor":24.0,"key":"WingedGreaves"},{"floor":26.0,"key":"Ice Cream"}],"event_choices":[{"damage_healed":0.0,"max_hp_gain":0.0,"max_hp_loss":0.0,"gold_gain":0.0,"event_name":"WeMeetAgain","player_choice":"Gave Potion","floor":13.0,"gold_loss":0.0,"damage_taken":0.0,"relics_obtained":["Oddly Smooth Stone"]},{"damage_healed":0.0,"max_hp_gain":0.0,"max_hp_loss":0.0,"gold_gain":0.0,"event_name":"Masked Bandits","player_choice":"Fought Bandits","floor":20.0,"gold_loss":0.0,"damage_taken":0.0},{"damage_healed":0.0,"max_hp_gain":0.0,"max_hp_loss":0.0,"gold_gain":0.0,"event_name":"The Library","player_choice":"Read","floor":29.0,"gold_loss":0.0,"damage_taken":0.0,"cards_obtained":["Melter"]},{"damage_healed":0.0,"max_hp_gain":0.0,"max_hp_loss":0.0,"gold_gain":0.0,"event_name":"Vampires","player_choice":"Ignored","floor":30.0,"gold_loss":0.0,"damage_taken":0.0},{"damage_healed":0,"gold_gain":0,"cards_transformed":["Strike_B"],"player_choice":"Transformed","damage_taken":0,"max_hp_gain":0,"max_hp_loss":0,"event_name":"Transmorgrifier","floor":36,"gold_loss":0,"cards_obtained":["Leap"]}],"is_beta":false,"boss_relics":[{"not_picked":["Busted Crown","White Beast Statue"],"picked":"Sozu"},{"not_picked":["Philosopher\u0027s Stone","Runic Dome"],"picked":"Cursed Key"}],"items_purged_floors":[19,25],"is_endless":false,"potions_floor_spawned":[2,5,12,18,24,31,33,35,37,40],"killed_by":"Transient","ascension_level":3}