{"gold_per_floor":[114,45,45,63,63,94,94,125,125,138,155,155,184,195,195,269,269,286,301,354,354,374,408,125,136,136,36,36,68,68,80,80,159,159,173,104,115,115,115,175,230,230,230,105,105,137,148,179,179,179,179,179,40,68,68],"floor_reached":56,"playtime":1908,"items_purged":["Pain","Doubt","Clumsy"],"score":2303,"play_id":"4f351b65-60b9-469a-b75c-dcf0e85b9181","local_time":"20190708200243","is_ascension_mode":true,"campfire_choices":[{"data":"Uppercut","floor":7,"key":"SMITH"},{"data":"Inflame","floor":12,"key":"SMITH"},{"data":"Flame Barrier","floor":15,"key":"SMITH"},{"data":"Dark Embrace","floor":30,"key":"SMITH"},{"data":"Disarm","floor":32,"key":"SMITH"},{"floor":42,"key":"RECALL"},{"data":"Demon Form","floor":49,"key":"SMITH"},{"data":"Shockwave","floor":52,"key":"SMITH"}],"neow_cost":"NONE","seed_source_timestamp":337321136430231,"circlet_count":0,"master_deck":["AscendersBane","Defend_R","Defend_R","Defend_R","Defend_R","Bash","Uppercut+1","Disarm+1","Inflame+1","Hemokinesis","Headbutt","Flame Barrier+1","Infernal Blade+1","Spot Weakness","Reaper","Heavy Blade+1","Bite","Bite","Bite","Bite","Bite","Flex+1","Parasite","Dark Embrace+1","Shrug It Off","Feed","Clothesline+1","Corruption","Bludgeon","Shockwave+1","Apotheosis","Corruption+1","Demon Form+1","Demon Form"],"relics":["Burning Blood","NeowsBlessing","WarpedTongs","FaceOfCleric","Dead Branch","Ornamental Fan","Mercury Hourglass","Oddly Smooth Stone","Cursed Key","Bottled Flame","Medical Kit","Shuriken","Bronze Scales","Snecko Eye","Tiny Chest","Unceasing Top","Singing Bowl","Mummified Hand","Question Card","Lantern"],"potions_floor_usage":[23,33,55,55],"damage_taken":[{"damage":0,"enemies":"2 Louse","floor":1,"turns":1},{"damage":1,"enemies":"Cultist","floor":4,"turns":1},{"damage":2,"enemies":"3 Sentries","floor":6,"turns":2},{"damage":21,"enemies":"Lagavulin","floor":8,"turns":7},{"damage":10,"enemies":"Jaw Worm","floor":10,"turns":2},{"damage":10,"enemies":"Red Slaver","floor":11,"turns":3},{"damage":9,"enemies":"Gremlin Nob","floor":13,"turns":3},{"damage":2,"enemies":"3 Louse","floor":14,"turns":3},{"damage":13,"enemies":"Hexaghost","floor":16,"turns":8},{"damage":3,"enemies":"Shell Parasite","floor":18,"turns":4},{"damage":24,"enemies":"Spheric Guardian","floor":19,"turns":5},{"damage":18,"enemies":"Snake Plant","floor":22,"turns":5},{"damage":6,"enemies":"Gremlin Leader","floor":23,"turns":5},{"damage":26,"enemies":"Shelled Parasite and Fungi","floor":25,"turns":4},{"damage":31,"enemies":"Book of Stabbing","floor":29,"turns":5},{"damage":12,"enemies":"Snecko","floor":31,"turns":4},{"damage":47,"enemies":"Collector","floor":33,"turns":10},{"damage":2,"enemies":"Orb Walker","floor":35,"turns":4},{"damage":6,"enemies":"3 Darklings","floor":37,"turns":3},{"damage":3,"enemies":"Giant Head","floor":40,"turns":3},{"damage":22,"enemies":"2 Orb Walkers","floor":41,"turns":3},{"damage":5,"enemies":"Reptomancer","floor":46,"turns":6},{"damage":15,"enemies":"Jaw Worm Horde","floor":47,"turns":4},{"damage":0,"enemies":"Giant Head","floor":48,"turns":4},{"damage":32,"enemies":"Time Eater","floor":50,"turns":5},{"damage":26,"enemies":"Shield and Spear","floor":54,"turns":3},{"damage":36,"enemies":"The Heart","floor":55,"turns":6}],"seed_played":"1357189480593977496","potions_obtained":[{"floor":8,"key":"Fire Potion"},{"floor":10,"key":"Strength Potion"},{"floor":29,"key":"EssenceOfSteel"},{"floor":37,"key":"Swift Potion"}],"is_trial":false,"path_per_floor":["M","$","?","M","?","E","R","E","T","M","M","R","E","M","R","B",null,"M","M","T","?","M","E","$","M","T","$","?","E","R","M","R","B",null,"M","$","M","$","$","E","?","R","T","$","?","E","M","E","R","B",null,"R","$","E","B",null],"character_chosen":"IRONCLAD","items_purchased":["Disarm","Medical Kit","Corruption","Demon Form"],"campfire_rested":0,"item_purchase_floors":[2,24,36,53],"current_hp_per_floor":[74,74,74,75,75,76,76,62,62,59,56,56,54,59,59,53,75,79,63,63,58,57,60,60,49,49,49,49,45,45,50,50,51,61,68,68,73,73,73,74,75,75,75,75,69,83,89,96,96,97,97,97,97,85,84],"gold":68,"neow_bonus":"THREE_ENEMY_KILL","is_prod":false,"is_daily":false,"chose_seed":false,"campfire_upgraded":7,"win_rate":0,"timestamp":1562630563,"path_taken":["M","$","?","?","?","E","R","E","T","M","M","R","E","M","R","BOSS","M","M","?","?","M","E","$","M","T","$","?","E","R","M","R","BOSS","M","$","M","?","$","E","?","R","T","$","?","E","M","E","R","BOSS","R","$","E","BOSS"],"build_version":"2019-07-03","purchased_purges":3,"victory":true,"max_hp_per_floor":[75,75,75,75,75,76,76,77,77,78,79,79,80,81,81,82,82,83,84,84,58,59,60,60,61,61,61,61,62,62,63,63,64,64,68,68,73,73,73,74,75,75,75,75,79,84,91,96,96,97,97,97,97,100,101],"card_choices":[{"not_picked":["Perfected Strike","Flex"],"picked":"Uppercut","floor":1},{"not_picked":["Battle Trance","Cleave"],"picked":"Inflame","floor":4},{"not_picked":["Searing Blow","Flex"],"picked":"Hemokinesis","floor":6},{"not_picked":["Clash","Flex"],"picked":"Headbutt","floor":8},{"not_picked":["Headbutt","Burning Pact"],"picked":"Flame Barrier","floor":10},{"not_picked":["Rampage","Body Slam","Warcry"],"picked":"SKIP","floor":11},{"not_picked":["Perfected Strike","Flex"],"picked":"Infernal Blade","floor":13},{"not_picked":["Dropkick","Burning Pact"],"picked":"Spot Weakness","floor":14},{"not_picked":["Exhume","Double Tap"],"picked":"Reaper","floor":16},{"not_picked":["Clothesline","Entrench","Headbutt"],"picked":"SKIP","floor":18},{"not_picked":["Headbutt","Wild Strike"],"picked":"Heavy Blade+1","floor":19},{"not_picked":["Clash","True Grit","Clothesline"],"picked":"SKIP","floor":22},{"not_picked":["Cleave","Reckless Charge","Pommel Strike"],"picked":"SKIP","floor":23},{"not_picked":["Body Slam","Warcry"],"picked":"Flex+1","floor":25},{"not_picked":["Heavy Blade","Flame Barrier"],"picked":"Dark Embrace","floor":29},{"not_picked":["Uppercut","Evolve"],"picked":"Shrug It Off","floor":31},{"not_picked":["Bludgeon","Barricade"],"picked":"Feed","floor":33},{"not_picked":["Shrug It Off","Perfected Strike+1"],"picked":"Clothesline+1","floor":35},{"not_picked":["Twin Strike","Thunderclap","Clothesline+1"],"picked":"SKIP","floor":37},{"not_picked":["True Grit","Clothesline"],"picked":"Bludgeon","floor":40},{"not_picked":["Combust","Second Wind+1"],"picked":"Shockwave","floor":41},{"not_picked":["Panache","Impatience","Jack Of All Trades"],"picked":"Singing Bowl","floor":45},{"not_picked":["Jack Of All Trades","Panache","Violence"],"picked":"Singing Bowl","floor":45},{"not_picked":["Swift Strike","Trip"],"picked":"Apotheosis","floor":45},{"not_picked":["True Grit","Seeing Red"],"picked":"Corruption+1","floor":46},{"not_picked":["Searing Blow","Shrug It Off","Battle Trance"],"picked":"Singing Bowl","floor":47},{"not_picked":["Flex+1","Cleave+1"],"picked":"Demon Form","floor":48},{"not_picked":["Twin Strike","Limit Break","Flex+1","Infernal Blade+1"],"picked":"Singing Bowl","floor":54}],"player_experience":2615356,"relics_obtained":[{"floor":6,"key":"Dead Branch"},{"floor":8,"key":"Ornamental Fan"},{"floor":9,"key":"Mercury Hourglass"},{"floor":13,"key":"Oddly Smooth Stone"},{"floor":23,"key":"Bottled Flame"},{"floor":26,"key":"Shuriken"},{"floor":29,"key":"Bronze Scales"},{"floor":40,"key":"Tiny Chest"},{"floor":41,"key":"Unceasing Top"},{"floor":43,"key":"Singing Bowl"},{"floor":46,"key":"Mummified Hand"},{"floor":48,"key":"Question Card"},{"floor":54,"key":"Lantern"}],"event_choices":[{"damage_healed":0,"gold_gain":0,"player_choice":"Rummage","damage_taken":0,"relics_obtained":["WarpedTongs"],"max_hp_gain":0,"max_hp_loss":0,"event_name":"Accursed Blacksmith","floor":3,"gold_loss":0,"cards_obtained":["Pain"]},{"damage_healed":0,"gold_gain":0,"player_choice":"Trade","damage_taken":0,"relics_obtained":["FaceOfCleric"],"max_hp_gain":0,"max_hp_loss":0,"event_name":"FaceTrader","floor":5,"gold_loss":0},{"damage_healed":0,"gold_gain":0,"player_choice":"Became a vampire","damage_taken":0,"max_hp_gain":0,"max_hp_loss":26,"event_name":"Vampires","floor":21,"gold_loss":0,"cards_obtained":["Bite","Bite","Bite","Bite","Bite"]},{"damage_healed":0,"gold_gain":0,"player_choice":"Upgraded","damage_taken":0,"max_hp_gain":0,"max_hp_loss":0,"event_name":"Upgrade Shrine","floor":28,"gold_loss":0,"cards_upgraded":["Infernal Blade"]},{"damage_healed":0,"gold_gain":0,"player_choice":"Fight","damage_taken":0,"max_hp_gain":0,"max_hp_loss":0,"event_name":"Mysterious Sphere","floor":41,"gold_loss":0},{"damage_healed":0,"gold_gain":0,"player_choice":"Memory 3","damage_taken":10,"max_hp_gain":0,"max_hp_loss":0,"event_name":"SensoryStone","floor":45,"gold_loss":0}],"is_beta":true,"boss_relics":[{"not_picked":["Pandora\u0027s Box","Philosopher\u0027s Stone"],"picked":"Cursed Key"},{"not_picked":["Sozu","Velvet Choker"],"picked":"Snecko Eye"}],"items_purged_floors":[24,27,44],"is_endless":false,"potions_floor_spawned":[8,10,13,16,18,29,37,46,47],"ascension_level":15}