{"gold_per_floor":[15,15,26,39,59,88,104,104,176,202,221,234,265,265],"floor_reached":14,"playtime":1071,"items_purged":[],"score":125,"play_id":"4f58f679-ce02-4d2e-8c9b-365d628a19eb","local_time":"20190824005428","is_ascension_mode":true,"campfire_choices":[],"neow_cost":"NO_GOLD","seed_source_timestamp":735221244726500,"circlet_count":0,"master_deck":["Strike_G","Strike_G","Strike_G","Strike_G","Defend_G","Defend_G","Defend_G","Survivor","Neutralize","Cloak And Dagger","Expertise","Noxious Fumes","Dodge and Roll","Sucker Punch","Blade Dance","Pain","Adrenaline","Outmaneuver","Poisoned Stab","Escape Plan","Dagger Throw","Unload"],"special_seed":0,"relics":["Ring of the Snake","Orichalcum","WarpedTongs","Prayer Wheel","Bronze Scales"],"potions_floor_usage":[],"damage_taken":[{"damage":6.0,"enemies":"Jaw Worm","floor":1.0,"turns":4.0},{"damage":0.0,"enemies":"Cultist","floor":3.0,"turns":4.0},{"damage":0.0,"enemies":"2 Louse","floor":4.0,"turns":3.0},{"damage":3.0,"enemies":"Exordium Wildlife","floor":5.0,"turns":3.0},{"damage":12.0,"enemies":"Lagavulin","floor":6.0,"turns":10.0},{"damage":4.0,"enemies":"2 Fungi Beasts","floor":7.0,"turns":3.0},{"damage":25.0,"enemies":"3 Sentries","floor":10.0,"turns":8.0},{"damage":5.0,"enemies":"Large Slime","floor":11.0,"turns":5.0},{"damage":1.0,"enemies":"Red Slaver","floor":12.0,"turns":5.0},{"damage":12.0,"enemies":"Lagavulin","floor":13.0,"turns":5.0},{"damage":2,"enemies":"Exordium Thugs","floor":14,"turns":1}],"seed_played":"7601357808126004638","potions_obtained":[{"floor":3.0,"key":"FearPotion"},{"floor":5.0,"key":"Ancient Potion"},{"floor":6.0,"key":"Weak Potion"},{"floor":10.0,"key":"AttackPotion"},{"floor":12.0,"key":"Swift Potion"},{"floor":13.0,"key":"SkillPotion"}],"is_trial":false,"path_per_floor":["M","?","M","M","M","E","M","?","T","E","M","M","E","M"],"character_chosen":"THE_SILENT","items_purchased":[],"campfire_rested":0,"item_purchase_floors":[],"current_hp_per_floor":[64,64,64,64,61,49,45,45,45,20,15,14,2,0],"gold":265,"neow_bonus":"REMOVE_TWO","is_prod":false,"is_daily":false,"chose_seed":false,"campfire_upgraded":0,"win_rate":0,"timestamp":1566600868,"path_taken":["M","?","M","M","M","E","M","?","T","E","?","M","E","M"],"build_version":"2019-07-17","purchased_purges":0,"victory":false,"max_hp_per_floor":[70,70,70,70,70,70,70,70,70,70,70,70,70,70],"card_choices":[{"not_picked":["PiercingWail","Deflect"],"picked":"Cloak And Dagger","floor":1.0},{"not_picked":["Bane","Outmaneuver"],"picked":"Expertise","floor":3.0},{"not_picked":["Phantasmal Killer","Cloak And Dagger"],"picked":"Noxious Fumes","floor":4.0},{"not_picked":["Leg Sweep","Eviscerate"],"picked":"Dodge and Roll","floor":5.0},{"not_picked":["Outmaneuver","Cloak And Dagger"],"picked":"Sucker Punch","floor":6.0},{"not_picked":["Cloak And Dagger","Dagger Spray"],"picked":"Blade Dance","floor":7.0},{"not_picked":["Caltrops","Noxious Fumes"],"picked":"Adrenaline","floor":10.0},{"not_picked":["Eviscerate","Acrobatics"],"picked":"Outmaneuver","floor":11.0},{"not_picked":["Deadly Poison","Deflect"],"picked":"Poisoned Stab","floor":11.0},{"not_picked":["Choke","Backflip"],"picked":"Escape Plan","floor":12.0},{"not_picked":["Underhanded Strike","Expertise"],"picked":"Dagger Throw","floor":12.0},{"not_picked":["Sucker Punch","Bane"],"picked":"Unload","floor":13.0}],"player_experience":175527,"relics_obtained":[{"floor":6.0,"key":"Orichalcum"},{"floor":10.0,"key":"Prayer Wheel"},{"floor":13.0,"key":"Bronze Scales"}],"event_choices":[{"cards_removed":["Defend_G"],"damage_healed":0.0,"max_hp_gain":0.0,"max_hp_loss":0.0,"gold_gain":0.0,"event_name":"Living Wall","player_choice":"Forget","floor":2.0,"gold_loss":0.0,"damage_taken":0.0},{"damage_healed":0.0,"max_hp_gain":0.0,"max_hp_loss":0.0,"gold_gain":0.0,"event_name":"Accursed Blacksmith","player_choice":"Rummage","floor":8.0,"gold_loss":0.0,"damage_taken":0.0,"relics_obtained":["WarpedTongs"],"cards_obtained":["Pain"]}],"is_beta":false,"boss_relics":[],"items_purged_floors":[],"is_endless":false,"potions_floor_spawned":[3,5,6,10,12,13],"killed_by":"Exordium Thugs","ascension_level":2}