{"gold_per_floor":[117,135,153,167,177,177,191,191,218,253,33,46,46,58,58,155,155,173,173,28,39,5,37,52,52],"floor_reached":25,"playtime":2192,"items_purged":["Defend_R","Regret"],"score":286,"play_id":"9d1b9bfd-4218-4732-a830-8da9de457861","local_time":"20190202205940","is_ascension_mode":true,"campfire_choices":[{"data":"Evolve","floor":6,"key":"SMITH"},{"data":"Reckless Charge","floor":8,"key":"SMITH"},{"data":"Feel No Pain","floor":15,"key":"SMITH"}],"neow_cost":"PERCENT_DAMAGE","seed_source_timestamp":471631366733200,"circlet_count":0,"master_deck":["Defend_R","Defend_R","Defend_R","Bash","Evolve+1","Perfected Strike","Reckless Charge+1","Burning Pact","Headbutt","Iron Wave","Sever Soul","Feel No Pain+1","Second Wind","Uppercut","Demon Form","Metallicize","Bite","Bite","Bite","Bite","Bite","True Grit","Shrug It Off","Spot Weakness","Thunderclap+1","Twin Strike"],"relics":["Burning Blood","FossilizedHelix","Anchor","PreservedInsect","Mark of Pain","Juzu Bracelet"],"potions_floor_usage":[10,25,25,25],"damage_taken":[{"damage":0,"enemies":"Cultist","floor":1,"turns":5},{"damage":0,"enemies":"Jaw Worm","floor":2,"turns":3},{"damage":0,"enemies":"2 Louse","floor":3,"turns":3},{"damage":1,"enemies":"Exordium Wildlife","floor":4,"turns":4},{"damage":11,"enemies":"3 Louse","floor":5,"turns":4},{"damage":0,"enemies":"2 Fungi Beasts","floor":7,"turns":3},{"damage":2,"enemies":"Gremlin Nob","floor":10,"turns":4},{"damage":13,"enemies":"Red Slaver","floor":12,"turns":4},{"damage":6,"enemies":"3 Louse","floor":14,"turns":4},{"damage":56,"enemies":"Hexaghost","floor":16,"turns":13},{"damage":59,"enemies":"3 Byrds","floor":18,"turns":8},{"damage":0,"enemies":"Chosen","floor":21,"turns":7},{"damage":26,"enemies":"Slavers","floor":23,"turns":6},{"damage":16,"enemies":"Snake Plant","floor":24,"turns":4},{"damage":45,"enemies":"Gremlin Leader","floor":25,"turns":6}],"seed_played":"8795262004260505042","potions_obtained":[{"floor":1,"key":"Energy Potion"},{"floor":4,"key":"Weak Potion"},{"floor":5,"key":"Strength Potion"},{"floor":12,"key":"Strength Potion"},{"floor":21,"key":"LiquidBronze"}],"is_trial":false,"path_per_floor":["M","M","M","M","M","R","M","R","T","E","$","M","?","M","R","B",null,"M","?","$","M","$","E","M","E"],"character_chosen":"IRONCLAD","items_purchased":["Feel No Pain","Second Wind","True Grit","Spot Weakness"],"campfire_rested":0,"item_purchase_floors":[11,11,20,22],"current_hp_per_floor":[62,68,74,79,74,74,80,80,80,80,80,73,73,73,73,23,80,27,27,27,43,43,31,25,0],"gold":52,"neow_bonus":"ONE_RARE_RELIC","is_prod":false,"is_daily":false,"chose_seed":false,"campfire_upgraded":3,"win_rate":0,"timestamp":1549137580,"path_taken":["M","?","?","M","M","R","M","R","T","E","$","M","?","M","R","BOSS","M","?","$","M","$","E","M","E"],"build_version":"2019-01-23","purchased_purges":2,"victory":false,"max_hp_per_floor":[80,80,80,80,80,80,80,80,80,80,80,80,80,80,80,80,80,80,56,56,56,56,56,56,56],"card_choices":[{"not_picked":["Havoc","Shrug It Off"],"picked":"Evolve","floor":1},{"not_picked":["Combust","Flex"],"picked":"Perfected Strike","floor":2},{"not_picked":["Bloodletting","Pommel Strike"],"picked":"Reckless Charge","floor":3},{"not_picked":["Cleave","Carnage"],"picked":"Burning Pact","floor":4},{"not_picked":["Pummel","Rampage"],"picked":"Headbutt","floor":5},{"not_picked":["Rupture","Clothesline"],"picked":"Iron Wave","floor":7},{"not_picked":["Evolve","Burning Pact"],"picked":"Sever Soul","floor":10},{"not_picked":["Thunderclap","Perfected Strike"],"picked":"Uppercut","floor":12},{"not_picked":["Sever Soul","Flex","Combust"],"picked":"SKIP","floor":14},{"not_picked":["Dark Embrace","Bludgeon"],"picked":"Demon Form","floor":16},{"not_picked":["Corruption","Clash"],"picked":"Metallicize","floor":18},{"not_picked":["Sentinel","Havoc"],"picked":"Shrug It Off","floor":21},{"not_picked":["Flex+1","Twin Strike"],"picked":"Thunderclap+1","floor":23},{"not_picked":["Demon Form","Havoc+1"],"picked":"Twin Strike","floor":24}],"player_experience":223883,"relics_obtained":[{"floor":10,"key":"Anchor"},{"floor":23,"key":"Juzu Bracelet"}],"event_choices":[{"damage_healed":0,"gold_gain":0,"player_choice":"Box","damage_taken":0,"relics_obtained":["PreservedInsect"],"max_hp_gain":0,"max_hp_loss":0,"event_name":"Big Fish","floor":13,"gold_loss":0,"cards_obtained":["Regret"]},{"damage_healed":0,"gold_gain":0,"player_choice":"Became a vampire","damage_taken":0,"max_hp_gain":0,"max_hp_loss":24,"event_name":"Vampires","floor":19,"gold_loss":0,"cards_obtained":["Bite","Bite","Bite","Bite","Bite"]}],"is_beta":false,"boss_relics":[{"not_picked":["Black Star","Coffee Dripper"],"picked":"Mark of Pain"}],"items_purged_floors":[11,20],"is_endless":false,"potions_floor_spawned":[1,4,5,7,12,21],"killed_by":"Gremlin Leader","ascension_level":3}