{"gold_per_floor":[114,130,150,168,181,181,134,134,189,201,2,15,27,38,38,143,143,155,125,50,68,87,87,101,117,117,117,144,19,29,29,29,128,128,144,158,177,177],"floor_reached":38,"playtime":5420,"items_purged":["Second Wind"],"score":421,"play_id":"5ced4794-005f-4a96-99de-3135812d2b5b","local_time":"20181226003107","is_ascension_mode":false,"campfire_choices":[{"data":"Flame Barrier","floor":6,"key":"SMITH"},{"data":"Iron Wave","floor":8,"key":"SMITH"},{"data":"Shrug It Off","floor":15,"key":"SMITH"},{"floor":23,"key":"REST"},{"floor":32,"key":"REST"}],"neow_cost":"NONE","seed_source_timestamp":392496902915700,"circlet_count":0,"master_deck":["Strike_R","Strike_R","Strike_R","Strike_R","Defend_R","Defend_R","Defend_R","Bash","Flame Barrier+1","Shrug It Off+1","Iron Wave+1","Inflame","Warcry","Headbutt","Cleave","Iron Wave","Dual Wield","Double Tap","Flame Barrier","Shrug It Off","Rage","Anger","Iron Wave+1","Demon Form","Pommel Strike+1","Anger+1","Body Slam","Armaments","Parasite"],"relics":["Burning Blood","Anchor","Vajra","Eternal Feather","Mercury Hourglass","Pear","Orrery"],"potions_floor_usage":[16,16,16,20,25,28,33,33,38],"damage_taken":[{"damage":1,"enemies":"Cultist","floor":1,"turns":3},{"damage":0,"enemies":"Jaw Worm","floor":2,"turns":3},{"damage":2,"enemies":"Small Slimes","floor":3,"turns":3},{"damage":8,"enemies":"2 Fungi Beasts","floor":4,"turns":5},{"damage":16,"enemies":"Gremlin Gang","floor":5,"turns":6},{"damage":0,"enemies":"Blue Slaver","floor":10,"turns":4},{"damage":0,"enemies":"3 Louse","floor":12,"turns":4},{"damage":10,"enemies":"Large Slime","floor":13,"turns":7},{"damage":0,"enemies":"Blue Slaver","floor":14,"turns":3},{"damage":16,"enemies":"Slime Boss","floor":16,"turns":11},{"damage":20,"enemies":"Spheric Guardian","floor":18,"turns":7},{"damage":6,"enemies":"2 Thieves","floor":20,"turns":5},{"damage":39,"enemies":"Snecko","floor":21,"turns":8},{"damage":23,"enemies":"Shelled Parasite and Fungi","floor":22,"turns":12},{"damage":13,"enemies":"Cultist and Chosen","floor":24,"turns":8},{"damage":28,"enemies":"Centurion and Healer","floor":25,"turns":11},{"damage":49,"enemies":"Book of Stabbing","floor":28,"turns":9},{"damage":6,"enemies":"Chosen and Byrds","floor":30,"turns":6},{"damage":49,"enemies":"Champ","floor":33,"turns":11},{"damage":5,"enemies":"Orb Walker","floor":35,"turns":4},{"damage":39,"enemies":"3 Darklings","floor":36,"turns":10},{"damage":53,"enemies":"Writhing Mass","floor":37,"turns":10},{"damage":26,"enemies":"Maw","floor":38,"turns":7}],"seed_played":"-4837551359951272540","potions_obtained":[{"floor":1,"key":"Explosive Potion"},{"floor":3,"key":"Poison Potion"},{"floor":10,"key":"Poison Potion"},{"floor":16,"key":"Strength Potion"},{"floor":19,"key":"Fruit Juice"},{"floor":19,"key":"PowerPotion"},{"floor":21,"key":"Fire Potion"},{"floor":30,"key":"Swift Potion"},{"floor":33,"key":"Block Potion"},{"floor":37,"key":"Strength Potion"}],"is_trial":false,"path_per_floor":["M","M","M","M","M","R","$","R","T","M","$","M","M","M","R","B",null,"M","?","M","M","M","R","M","M","T","?","E","$","M","?","R","B",null,"M","M","M","M"],"character_chosen":"IRONCLAD","items_purchased":["Warcry","Vajra","Cleave","Poison Potion"],"campfire_rested":2,"item_purchase_floors":[7,11,11,29],"current_hp_per_floor":[80,80,80,78,68,68,68,68,68,74,74,80,76,80,80,70,80,66,66,71,38,21,58,51,29,29,57,24,24,24,24,64,21,95,95,62,15,0],"gold":177,"neow_bonus":"REMOVE_CARD","is_prod":false,"is_daily":false,"chose_seed":false,"campfire_upgraded":3,"win_rate":0.0,"timestamp":1545780667,"path_taken":["M","M","?","M","M","R","$","R","T","M","?","M","M","M","R","BOSS","M","?","M","?","M","R","M","M","T","?","E","$","M","?","R","BOSS","M","M","M","M"],"build_version":"2018-12-20","purchased_purges":1,"victory":false,"max_hp_per_floor":[80,80,80,80,80,80,80,80,80,80,80,80,80,80,80,80,80,80,80,85,85,85,85,85,85,85,85,95,95,95,95,95,95,95,95,95,95,95],"card_choices":[{"not_picked":["Seeing Red","Sword Boomerang"],"picked":"Flame Barrier","floor":1},{"not_picked":["Perfected Strike","Headbutt"],"picked":"Shrug It Off","floor":2},{"not_picked":["Warcry","Headbutt"],"picked":"Iron Wave","floor":3},{"not_picked":["Uppercut","True Grit","Clash"],"picked":"SKIP","floor":4},{"not_picked":["Clothesline","True Grit"],"picked":"Inflame","floor":5},{"not_picked":["Clash","Combust"],"picked":"Headbutt","floor":10},{"not_picked":["Brutality","Inflame"],"picked":"Second Wind","floor":12},{"not_picked":["Dual Wield","Whirlwind"],"picked":"Iron Wave","floor":13},{"not_picked":["Bloodletting","Cleave"],"picked":"Dual Wield","floor":14},{"not_picked":["Offering","Impervious"],"picked":"Double Tap","floor":16},{"not_picked":["Inflame","Thunderclap+1"],"picked":"Flame Barrier","floor":18},{"not_picked":["Clash","Disarm","Headbutt+1"],"picked":"SKIP","floor":20},{"not_picked":["Warcry","Thunderclap+1"],"picked":"Shrug It Off","floor":21},{"not_picked":["Flame Barrier","Sword Boomerang"],"picked":"Rage","floor":22},{"not_picked":["Clothesline","Shrug It Off+1"],"picked":"Anger","floor":24},{"not_picked":["Dual Wield+1","Pummel"],"picked":"Iron Wave+1","floor":25},{"not_picked":["Carnage","Warcry","Intimidate"],"picked":"SKIP","floor":28},{"not_picked":["Shrug It Off","Clash+1"],"picked":"Demon Form","floor":30},{"not_picked":["Perfected Strike","Iron Wave"],"picked":"Pommel Strike+1","floor":34},{"not_picked":["Dual Wield","Body Slam"],"picked":"Anger+1","floor":34},{"not_picked":["Clothesline","Corruption"],"picked":"Body Slam","floor":34},{"not_picked":["Clothesline","Clash+1"],"picked":"Armaments","floor":35},{"not_picked":["Clash+1","Shrug It Off+1","Flex"],"picked":"SKIP","floor":36},{"not_picked":["Perfected Strike+1","Berserk","Thunderclap"],"picked":"SKIP","floor":37}],"player_experience":4355,"relics_obtained":[{"floor":9,"key":"Anchor"},{"floor":26,"key":"Mercury Hourglass"},{"floor":28,"key":"Pear"}],"event_choices":[{"damage_healed":0,"gold_gain":0,"player_choice":"Bought 2 Potions","damage_taken":0,"max_hp_gain":0,"max_hp_loss":0,"event_name":"The Woman in Blue","floor":19,"gold_loss":0},{"damage_healed":28,"gold_gain":0,"player_choice":"Heal","damage_taken":0,"max_hp_gain":0,"max_hp_loss":0,"event_name":"The Library","floor":27,"gold_loss":0},{"cards_removed":["Defend_R"],"damage_healed":0,"gold_gain":0,"player_choice":"Purged","damage_taken":0,"max_hp_gain":0,"max_hp_loss":0,"event_name":"Purifier","floor":31,"gold_loss":0}],"is_beta":false,"boss_relics":[{"not_picked":["Mark of Pain","Cursed Key"],"picked":"Eternal Feather"},{"not_picked":["Black Star","Coffee Dripper"],"picked":"Orrery"}],"items_purged_floors":[29],"is_endless":false,"potions_floor_spawned":[1,3,10,16,21,30,33,37],"killed_by":"Maw","ascension_level":0}