{"gold_per_floor":[113,129,129,149,74,115,115,161,214,214,248,266,285,309,309,402,402,422,372,390,409,23,62,62,62,62,98,98,123,161,179,179,179],"floor_reached":33,"playtime":1181,"items_purged":["Strike_R"],"score":555,"play_id":"b96972de-d8ac-4847-aa74-7af7bf44802c","local_time":"20190614193102","is_ascension_mode":true,"campfire_choices":[{"data":"Hemokinesis","floor":7,"key":"SMITH"},{"data":"Bash","floor":10,"key":"SMITH"},{"data":"Immolate","floor":15,"key":"SMITH"},{"data":"Feed","floor":24,"key":"SMITH"},{"data":"Spot Weakness","floor":28,"key":"SMITH"},{"data":"Metallicize","floor":32,"key":"SMITH"}],"neow_cost":"PERCENT_DAMAGE","seed_source_timestamp":84303765420239,"circlet_count":0,"master_deck":["AscendersBane","Strike_R","Strike_R","Strike_R","Defend_R","Defend_R","Defend_R","Defend_R","Bash+1","Battle Trance","Cleave","Hemokinesis+1","Shrug It Off","Shrug It Off","Immolate+1","Metallicize+1","Feed+1","Disarm","Spot Weakness+1","Thunderclap+1","Feel No Pain+1","Infernal Blade+1"],"relics":["Burning Blood","Magic Flower","Golden Idol","Bag of Marbles","Pen Nib","Blood Vial","Regal Pillow","Runic Dome","Bag of Preparation","Oddly Smooth Stone","Question Card","Mummified Hand","Red Skull","Toxic Egg 2"],"potions_floor_usage":[6,11,13,16,23,33,33],"damage_taken":[{"damage":14,"enemies":"Jaw Worm","floor":1,"turns":5},{"damage":0,"enemies":"Small Slimes","floor":2,"turns":3},{"damage":7,"enemies":"2 Louse","floor":4,"turns":3},{"damage":34,"enemies":"3 Sentries","floor":6,"turns":9},{"damage":20,"enemies":"Gremlin Nob","floor":11,"turns":3},{"damage":16,"enemies":"Exordium Thugs","floor":12,"turns":2},{"damage":8,"enemies":"Lots of Slimes","floor":13,"turns":4},{"damage":0,"enemies":"2 Fungi Beasts","floor":14,"turns":1},{"damage":23,"enemies":"Slime Boss","floor":16,"turns":5},{"damage":7,"enemies":"2 Thieves","floor":18,"turns":3},{"damage":3,"enemies":"Spheric Guardian","floor":20,"turns":3},{"damage":13,"enemies":"Snake Plant","floor":21,"turns":2},{"damage":11,"enemies":"Slavers","floor":23,"turns":2},{"damage":31,"enemies":"Book of Stabbing","floor":27,"turns":5},{"damage":15,"enemies":"Chosen and Byrds","floor":29,"turns":5},{"damage":17,"enemies":"Slavers","floor":30,"turns":2},{"damage":13,"enemies":"Cultist and Chosen","floor":31,"turns":5},{"damage":89,"enemies":"Champ","floor":33,"turns":9}],"seed_played":"680634638767063138","potions_obtained":[{"floor":1,"key":"SpeedPotion"},{"floor":6,"key":"FearPotion"},{"floor":11,"key":"Swift Potion"},{"floor":12,"key":"EssenceOfSteel"},{"floor":18,"key":"Weak Potion"},{"floor":20,"key":"Fire Potion"},{"floor":31,"key":"Swift Potion"}],"is_trial":false,"path_per_floor":["M","M","?","M","?","E","R","T","T","R","E","M","M","M","R","B",null,"M","?","M","M","$","E","R","$","T","E","R","M","E","M","R","B"],"character_chosen":"IRONCLAD","items_purchased":["Bag of Preparation","Oddly Smooth Stone"],"campfire_rested":0,"item_purchase_floors":[22,22],"current_hp_per_floor":[45,54,54,56,56,31,31,31,31,31,23,19,23,35,35,24,57,67,67,74,70,70,76,76,76,76,61,61,64,59,64,64,0],"gold":179,"neow_bonus":"ONE_RARE_RELIC","is_prod":false,"is_daily":false,"chose_seed":false,"campfire_upgraded":6,"win_rate":0,"timestamp":1560555062,"path_taken":["M","M","?","M","?","E","R","?","T","R","E","M","?","M","R","BOSS","M","?","M","M","$","E","R","?","T","E","R","M","E","M","R","BOSS"],"build_version":"2019-06-13","purchased_purges":1,"victory":false,"max_hp_per_floor":[75,75,68,68,68,68,68,68,68,68,68,68,68,68,68,68,68,71,71,74,74,74,77,77,77,77,81,81,85,85,89,89,89],"card_choices":[{"not_picked":["Metallicize","Cleave"],"picked":"Battle Trance","floor":1},{"not_picked":["Seeing Red","Armaments"],"picked":"Cleave","floor":2},{"not_picked":["Body Slam","Anger"],"picked":"Hemokinesis","floor":4},{"not_picked":["Bloodletting","Seeing Red","Body Slam"],"picked":"SKIP","floor":6},{"not_picked":["Bloodletting","Carnage"],"picked":"Shrug It Off","floor":11},{"not_picked":["Iron Wave","Clash"],"picked":"Shrug It Off","floor":12},{"not_picked":["Disarm","Clothesline"],"picked":"Immolate","floor":13},{"not_picked":["Iron Wave","Headbutt"],"picked":"Metallicize","floor":14},{"not_picked":["Reaper","Double Tap"],"picked":"Feed","floor":16},{"not_picked":["Warcry","Dual Wield","Heavy Blade"],"picked":"SKIP","floor":18},{"not_picked":["Entrench","Shrug It Off","Dual Wield"],"picked":"SKIP","floor":20},{"not_picked":["Blood for Blood","Shrug It Off"],"picked":"Disarm","floor":21},{"not_picked":["Thunderclap","Armaments","Reckless Charge"],"picked":"SKIP","floor":23},{"not_picked":["Shrug It Off+1","Twin Strike","Entrench"],"picked":"Spot Weakness","floor":27},{"not_picked":["Cleave","Shrug It Off","Iron Wave"],"picked":"Thunderclap+1","floor":29},{"not_picked":["Armaments","Reckless Charge+1","Body Slam+1"],"picked":"Feel No Pain+1","floor":30},{"not_picked":["Rupture","Anger","Twin Strike"],"picked":"Infernal Blade+1","floor":31}],"player_experience":2541420,"relics_obtained":[{"floor":6,"key":"Bag of Marbles"},{"floor":8,"key":"Pen Nib"},{"floor":9,"key":"Blood Vial"},{"floor":11,"key":"Regal Pillow"},{"floor":23,"key":"Question Card"},{"floor":26,"key":"Mummified Hand"},{"floor":27,"key":"Red Skull"},{"floor":30,"key":"Toxic Egg 2"}],"event_choices":[{"damage_healed":0,"gold_gain":0,"player_choice":"Lose Max HP","damage_taken":0,"relics_obtained":["Golden Idol"],"max_hp_gain":0,"max_hp_loss":7,"event_name":"Golden Idol","floor":3,"gold_loss":0},{"cards_removed":["Strike_R"],"damage_healed":0,"gold_gain":0,"player_choice":"Card Removal","damage_taken":0,"max_hp_gain":0,"max_hp_loss":0,"event_name":"The Cleric","floor":5,"gold_loss":75},{"damage_healed":0,"gold_gain":0,"player_choice":"Bet on Murderer","damage_taken":0,"max_hp_gain":0,"max_hp_loss":0,"event_name":"The Joust","floor":19,"gold_loss":50}],"is_beta":true,"boss_relics":[{"not_picked":["White Beast Statue","Runic Cube"],"picked":"Runic Dome"}],"items_purged_floors":[22],"is_endless":false,"potions_floor_spawned":[1,6,11,12,14,18,20,31],"killed_by":"Champ","ascension_level":15}