{"gold_per_floor":[111,125,22,40,51,51,51,51,51,51,79,79,7,41,41,141,141,160,13,31,41,41,73,73,90,117,117,131,146,160,187,187,292,292,309,409,423,98,98,133,133,149,149,0,0,0,11,26,26,26],"floor_reached":51,"playtime":4452,"items_purged":["Strike_B"],"score":717,"play_id":"44ea8c5c-ca22-4731-9612-1330f119b341","local_time":"20181229004822","is_ascension_mode":false,"campfire_choices":[{"data":"Redo","floor":6,"key":"SMITH"},{"data":"Conserve Battery","floor":8,"key":"SMITH"},{"data":"Defragment","floor":12,"key":"SMITH"},{"data":"Loop","floor":15,"key":"SMITH"},{"data":"Electrodynamics","floor":24,"key":"SMITH"},{"data":"Fission","floor":27,"key":"SMITH"},{"data":"Dualcast","floor":32,"key":"SMITH"},{"data":"Defragment","floor":41,"key":"SMITH"},{"data":"Fission","floor":49,"key":"SMITH"}],"neow_cost":"NONE","seed_source_timestamp":29602456887100,"circlet_count":0,"master_deck":["Strike_B","Strike_B","Strike_B","Defend_B","Defend_B","Defend_B","Defend_B","Zap+1","Dualcast+1","Sweeping Beam","Defragment+1","Redo+1","Cold Snap","Self Repair","Conserve Battery+1","Cold Snap","Loop+1","Glacier","Electrodynamics+1","Conserve Battery+1","Chill+1","Cold Snap","Barrage","Ball Lightning","Fission+1","Conserve Battery","FTL","Hologram","Barrage","Meteor Strike","White Noise+1","Steam+1","Conserve Battery+1","Defragment+1","Madness","Madness","Fission+1","Ball Lightning+1","Ball Lightning","Streamline+1"],"relics":["Cracked Core","Dodecahedron","Odd Mushroom","Unceasing Top","White Beast Statue","Darkstone Periapt","Happy Flower","Regal Pillow","Eternal Feather","Torii","Potion Belt","War Paint","Boot","Question Card","Bronze Scales","Red Mask"],"potions_floor_usage":[5,14,23,33,35,36,42,42,50,50,50,50],"damage_taken":[{"damage":0,"enemies":"2 Louse","floor":1,"turns":4},{"damage":0,"enemies":"Cultist","floor":2,"turns":4},{"damage":6,"enemies":"Jaw Worm","floor":4,"turns":3},{"damage":16,"enemies":"Large Slime","floor":5,"turns":5},{"damage":18,"enemies":"The Mushroom Lair","floor":11,"turns":4},{"damage":16,"enemies":"Lagavulin","floor":14,"turns":5},{"damage":17,"enemies":"The Guardian","floor":16,"turns":14},{"damage":0,"enemies":"Shell Parasite","floor":18,"turns":4},{"damage":11,"enemies":"Spheric Guardian","floor":20,"turns":4},{"damage":9,"enemies":"Centurion and Healer","floor":21,"turns":8},{"damage":9,"enemies":"Colosseum Slavers","floor":22,"turns":6},{"damage":10,"enemies":"Gremlin Leader","floor":23,"turns":10},{"damage":8,"enemies":"Snake Plant","floor":25,"turns":3},{"damage":5,"enemies":"Cultist and Chosen","floor":28,"turns":6},{"damage":5,"enemies":"Shelled Parasite and Fungi","floor":29,"turns":6},{"damage":0,"enemies":"Centurion and Healer","floor":30,"turns":6},{"damage":5,"enemies":"Book of Stabbing","floor":31,"turns":6},{"damage":15,"enemies":"Champ","floor":33,"turns":15},{"damage":4,"enemies":"3 Darklings","floor":35,"turns":4},{"damage":0,"enemies":"Mind Bloom Boss Battle","floor":36,"turns":3},{"damage":9,"enemies":"3 Shapes","floor":37,"turns":4},{"damage":22,"enemies":"Reptomancer","floor":40,"turns":5},{"damage":31,"enemies":"Transient","floor":42,"turns":5},{"damage":1,"enemies":"Sphere and 2 Shapes","floor":47,"turns":6},{"damage":0,"enemies":"4 Shapes","floor":48,"turns":5},{"damage":53,"enemies":"Time Eater","floor":50,"turns":15}],"seed_played":"5764951809378387092","potions_obtained":[{"floor":4,"key":"PowerPotion"},{"floor":5,"key":"SteroidPotion"},{"floor":11,"key":"GamblersBrew"},{"floor":18,"key":"SmokeBomb"},{"floor":20,"key":"Ancient Potion"},{"floor":21,"key":"Fire Potion"},{"floor":23,"key":"GamblersBrew"},{"floor":28,"key":"Fire Potion"},{"floor":30,"key":"Poison Potion"},{"floor":31,"key":"FocusPotion"},{"floor":33,"key":"FocusPotion"},{"floor":35,"key":"LiquidBronze"},{"floor":36,"key":"Strength Potion"},{"floor":40,"key":"Poison Potion"},{"floor":42,"key":"Weak Potion"},{"floor":47,"key":"SteroidPotion"},{"floor":48,"key":"LiquidBronze"}],"is_trial":false,"path_per_floor":["M","M","$","M","M","R","?","R","T","$","?","R","$","E","R","B",null,"M","$","M","M","?","E","R","M","T","R","M","M","M","E","R","B",null,"M","?","M","$","?","E","R","M","T","$","?","$","M","M","R","B",null],"character_chosen":"DEFECT","items_purchased":["Redo","Cold Snap","Loop","Chill","Defragment","Potion Belt","War Paint","Bronze Scales"],"campfire_rested":0,"item_purchase_floors":[3,3,13,19,38,38,38,44],"current_hp_per_floor":[75,75,75,69,60,60,85,85,85,85,74,74,74,65,65,55,85,85,85,81,79,77,74,74,66,66,66,68,70,77,72,72,64,85,85,85,76,76,65,50,71,47,47,47,47,47,53,60,84,38],"gold":26,"neow_bonus":"ONE_RANDOM_RARE_CARD","is_prod":false,"is_daily":false,"chose_seed":false,"campfire_upgraded":9,"win_rate":0,"timestamp":1546040902,"path_taken":["M","M","$","M","M","R","?","R","T","?","?","R","$","E","R","BOSS","M","$","M","M","?","E","R","M","T","R","M","M","M","E","R","BOSS","M","?","M","$","?","E","R","M","T","$","?","?","M","M","R","BOSS"],"build_version":"2018-12-20","purchased_purges":1,"victory":true,"max_hp_per_floor":[75,75,75,75,75,75,85,85,85,85,85,85,85,85,85,85,85,85,85,85,85,85,85,85,85,85,85,85,85,85,85,85,85,85,85,85,85,85,85,85,85,85,85,85,85,85,85,85,85,85],"card_choices":[{"not_picked":["Redo","Ball Lightning"],"picked":"Sweeping Beam","floor":1},{"not_picked":["Beam Cell","Go for the Eyes"],"picked":"Defragment","floor":2},{"not_picked":["Coolheaded","Aggregate"],"picked":"Self Repair","floor":4},{"not_picked":["Leap","Stack"],"picked":"Conserve Battery","floor":5},{"not_picked":["Turbo","Steam"],"picked":"Cold Snap","floor":11},{"not_picked":["Doom and Gloom","Rebound"],"picked":"Glacier","floor":14},{"not_picked":["Thunder Strike","Seek"],"picked":"Electrodynamics","floor":16},{"not_picked":["Steam Power","Barrage"],"picked":"Conserve Battery+1","floor":18},{"not_picked":["Glacier","Coolheaded"],"picked":"Cold Snap","floor":20},{"not_picked":["Beam Cell+1","Leap"],"picked":"Barrage","floor":21},{"not_picked":["Go for the Eyes","Skim"],"picked":"Ball Lightning","floor":23},{"not_picked":["Redo","Steam"],"picked":"Fission","floor":25},{"not_picked":["Scrape+1","Gash"],"picked":"Conserve Battery","floor":28},{"not_picked":["Coolheaded","Turbo"],"picked":"FTL","floor":29},{"not_picked":["Cold Snap","Conserve Battery"],"picked":"Hologram","floor":30},{"not_picked":["Force Field+1","Aggregate"],"picked":"Barrage","floor":31},{"not_picked":["Hyperbeam","Seek"],"picked":"Meteor Strike","floor":33},{"not_picked":["Beam Cell","Chaos+1"],"picked":"White Noise+1","floor":35},{"not_picked":["Static Discharge+1","Coolheaded"],"picked":"Steam+1","floor":36},{"not_picked":["Beam Cell+1","Stack"],"picked":"Conserve Battery+1","floor":37},{"not_picked":["Storm+1","Beam Cell"],"picked":"Fission","floor":40},{"not_picked":["Coolheaded","Compile Driver+1"],"picked":"Ball Lightning+1","floor":42},{"not_picked":["Sweeping Beam+1","Rebound","Compile Driver+1"],"picked":"Ball Lightning","floor":47},{"not_picked":["Sweeping Beam","Redo","Go for the Eyes"],"picked":"Streamline+1","floor":48}],"player_experience":72354,"relics_obtained":[{"floor":9,"key":"Dodecahedron"},{"floor":11,"key":"Odd Mushroom"},{"floor":14,"key":"Unceasing Top"},{"floor":23,"key":"Darkstone Periapt"},{"floor":26,"key":"Happy Flower"},{"floor":31,"key":"Regal Pillow"},{"floor":36,"key":"Torii"},{"floor":40,"key":"Boot"},{"floor":43,"key":"Question Card"}],"event_choices":[{"cards_removed":["Amplify"],"damage_healed":15,"gold_gain":0,"player_choice":"Offered Rare","damage_taken":0,"max_hp_gain":10,"max_hp_loss":0,"event_name":"Bonfire Elementals","floor":7,"gold_loss":0},{"damage_healed":0,"gold_gain":0,"player_choice":"Fought Mushrooms","damage_taken":0,"max_hp_gain":0,"max_hp_loss":0,"event_name":"Mushrooms","floor":11,"gold_loss":0},{"damage_healed":0,"gold_gain":0,"player_choice":"Fight","damage_taken":0,"max_hp_gain":0,"max_hp_loss":0,"event_name":"Colosseum","floor":22,"gold_loss":0},{"damage_healed":0,"gold_gain":0,"player_choice":"Fled From Nobs","damage_taken":0,"max_hp_gain":0,"max_hp_loss":0,"event_name":"Colosseum","floor":22,"gold_loss":0},{"damage_healed":0,"gold_gain":0,"player_choice":"Fight","damage_taken":0,"max_hp_gain":0,"max_hp_loss":0,"event_name":"MindBloom","floor":36,"gold_loss":0},{"damage_healed":0,"gold_gain":0,"player_choice":"Embrace Madness","damage_taken":11,"max_hp_gain":0,"max_hp_loss":0,"event_name":"Winding Halls","floor":39,"gold_loss":0,"cards_obtained":["Madness","Madness"]},{"damage_healed":0,"gold_gain":0,"player_choice":"Paid","damage_taken":0,"relics_obtained":["Red Mask"],"max_hp_gain":0,"max_hp_loss":0,"event_name":"Tomb of Lord Red Mask","floor":45,"gold_loss":0}],"is_beta":false,"boss_relics":[{"not_picked":["Philosopher\u0027s Stone","Velvet Choker"],"picked":"White Beast Statue"},{"not_picked":["Sozu","Snecko Eye"],"picked":"Eternal Feather"}],"items_purged_floors":[19],"is_endless":false,"potions_floor_spawned":[4,5,11,18,20,21,22,23,25,28,29,30,31,33,35,36,37,40,42,47,48],"ascension_level":0}