{"gold_per_floor":[115,130,130,305,305,305,334,344,369,394,406,20,20,46,46,141,141,159,179,179,79,79,110,110,209,209,220,240,251,251,263,263,368,368,382,121,171,95,195,195,222,37,37,37,47,81,116,133,133,133],"floor_reached":50,"playtime":3995,"items_purged":["Strike_G","Dodge and Roll","Strike_G"],"score":609,"play_id":"65592165-6c8c-4dde-8c4e-a3e2133c8eb5","local_time":"20190815200334","is_ascension_mode":true,"campfire_choices":[{"data":"Neutralize","floor":6,"key":"SMITH"},{"floor":11,"key":"REST"},{"floor":13,"key":"REST"},{"data":"Survivor","floor":15,"key":"SMITH"},{"floor":24,"key":"REST"},{"floor":30,"key":"REST"},{"floor":32,"key":"REST"},{"data":"Tactician","floor":40,"key":"SMITH"},{"floor":44,"key":"REST"},{"floor":49,"key":"RECALL"}],"neow_cost":"TEN_PERCENT_HP_LOSS","seed_source_timestamp":23834446676800,"circlet_count":0,"master_deck":["Strike_G","Strike_G","Defend_G","Defend_G","Defend_G","Survivor+1","Neutralize+1","Dagger Throw","Backflip","Flying Knee","Prepared","Eviscerate","Corpse Explosion","Underhanded Strike+1","Bouncing Flask+1","Dagger Throw","Storm of Steel","Die Die Die","Backflip+1","Tactician+1","Accuracy","Leg Sweep","Dash","Transmutation","Acrobatics+1","Wraith Form v2"],"relics":["Ring of the Snake","Bag of Preparation","MawBank","Tiny Chest","Medical Kit","Centennial Puzzle","Snecko Eye","Calipers","The Specimen","Black Star","WingedGreaves","StoneCalendar","Strawberry","Ice Cream","Singing Bowl","Prayer Wheel","Vajra","Bottled Tornado","PreservedInsect"],"potions_floor_usage":[14,16,28,29,29,33,33,41,41,46,47,50],"damage_taken":[{"damage":0,"enemies":"2 Louse","floor":1,"turns":3},{"damage":0,"enemies":"Small Slimes","floor":2,"turns":3},{"damage":40,"enemies":"3 Sentries","floor":7,"turns":11},{"damage":0,"enemies":"Jaw Worm","floor":8,"turns":4},{"damage":5,"enemies":"Lots of Slimes","floor":10,"turns":4},{"damage":7,"enemies":"Gremlin Nob","floor":14,"turns":4},{"damage":25,"enemies":"Hexaghost","floor":16,"turns":16},{"damage":32,"enemies":"Spheric Guardian","floor":18,"turns":6},{"damage":0,"enemies":"3 Byrds","floor":19,"turns":2},{"damage":46,"enemies":"Book of Stabbing","floor":23,"turns":7},{"damage":4,"enemies":"Snecko","floor":27,"turns":3},{"damage":13,"enemies":"Centurion and Healer","floor":28,"turns":3},{"damage":0,"enemies":"Cultist and Chosen","floor":29,"turns":3},{"damage":1,"enemies":"Snecko","floor":31,"turns":3},{"damage":33,"enemies":"Champ","floor":33,"turns":6},{"damage":9,"enemies":"Orb Walker","floor":35,"turns":3},{"damage":12,"enemies":"2 Orb Walkers","floor":37,"turns":2},{"damage":0,"enemies":"Mind Bloom Boss Battle","floor":39,"turns":8},{"damage":35,"enemies":"Nemesis","floor":41,"turns":7},{"damage":0,"enemies":"3 Darklings","floor":45,"turns":2},{"damage":5,"enemies":"Reptomancer","floor":46,"turns":5},{"damage":17,"enemies":"Giant Head","floor":47,"turns":7},{"damage":3,"enemies":"Jaw Worm Horde","floor":48,"turns":3},{"damage":41,"enemies":"Time Eater","floor":50,"turns":4}],"seed_played":"9169882029853396186","potions_obtained":[{"floor":1,"key":"Dexterity Potion"},{"floor":7,"key":"Energy Potion"},{"floor":8,"key":"SneckoOil"},{"floor":14,"key":"GamblersBrew"},{"floor":23,"key":"SneckoOil"},{"floor":28,"key":"SteroidPotion"},{"floor":29,"key":"AttackPotion"},{"floor":33,"key":"Weak Potion"},{"floor":39,"key":"AttackPotion"},{"floor":41,"key":"GhostInAJar"},{"floor":45,"key":"PowerPotion"},{"floor":47,"key":"Block Potion"}],"is_trial":false,"path_per_floor":["M","M","?","?","?","R","E","M","T","M","R","$","R","E","R","B",null,"M","M","T","$","?","E","R","?","T","M","M","M","R","M","R","B",null,"M","$","?","$","?","R","E","$","T","R","M","E","E","M","R","B"],"character_chosen":"THE_SILENT","items_purchased":["Tiny Chest","Medical Kit","Tactician","Accuracy","Regen Potion","Transmutation"],"campfire_rested":6,"item_purchase_floors":[12,12,36,36,38,42],"current_hp_per_floor":[63,63,56,56,56,56,16,16,16,11,29,29,47,40,40,15,63,31,31,31,31,52,6,24,24,24,20,7,7,25,24,42,9,63,54,54,42,42,42,42,28,28,28,49,49,44,29,30,30,0],"gold":133,"neow_bonus":"REMOVE_TWO","is_prod":false,"is_daily":false,"chose_seed":false,"campfire_upgraded":3,"win_rate":0,"timestamp":1565892214,"path_taken":["M","M","?","?","?","R","E","?","T","?","R","$","R","E","R","BOSS","M","M","?","$","?","E","R","?","T","M","M","M","R","M","R","BOSS","M","$","?","$","?","R","E","$","T","R","M","E","E","?","R","BOSS"],"build_version":"2019-07-17","purchased_purges":3,"victory":false,"max_hp_per_floor":[63,63,63,63,63,63,63,63,63,63,63,63,63,63,63,63,63,63,63,63,63,63,63,63,63,63,63,63,63,63,63,63,63,63,63,63,63,63,63,63,70,70,70,70,70,70,72,76,76,76],"card_choices":[{"not_picked":["Bane","Deflect"],"picked":"Dagger Throw","floor":1},{"not_picked":["Masterful Stab","Flechettes"],"picked":"Backflip","floor":2},{"not_picked":["Sucker Punch","Backflip"],"picked":"Dodge and Roll","floor":7},{"not_picked":["Deflect","Bouncing Flask"],"picked":"Flying Knee","floor":8},{"not_picked":["PiercingWail","Deadly Poison"],"picked":"Prepared","floor":10},{"not_picked":["Phantasmal Killer","Deadly Poison"],"picked":"Eviscerate","floor":14},{"not_picked":["Doppelganger","After Image"],"picked":"Corpse Explosion","floor":16},{"not_picked":["Finisher+1","Acrobatics"],"picked":"Underhanded Strike+1","floor":18},{"not_picked":["All Out Attack","Quick Slash+1","Finisher"],"picked":"SKIP","floor":19},{"not_picked":["Caltrops","Quick Slash","Deadly Poison"],"picked":"SKIP","floor":23},{"not_picked":["Backflip","Catalyst+1","Flying Knee"],"picked":"SKIP","floor":27},{"not_picked":["PiercingWail","Heel Hook"],"picked":"Bouncing Flask+1","floor":28},{"not_picked":["Bane","Footwork"],"picked":"Dagger Throw","floor":29},{"not_picked":["Sucker Punch","All Out Attack+1"],"picked":"Storm of Steel","floor":31},{"not_picked":["Malaise","Glass Knife"],"picked":"Die Die Die","floor":33},{"not_picked":["Deadly Poison","PiercingWail"],"picked":"Backflip+1","floor":35},{"not_picked":["Bane","Corpse Explosion"],"picked":"Leg Sweep","floor":37},{"not_picked":["Dagger Spray+1","Cloak And Dagger+1"],"picked":"Dash","floor":41},{"not_picked":["Bane+1","Dagger Throw+1"],"picked":"Acrobatics+1","floor":45},{"not_picked":["Leg Sweep","Finisher+1"],"picked":"Wraith Form v2","floor":46},{"not_picked":["Underhanded Strike","Backstab","Footwork"],"picked":"Singing Bowl","floor":47},{"not_picked":["Backflip","Quick Slash","Endless Agony+1"],"picked":"Singing Bowl","floor":48},{"not_picked":["Sucker Punch","Backstab","Distraction+1"],"picked":"Singing Bowl","floor":48}],"player_experience":97066,"relics_obtained":[{"floor":7,"key":"Bag of Preparation"},{"floor":9,"key":"MawBank"},{"floor":14,"key":"Centennial Puzzle"},{"floor":23,"key":"Calipers"},{"floor":26,"key":"The Specimen"},{"floor":37,"key":"WingedGreaves"},{"floor":39,"key":"StoneCalendar"},{"floor":41,"key":"Strawberry"},{"floor":41,"key":"Ice Cream"},{"floor":43,"key":"Singing Bowl"},{"floor":46,"key":"Prayer Wheel"},{"floor":46,"key":"Vajra"},{"floor":47,"key":"Bottled Tornado"},{"floor":47,"key":"PreservedInsect"}],"event_choices":[{"cards_removed":["Strike_G"],"damage_healed":0,"gold_gain":0,"player_choice":"Card Removal","damage_taken":7,"max_hp_gain":0,"max_hp_loss":0,"event_name":"Golden Wing","floor":3,"gold_loss":0},{"damage_healed":0,"gold_gain":175,"player_choice":"AGREE","damage_taken":0,"max_hp_gain":0,"max_hp_loss":0,"event_name":"Liars Game","floor":4,"gold_loss":0,"cards_obtained":["Doubt"]},{"cards_removed":["Doubt"],"damage_healed":0,"gold_gain":0,"player_choice":"Purged","damage_taken":0,"max_hp_gain":0,"max_hp_loss":0,"event_name":"Purifier","floor":5,"gold_loss":0},{"damage_healed":21,"gold_gain":0,"player_choice":"Heal","damage_taken":0,"max_hp_gain":0,"max_hp_loss":0,"event_name":"The Library","floor":22,"gold_loss":0},{"damage_healed":0,"gold_gain":99,"player_choice":"Stole From Cult","damage_taken":0,"max_hp_gain":0,"max_hp_loss":0,"event_name":"Nest","floor":25,"gold_loss":0},{"damage_healed":0,"gold_gain":0,"player_choice":"Fight","damage_taken":0,"max_hp_gain":0,"max_hp_loss":0,"event_name":"Mysterious Sphere","floor":37,"gold_loss":0},{"damage_healed":0,"gold_gain":0,"player_choice":"Fight","damage_taken":0,"max_hp_gain":0,"max_hp_loss":0,"event_name":"MindBloom","floor":39,"gold_loss":0}],"is_beta":false,"boss_relics":[{"not_picked":["HoveringKite","Sozu"],"picked":"Snecko Eye"},{"not_picked":["Runic Pyramid","Velvet Choker"],"picked":"Black Star"}],"items_purged_floors":[12,21,36],"is_endless":false,"potions_floor_spawned":[1,7,8,14,23,28,29,33,39,41,45,47],"killed_by":"Time Eater","ascension_level":1}