{"gold_per_floor":[111,42,55,69,69,69,69,85,110,110,128,144,169,189,189,294,294,310,329,329,254,274,129,129,129,181,181,181,181,512,532,532,532],"floor_reached":33,"playtime":3086,"items_purged":["Strike_R","Strike_R"],"score":267,"play_id":"d3790ff7-4827-4da6-8016-0f87483caa20","local_time":"20190825180849","is_ascension_mode":false,"campfire_choices":[{"data":"Infernal Blade","floor":6,"key":"SMITH"},{"data":"Uppercut","floor":10,"key":"SMITH"},{"data":"Shockwave","floor":15,"key":"SMITH"},{"data":"Barricade","floor":24,"key":"SMITH"},{"data":"Armaments","floor":29,"key":"SMITH"},{"data":"Seeing Red","floor":32,"key":"SMITH"}],"neow_cost":"NONE","seed_source_timestamp":366102062071800,"circlet_count":0,"master_deck":["Strike_R","Strike_R+1","Strike_R","Defend_R","Defend_R","Defend_R","Defend_R","Bash","Infernal Blade+1","Whirlwind+1","Shrug It Off","Armaments","Uppercut+1","Armaments","Shockwave+1","Armaments+1","Barricade+1","Second Wind+1","Seeing Red+1","Ghostly Armor+1","Shrug It Off","Feel No Pain","Shockwave"],"relics":["Burning Blood","Vajra","Blood Vial","Coffee Dripper","Omamori","Old Coin"],"potions_floor_usage":[30,33],"damage_taken":[{"damage":1,"enemies":"Cultist","floor":1,"turns":3},{"damage":0,"enemies":"2 Louse","floor":3,"turns":1},{"damage":0,"enemies":"Jaw Worm","floor":4,"turns":3},{"damage":0,"enemies":"Gremlin Gang","floor":8,"turns":1},{"damage":0,"enemies":"Looter","floor":11,"turns":1},{"damage":0,"enemies":"Exordium Wildlife","floor":12,"turns":3},{"damage":19,"enemies":"Lagavulin","floor":13,"turns":7},{"damage":0,"enemies":"3 Louse","floor":14,"turns":1},{"damage":56,"enemies":"Slime Boss","floor":16,"turns":18},{"damage":5,"enemies":"Chosen","floor":18,"turns":3},{"damage":7,"enemies":"Shell Parasite","floor":19,"turns":3},{"damage":17,"enemies":"Centurion and Healer","floor":22,"turns":10},{"damage":26,"enemies":"Gremlin Leader","floor":30,"turns":11},{"damage":0,"enemies":"Snake Plant","floor":31,"turns":5},{"damage":58,"enemies":"Collector","floor":33,"turns":17}],"seed_played":"7856380342983620293","potions_obtained":[{"floor":1,"key":"SneckoOil"},{"floor":4,"key":"Block Potion"},{"floor":7,"key":"Fire Potion"},{"floor":7,"key":"Poison Potion"},{"floor":7,"key":"GamblersBrew"},{"floor":8,"key":"Strength Potion"}],"is_trial":false,"path_per_floor":["M","$","M","M","?","R","?","M","T","R","M","M","E","M","R","B",null,"M","M","?","$","M","$","R","?","T","?","?","R","E","M","R","B"],"character_chosen":"IRONCLAD","items_purchased":["Whirlwind","Shrug It Off"],"campfire_rested":0,"item_purchase_floors":[2,23],"current_hp_per_floor":[88,88,88,88,70,70,70,76,76,76,82,88,75,83,83,35,88,88,87,70,70,61,61,61,61,61,61,61,61,43,51,51,0],"gold":532,"neow_bonus":"TEN_PERCENT_HP_BONUS","is_prod":false,"is_daily":false,"chose_seed":false,"campfire_upgraded":6,"win_rate":0.0,"timestamp":1566752929,"path_taken":["M","?","M","M","?","R","?","M","T","R","M","M","E","M","R","BOSS","M","?","?","$","M","$","R","?","T","?","?","R","E","M","R","BOSS"],"build_version":"2019-07-17","purchased_purges":2,"victory":false,"max_hp_per_floor":[88,88,88,88,88,88,88,88,88,88,88,88,88,88,88,88,88,88,88,93,93,93,93,93,93,93,93,93,93,93,93,93,93],"card_choices":[{"not_picked":["Body Slam","Clash"],"picked":"Infernal Blade","floor":1},{"not_picked":["Intimidate","Warcry"],"picked":"Shrug It Off","floor":3},{"not_picked":["Battle Trance","Anger"],"picked":"Armaments","floor":4},{"not_picked":["Reckless Charge","Warcry"],"picked":"Uppercut","floor":8},{"not_picked":["Dropkick","Infernal Blade"],"picked":"Armaments","floor":11},{"not_picked":["Warcry","Bludgeon"],"picked":"Shockwave","floor":12},{"not_picked":["Flex","Limit Break","Blood for Blood"],"picked":"SKIP","floor":13},{"not_picked":["Warcry","Hemokinesis"],"picked":"Armaments","floor":14},{"not_picked":["Brutality","Berserk"],"picked":"Barricade","floor":16},{"not_picked":["Carnage+1","Clothesline"],"picked":"Second Wind+1","floor":18},{"not_picked":["Clash","Cleave+1"],"picked":"Seeing Red","floor":19},{"not_picked":["Blood for Blood","Corruption"],"picked":"Ghostly Armor+1","floor":22},{"not_picked":["Disarm","Iron Wave"],"picked":"Shockwave","floor":30},{"not_picked":["Twin Strike","Heavy Blade","True Grit"],"picked":"SKIP","floor":31}],"player_experience":24763,"relics_obtained":[{"floor":9,"key":"Vajra"},{"floor":13,"key":"Blood Vial"},{"floor":26,"key":"Omamori"},{"floor":30,"key":"Old Coin"}],"event_choices":[{"damage_healed":0,"gold_gain":0,"player_choice":"Entered Light","damage_taken":18,"max_hp_gain":0,"max_hp_loss":0,"event_name":"Shining Light","floor":5,"gold_loss":0,"cards_upgraded":["Strike_R","Whirlwind"]},{"damage_healed":0,"gold_gain":0,"player_choice":"Got Potions","damage_taken":0,"max_hp_gain":0,"max_hp_loss":0,"event_name":"Lab","floor":7,"gold_loss":0},{"damage_healed":0,"gold_gain":0,"player_choice":"Shed Blood","damage_taken":22,"max_hp_gain":5,"max_hp_loss":0,"event_name":"Forgotten Altar","floor":20,"gold_loss":0},{"damage_healed":0,"gold_gain":0,"player_choice":"Read","damage_taken":0,"max_hp_gain":0,"max_hp_loss":0,"event_name":"The Library","floor":25,"gold_loss":0,"cards_obtained":["Feel No Pain"]},{"damage_healed":0,"gold_gain":0,"player_choice":"Ignored","damage_taken":0,"max_hp_gain":0,"max_hp_loss":0,"event_name":"Ghosts","floor":27,"gold_loss":0},{"cards_removed":["Strike_R"],"damage_healed":0,"gold_gain":0,"player_choice":"Took Card","damage_taken":0,"max_hp_gain":0,"max_hp_loss":0,"event_name":"NoteForYourself","floor":28,"gold_loss":0,"cards_obtained":["Strike_R"]}],"is_beta":false,"boss_relics":[{"not_picked":["Runic Cube","White Beast Statue"],"picked":"Coffee Dripper"}],"items_purged_floors":[21,23],"is_endless":false,"potions_floor_spawned":[1,4,8,16,19],"killed_by":"Collector","ascension_level":0}