{"gold_per_floor":[116,136,136,148,73,100,100,25,25,25,35,55,85,95,95,172,172,192,192,192,18,38,38,68,93,147,173,173,127,143,153,153,231,231,248,258,55,67,80,80,100,100,100,120,148,163,163,518,518,518,518,518,80,105,105],"floor_reached":56,"playtime":2638,"items_purged":["Strike_R","Strike_R","Strike_R"],"score":2001,"play_id":"332d3a45-35c1-4ba9-9a8b-3e1713efaf3c","local_time":"20190707212914","is_ascension_mode":true,"campfire_choices":[{"data":"Twin Strike","floor":7,"key":"SMITH"},{"data":"Armaments","floor":10,"key":"SMITH"},{"data":"True Grit","floor":15,"key":"SMITH"},{"data":"Ghostly","floor":23,"key":"SMITH"},{"data":"Ghostly","floor":28,"key":"SMITH"},{"data":"Heavy Blade","floor":32,"key":"SMITH"},{"floor":40,"key":"RECALL"},{"data":"Demon Form","floor":42,"key":"SMITH"},{"data":"Ghostly","floor":49,"key":"SMITH"},{"data":"Offering","floor":52,"key":"SMITH"}],"neow_cost":"NONE","seed_source_timestamp":255376498496751,"circlet_count":0,"master_deck":["AscendersBane","Strike_R","Defend_R","Defend_R","Defend_R","Defend_R","Bash+1","Twin Strike+1","Feed+1","Armaments+1","Anger","True Grit+1","Shrug It Off","Reaper","Body Slam+1","Ghostly+1","Ghostly+1","Ghostly+1","J.A.X.","Spot Weakness","Evolve+1","Headbutt","Battle Trance","Heavy Blade+1","Offering+1","Feel No Pain","Warcry+1","Demon Form+1","Shockwave+1","Limit Break"],"relics":["Burning Blood","Turnip","Question Card","Pocketwatch","Busted Crown","Prayer Wheel","Happy Flower","Blood Vial","Black Star","Strange Spoon","Kunai","Nunchaku","Bottled Lightning","Old Coin","Mummified Hand","Oddly Smooth Stone","Pantograph"],"potions_floor_usage":[13,24,48,55,55],"damage_taken":[{"damage":6,"enemies":"Jaw Worm","floor":1,"turns":4},{"damage":6,"enemies":"Small Slimes","floor":2,"turns":4},{"damage":6,"enemies":"Cultist","floor":4,"turns":5},{"damage":30,"enemies":"Lagavulin","floor":6,"turns":6},{"damage":5,"enemies":"Looter","floor":11,"turns":5},{"damage":9,"enemies":"2 Fungi Beasts","floor":12,"turns":4},{"damage":37,"enemies":"3 Sentries","floor":13,"turns":9},{"damage":0,"enemies":"Blue Slaver","floor":14,"turns":4},{"damage":7,"enemies":"The Guardian","floor":16,"turns":13},{"damage":12,"enemies":"Spheric Guardian","floor":18,"turns":7},{"damage":2,"enemies":"Chosen","floor":22,"turns":4},{"damage":6,"enemies":"Slavers","floor":24,"turns":6},{"damage":20,"enemies":"Gremlin Leader","floor":27,"turns":7},{"damage":14,"enemies":"Snake Plant","floor":30,"turns":5},{"damage":2,"enemies":"Snecko","floor":31,"turns":6},{"damage":35,"enemies":"Collector","floor":33,"turns":11},{"damage":10,"enemies":"3 Darklings","floor":35,"turns":6},{"damage":1,"enemies":"3 Shapes","floor":36,"turns":5},{"damage":27,"enemies":"Sphere and 2 Shapes","floor":38,"turns":7},{"damage":13,"enemies":"Jaw Worm Horde","floor":39,"turns":7},{"damage":56,"enemies":"Spire Growth","floor":41,"turns":7},{"damage":11,"enemies":"Sphere and 2 Shapes","floor":44,"turns":5},{"damage":27,"enemies":"Giant Head","floor":45,"turns":8},{"damage":11,"enemies":"Transient","floor":46,"turns":5},{"damage":18,"enemies":"2 Orb Walkers","floor":48,"turns":6},{"damage":73,"enemies":"Time Eater","floor":50,"turns":7},{"damage":14,"enemies":"Shield and Spear","floor":54,"turns":8},{"damage":52,"enemies":"The Heart","floor":55,"turns":8}],"seed_played":"1350482472650370860","potions_obtained":[{"floor":6,"key":"FearPotion"},{"floor":11,"key":"Regen Potion"},{"floor":13,"key":"SteroidPotion"},{"floor":33,"key":"Regen Potion"}],"is_trial":false,"path_per_floor":["M","M","?","M","$","E","R","?","T","R","M","M","E","M","R","B",null,"M","?","?","$","M","R","E","T","T","E","R","$","M","M","R","B",null,"M","M","$","M","M","R","M","R","T","M","E","M","?","?","R","B",null,"R","$","E","B",null],"character_chosen":"IRONCLAD","items_purchased":["Spot Weakness","Headbutt","Strange Spoon","Ancient Potion","Mummified Hand"],"campfire_rested":0,"item_purchase_floors":[21,29,37,53,53],"current_hp_per_floor":[68,68,68,72,72,52,52,52,52,52,57,58,46,56,56,59,92,90,53,53,53,57,57,61,61,61,51,51,51,57,71,71,48,70,72,85,85,72,82,82,79,79,79,80,61,73,73,103,103,87,107,107,107,117,110],"gold":105,"neow_bonus":"UPGRADE_CARD","is_prod":false,"is_daily":false,"chose_seed":false,"campfire_upgraded":9,"win_rate":0,"timestamp":1562549354,"path_taken":["M","M","?","M","$","E","R","?","T","R","M","M","E","M","R","BOSS","M","?","?","$","M","R","E","?","T","E","R","$","M","M","R","BOSS","M","M","$","?","M","R","M","R","T","M","E","M","?","?","R","BOSS","R","$","E","BOSS"],"build_version":"2019-07-03","purchased_purges":3,"victory":true,"max_hp_per_floor":[75,75,75,79,79,83,83,83,83,83,87,91,95,99,99,103,103,107,53,53,53,57,57,61,61,61,65,65,65,69,73,73,77,77,81,85,85,93,101,101,105,105,105,109,109,109,109,113,113,113,113,113,113,117,117],"card_choices":[{"not_picked":["Armaments","Sword Boomerang"],"picked":"Twin Strike","floor":1},{"not_picked":["Heavy Blade","Clash"],"picked":"Feed","floor":2},{"not_picked":["Intimidate","True Grit"],"picked":"Armaments","floor":4},{"not_picked":["Iron Wave","Evolve","Burning Pact"],"picked":"SKIP","floor":6},{"not_picked":["True Grit","Flex","Pommel Strike"],"picked":"Anger","floor":11},{"not_picked":["Ghostly Armor","Anger","Thunderclap"],"picked":"True Grit","floor":12},{"not_picked":["Thunderclap","Warcry","Armaments"],"picked":"Shrug It Off","floor":13},{"not_picked":["Warcry","Shrug It Off","Sword Boomerang","Twin Strike"],"picked":"SKIP","floor":14},{"not_picked":["Brutality","Impervious","Juggernaut"],"picked":"Reaper","floor":16},{"not_picked":["Warcry"],"picked":"Body Slam+1","floor":18},{"not_picked":["Seeing Red","Warcry"],"picked":"SKIP","floor":22},{"not_picked":["True Grit","Cleave"],"picked":"SKIP","floor":24},{"not_picked":["Headbutt"],"picked":"Evolve+1","floor":27},{"not_picked":["Rage"],"picked":"Battle Trance","floor":30},{"not_picked":["Iron Wave","Perfected Strike"],"picked":"SKIP","floor":30},{"not_picked":["Cleave"],"picked":"Heavy Blade","floor":31},{"not_picked":["Perfected Strike","Bludgeon"],"picked":"SKIP","floor":31},{"not_picked":["Reaper"],"picked":"Offering","floor":33},{"not_picked":["Anger"],"picked":"Feel No Pain","floor":35},{"not_picked":["Armaments","Ghostly Armor"],"picked":"SKIP","floor":35},{"not_picked":["Clash","True Grit"],"picked":"SKIP","floor":36},{"not_picked":["Shrug It Off","Anger"],"picked":"SKIP","floor":36},{"not_picked":["Cleave","Headbutt"],"picked":"SKIP","floor":38},{"not_picked":["Havoc","Seeing Red"],"picked":"SKIP","floor":38},{"not_picked":["Wild Strike"],"picked":"Warcry+1","floor":39},{"not_picked":["Sword Boomerang","Havoc"],"picked":"SKIP","floor":39},{"not_picked":["Perfected Strike+1"],"picked":"Demon Form","floor":41},{"not_picked":["Body Slam","Headbutt"],"picked":"SKIP","floor":41},{"not_picked":["Warcry+1","Burning Pact"],"picked":"SKIP","floor":44},{"not_picked":["Clothesline","Ghostly Armor"],"picked":"SKIP","floor":44},{"not_picked":["Heavy Blade+1"],"picked":"Shockwave+1","floor":45},{"not_picked":["Infernal Blade+1"],"picked":"Limit Break","floor":46},{"not_picked":["Rage","Second Wind"],"picked":"SKIP","floor":46},{"not_picked":["Pommel Strike","Sentinel+1"],"picked":"SKIP","floor":54}],"player_experience":2609264,"relics_obtained":[{"floor":6,"key":"Turnip"},{"floor":9,"key":"Question Card"},{"floor":13,"key":"Pocketwatch"},{"floor":24,"key":"Prayer Wheel"},{"floor":26,"key":"Happy Flower"},{"floor":27,"key":"Blood Vial"},{"floor":43,"key":"Kunai"},{"floor":45,"key":"Nunchaku"},{"floor":45,"key":"Bottled Lightning"},{"floor":48,"key":"Old Coin"},{"floor":54,"key":"Oddly Smooth Stone"},{"floor":54,"key":"Pantograph"}],"event_choices":[{"damage_healed":0,"gold_gain":0,"player_choice":"Grow","damage_taken":0,"max_hp_gain":0,"max_hp_loss":0,"event_name":"Living Wall","floor":3,"gold_loss":0,"cards_upgraded":["Feed"]},{"cards_removed":["Strike_R"],"damage_healed":0,"gold_gain":0,"player_choice":"Card Removal","damage_taken":0,"max_hp_gain":0,"max_hp_loss":0,"event_name":"The Cleric","floor":8,"gold_loss":75},{"damage_healed":0,"gold_gain":0,"player_choice":"Became a Ghost","damage_taken":0,"max_hp_gain":0,"max_hp_loss":54,"event_name":"Ghosts","floor":19,"gold_loss":0,"cards_obtained":["Ghostly","Ghostly","Ghostly"]},{"damage_healed":0,"gold_gain":0,"player_choice":"Obtain J.A.X.","damage_taken":0,"max_hp_gain":0,"max_hp_loss":0,"event_name":"Drug Dealer","floor":20,"gold_loss":0,"cards_obtained":["J.A.X."]},{"damage_healed":0,"gold_gain":0,"player_choice":"Ignored","damage_taken":0,"max_hp_gain":0,"max_hp_loss":0,"event_name":"Tomb of Lord Red Mask","floor":47,"gold_loss":0},{"damage_healed":0,"gold_gain":0,"player_choice":"Fight","damage_taken":0,"max_hp_gain":0,"max_hp_loss":0,"event_name":"Mysterious Sphere","floor":48,"gold_loss":0}],"is_beta":true,"boss_relics":[{"not_picked":["Philosopher\u0027s Stone","Runic Dome"],"picked":"Busted Crown"},{"not_picked":["Black Blood","Snecko Eye"],"picked":"Black Star"}],"items_purged_floors":[5,21,53],"is_endless":false,"potions_floor_spawned":[6,11,13,14,16,22,30,33,35,36,38,44,54],"ascension_level":15}