{"gold_per_floor":[118,118,135,135,210,210,223,251,278,5,5,26,51,69,69,162,162,176,176,176,190,214,258,258,276,300,325,31,31,31,52,52,148,148,167,180,203,272,272,272,112,112,112,131,43,76,76,109,109,109,109,109,109,9,43,43],"floor_reached":56,"playtime":4791,"items_purged":["Flechettes+1","Cloak And Dagger"],"score":2104,"play_id":"4e332c1f-664b-4c7e-9023-c5415d54a955","local_time":"20190825184625","is_ascension_mode":true,"campfire_choices":[{"data":"Leg Sweep","floor":6,"key":"SMITH"},{"floor":15,"key":"REST"},{"data":"Well Laid Plans","floor":24,"key":"SMITH"},{"data":"Noxious Fumes","floor":32,"key":"SMITH"},{"floor":40,"key":"REST"},{"floor":42,"key":"RECALL"},{"floor":49,"key":"REST"},{"data":"Distraction","floor":53,"key":"SMITH"}],"neow_cost":"NONE","seed_source_timestamp":688691195696628,"circlet_count":0,"master_deck":["AscendersBane","Survivor","Neutralize+1","Noxious Fumes+1","Distraction+1","Leg Sweep+1","Dagger Throw+1","Doppelganger+1","Dash","Dash","Wraith Form v2","Bouncing Flask+1","Blur+1","Venomology+1","Deadly Poison+1","Die Die Die","Blur+1","Well Laid Plans+1","Ghostly+1","Ghostly+1","Ghostly+1","Burst+1","Catalyst+1","Cloak And Dagger+1","Burst+1","Footwork","Footwork","Backflip+1","PiercingWail+1","Catalyst+1"],"special_seed":0,"relics":["Ring of the Serpent","Regal Pillow","Toxic Egg 2","Golden Idol","Pandora\u0027s Box","Pen Nib","Whetstone","Frozen Eye","Calipers","Oddly Smooth Stone","Pear","Happy Flower","Gremlin Horn","Art of War"],"potions_floor_usage":[8,8,18,21,21,22,23,23,23,25,25,31,31,35,35,36,37,38,38,46,46,48,48,50,55,56,56],"damage_taken":[{"damage":0,"enemies":"Small Slimes","floor":1,"turns":4},{"damage":4,"enemies":"2 Louse","floor":3,"turns":4},{"damage":0,"enemies":"Jaw Worm","floor":7,"turns":5},{"damage":29,"enemies":"3 Sentries","floor":8,"turns":9},{"damage":0,"enemies":"3 Louse","floor":12,"turns":6},{"damage":15,"enemies":"Gremlin Gang","floor":13,"turns":6},{"damage":1,"enemies":"Looter","floor":14,"turns":4},{"damage":18,"enemies":"The Guardian","floor":16,"turns":16},{"damage":6,"enemies":"3 Byrds","floor":18,"turns":7},{"damage":1,"enemies":"Shell Parasite","floor":21,"turns":8},{"damage":0,"enemies":"Centurion and Healer","floor":22,"turns":10},{"damage":0,"enemies":"Book of Stabbing","floor":23,"turns":7},{"damage":0,"enemies":"Sentry and Sphere","floor":25,"turns":6},{"damage":3,"enemies":"3 Cultists","floor":27,"turns":7},{"damage":8,"enemies":"Snake Plant","floor":31,"turns":3},{"damage":0,"enemies":"Automaton","floor":33,"turns":9},{"damage":13,"enemies":"3 Darklings","floor":35,"turns":5},{"damage":0,"enemies":"3 Shapes","floor":36,"turns":7},{"damage":1,"enemies":"Sphere and 2 Shapes","floor":37,"turns":6},{"damage":12,"enemies":"2 Orb Walkers","floor":38,"turns":9},{"damage":13,"enemies":"4 Shapes","floor":44,"turns":6},{"damage":2,"enemies":"Reptomancer","floor":46,"turns":6},{"damage":8,"enemies":"Giant Head","floor":48,"turns":8},{"damage":0,"enemies":"Awakened One","floor":50,"turns":10},{"damage":5,"enemies":"Time Eater","floor":51,"turns":9},{"damage":27,"enemies":"Shield and Spear","floor":55,"turns":8},{"damage":15,"enemies":"The Heart","floor":56,"turns":5}],"seed_played":"5410346354897515912","potions_obtained":[{"floor":1,"key":"Strength Potion"},{"floor":7,"key":"Swift Potion"},{"floor":13,"key":"SpeedPotion"},{"floor":16,"key":"SkillPotion"},{"floor":18,"key":"PowerPotion"},{"floor":23,"key":"Weak Potion"},{"floor":33,"key":"AttackPotion"},{"floor":46,"key":"LiquidBronze"},{"floor":55,"key":"EssenceOfSteel"}],"is_trial":false,"path_per_floor":["M","?","M","?","?","R","M","E","T","$","?","M","M","M","R","B",null,"M","?","?","M","M","E","R","M","T","M","$","?","?","M","R","B",null,"M","M","M","?","?","R","$","R","T","M","$","E","$","E","R","B","B",null,"R","$","E","B"],"character_chosen":"THE_SILENT","items_purchased":["Toxic Egg 2","Frozen Eye","Oddly Smooth Stone","Catalyst+1"],"campfire_rested":3,"item_purchase_floors":[10,28,41,45],"current_hp_per_floor":[59,59,55,60,49,49,49,20,20,20,20,20,5,4,38,20,53,47,32,32,31,31,31,31,31,31,28,28,28,28,20,20,20,29,16,16,15,3,3,27,27,27,37,24,24,22,22,14,41,41,36,41,41,41,14,0],"gold":43,"neow_bonus":"UPGRADE_CARD","is_prod":false,"is_daily":false,"chose_seed":false,"campfire_upgraded":4,"win_rate":0,"timestamp":1566783985,"path_taken":["M","?","M","?","?","R","M","E","T","$","?","M","?","M","R","BOSS","M","?","?","M","M","E","R","M","T","?","$","?","?","M","R","BOSS","M","M","M","?","?","R","?","R","T","M","$","E","$","E","R","BOSS","BOSS","R","$","E","BOSS"],"build_version":"2019-07-17","purchased_purges":2,"victory":false,"max_hp_per_floor":[66,66,66,71,71,71,71,71,71,71,64,64,64,64,64,64,64,64,32,32,32,32,32,32,32,32,32,32,32,32,32,32,32,32,32,32,32,32,32,32,32,32,42,42,42,42,42,42,42,42,42,42,42,42,42,42],"card_choices":[{"not_picked":["Bane","Backstab"],"picked":"Noxious Fumes","floor":1},{"not_picked":["Bane","Well Laid Plans"],"picked":"Leg Sweep","floor":3},{"not_picked":["Acrobatics","Tactician"],"picked":"Dagger Throw","floor":7},{"not_picked":["Finisher","Dodge and Roll"],"picked":"Cloak And Dagger","floor":8},{"not_picked":["Accuracy","Deflect+1"],"picked":"Doppelganger+1","floor":12},{"not_picked":["Flying Knee","Footwork"],"picked":"Dash","floor":13},{"not_picked":["Dodge and Roll+1","Tactician+1"],"picked":"Dash","floor":14},{"not_picked":["Phantasmal Killer+1","Grand Finale"],"picked":"Wraith Form v2","floor":16},{"not_picked":["Bane","Riddle With Holes"],"picked":"Well Laid Plans","floor":18},{"not_picked":["Heel Hook","Slice"],"picked":"Catalyst+1","floor":21},{"not_picked":["Dagger Throw","Outmaneuver+1"],"picked":"Cloak And Dagger+1","floor":22},{"not_picked":["Skewer","Dagger Throw"],"picked":"Burst+1","floor":23},{"not_picked":["Deflect+1","Infinite Blades"],"picked":"Footwork","floor":25},{"not_picked":["Bouncing Flask+1","Bane"],"picked":"Footwork","floor":27},{"not_picked":["Sucker Punch","Calculated Gamble+1","Endless Agony"],"picked":"SKIP","floor":31},{"not_picked":["Underhanded Strike+1","Cloak And Dagger+1"],"picked":"PiercingWail+1","floor":35},{"not_picked":["Footwork","Flying Knee","Acrobatics+1"],"picked":"SKIP","floor":36},{"not_picked":["Slice+1","Acrobatics+1","Dagger Spray"],"picked":"SKIP","floor":37},{"not_picked":["Calculated Gamble+1","Underhanded Strike","Dagger Throw"],"picked":"SKIP","floor":44},{"not_picked":["Cloak And Dagger+1","Escape Plan+1","Expertise+1"],"picked":"SKIP","floor":46},{"not_picked":["Concentrate+1","Infinite Blades","Dagger Throw+1"],"picked":"SKIP","floor":48},{"not_picked":["Skewer+1","Riddle With Holes+1","Setup+1"],"picked":"SKIP","floor":55}],"player_experience":1051701,"relics_obtained":[{"floor":8,"key":"Regal Pillow"},{"floor":23,"key":"Pen Nib"},{"floor":26,"key":"Whetstone"},{"floor":38,"key":"Calipers"},{"floor":43,"key":"Pear"},{"floor":46,"key":"Happy Flower"},{"floor":48,"key":"Gremlin Horn"},{"floor":55,"key":"Art of War"}],"event_choices":[{"damage_healed":0,"gold_gain":0,"cards_transformed":["Strike_G"],"player_choice":"Change","damage_taken":0,"max_hp_gain":0,"max_hp_loss":0,"event_name":"Living Wall","floor":2,"gold_loss":0,"cards_obtained":["Distraction"]},{"damage_healed":0,"gold_gain":0,"player_choice":"Donut","damage_taken":0,"max_hp_gain":5,"max_hp_loss":0,"event_name":"Big Fish","floor":4,"gold_loss":0},{"damage_healed":0,"gold_gain":75,"player_choice":"Gather Gold","damage_taken":11,"max_hp_gain":0,"max_hp_loss":0,"event_name":"World of Goop","floor":5,"gold_loss":0},{"damage_healed":0,"gold_gain":0,"player_choice":"Lose Max HP","damage_taken":0,"relics_obtained":["Golden Idol"],"max_hp_gain":0,"max_hp_loss":7,"event_name":"Golden Idol","floor":11,"gold_loss":0},{"damage_healed":0,"gold_gain":0,"player_choice":"Became a Ghost","damage_taken":0,"max_hp_gain":0,"max_hp_loss":32,"event_name":"Ghosts","floor":19,"gold_loss":0,"cards_obtained":["Ghostly","Ghostly","Ghostly"]},{"damage_healed":0,"gold_gain":0,"cards_transformed":["Accuracy"],"player_choice":"Transformed","damage_taken":0,"max_hp_gain":0,"max_hp_loss":0,"event_name":"Transmorgrifier","floor":20,"gold_loss":0,"cards_obtained":["Burst"]},{"cards_removed":["Sucker Punch"],"damage_healed":0,"gold_gain":0,"player_choice":"Elegance","damage_taken":0,"max_hp_gain":0,"max_hp_loss":0,"event_name":"Back to Basics","floor":29,"gold_loss":0},{"damage_healed":0,"gold_gain":0,"player_choice":"Read","damage_taken":0,"max_hp_gain":0,"max_hp_loss":0,"event_name":"The Library","floor":30,"gold_loss":0,"cards_obtained":["Backflip"]},{"damage_healed":0,"gold_gain":0,"player_choice":"Fight","damage_taken":0,"max_hp_gain":0,"max_hp_loss":0,"event_name":"Mysterious Sphere","floor":38,"gold_loss":0},{"damage_healed":0,"gold_gain":0,"player_choice":"Ignored","damage_taken":0,"max_hp_gain":0,"max_hp_loss":0,"event_name":"Tomb of Lord Red Mask","floor":39,"gold_loss":0}],"is_beta":false,"boss_relics":[{"not_picked":["Eternal Feather","HoveringKite"],"picked":"Pandora\u0027s Box"},{"not_picked":["Empty Cage","Philosopher\u0027s Stone"],"picked":"Ring of the Serpent"}],"items_purged_floors":[28,54],"is_endless":false,"potions_floor_spawned":[1,7,13,16,18,23,27,33,44,46,55],"killed_by":"The Heart","ascension_level":20}