{"gold_per_floor":[109,109,122,44,56,56,385,385,385,404,70,96,108,118,118,194,194,213,213,138,152,167,196,219,231,243,255,278,315,327,179,179,250,250,262,277,291,344,1343,1371,1398,1423,1477,988,1002,1002,1002,331,331,331,331,331,29,62,62],"floor_reached":56,"playtime":2660,"items_purged":["Strike_G","Strike_G","Normality","Normality"],"score":2246,"play_id":"bb53fbb6-7692-42a2-934d-6180075cec46","local_time":"20190817185925","is_ascension_mode":true,"campfire_choices":[{"data":"Deadly Poison","floor":6,"key":"SMITH"},{"floor":8,"key":"REST"},{"data":"Glass Knife","floor":15,"key":"SMITH"},{"floor":25,"key":"REST"},{"data":"Well Laid Plans","floor":27,"key":"SMITH"},{"data":"Backflip","floor":30,"key":"SMITH"},{"data":"Caltrops","floor":32,"key":"SMITH"},{"floor":46,"key":"RECALL"},{"floor":49,"key":"REST"},{"floor":52,"key":"REST"}],"neow_cost":"TEN_PERCENT_HP_LOSS","seed_source_timestamp":254220141246928,"circlet_count":0,"master_deck":["AscendersBane","Strike_G+1","Strike_G","Defend_G","Defend_G","Defend_G","Defend_G","Defend_G","Survivor","Neutralize","Deadly Poison+1","Dagger Throw","Well Laid Plans+1","PiercingWail","Backflip+1","Glass Knife+1","Terror+1","Crippling Poison+1","Burst+1","Corpse Explosion+1","Acrobatics+1","Dagger Spray+1","Dodge and Roll+1","Calculated Gamble+1","Acrobatics+1","PiercingWail+1","Adrenaline+1","PiercingWail+1","Caltrops+1","Wraith Form v2","PiercingWail+1","Acrobatics+1","Corpse Explosion+1","Dodge and Roll+1","Leg Sweep+1","Backflip+1","Dark Shackles+1","Dark Shackles+1","Backflip+1","Catalyst+1","Bouncing Flask+1","Well Laid Plans"],"relics":["Ring of the Snake","WingedGreaves","GremlinMask","Old Coin","Incense Burner","Toxic Egg 2","Mercury Hourglass","Philosopher\u0027s Stone","MawBank","Meat on the Bone","The Courier","Fusion Hammer","Unceasing Top","Turnip","Tough Bandages","Lantern","Pear","Happy Flower","Pantograph","Snake Skull","Bottled Tornado","Bag of Preparation","Whetstone"],"potions_floor_usage":[7,12,18,22,29,33,55,55],"damage_taken":[{"damage":6,"enemies":"Jaw Worm","floor":1,"turns":9},{"damage":2,"enemies":"Cultist","floor":3,"turns":4},{"damage":4,"enemies":"Small Slimes","floor":5,"turns":4},{"damage":14,"enemies":"3 Sentries","floor":7,"turns":8},{"damage":0,"enemies":"Blue Slaver","floor":10,"turns":4},{"damage":3,"enemies":"Lagavulin","floor":12,"turns":9},{"damage":5,"enemies":"Large Slime","floor":13,"turns":6},{"damage":3,"enemies":"Looter","floor":14,"turns":3},{"damage":19,"enemies":"Slime Boss","floor":16,"turns":7},{"damage":0,"enemies":"Spheric Guardian","floor":18,"turns":4},{"damage":6,"enemies":"2 Thieves","floor":21,"turns":4},{"damage":15,"enemies":"Snake Plant","floor":22,"turns":3},{"damage":3,"enemies":"Book of Stabbing","floor":23,"turns":5},{"damage":0,"enemies":"Cultist and Chosen","floor":24,"turns":3},{"damage":0,"enemies":"3 Cultists","floor":28,"turns":2},{"damage":0,"enemies":"Gremlin Leader","floor":29,"turns":7},{"damage":22,"enemies":"Automaton","floor":33,"turns":9},{"damage":0,"enemies":"Orb Walker","floor":35,"turns":3},{"damage":0,"enemies":"3 Darklings","floor":36,"turns":4},{"damage":0,"enemies":"Jaw Worm Horde","floor":37,"turns":3},{"damage":31,"enemies":"2 Orb Walkers","floor":38,"turns":4},{"damage":7,"enemies":"Reptomancer","floor":40,"turns":6},{"damage":13,"enemies":"Nemesis","floor":41,"turns":9},{"damage":0,"enemies":"Maw","floor":45,"turns":6},{"damage":0,"enemies":"Donu and Deca","floor":50,"turns":8},{"damage":0,"enemies":"Shield and Spear","floor":54,"turns":6},{"damage":2,"enemies":"The Heart","floor":55,"turns":5}],"seed_played":"-4333091042514393212","potions_obtained":[{"floor":5,"key":"AttackPotion"},{"floor":10,"key":"Dexterity Potion"},{"floor":13,"key":"FearPotion"},{"floor":16,"key":"GamblersBrew"},{"floor":21,"key":"SkillPotion"},{"floor":23,"key":"Swift Potion"},{"floor":24,"key":"Poison Potion"},{"floor":33,"key":"Explosive Potion"},{"floor":36,"key":"LiquidBronze"},{"floor":40,"key":"AttackPotion"},{"floor":41,"key":"SpeedPotion"}],"is_trial":false,"path_per_floor":["M","?","M","$","M","R","E","R","T","M","$","E","M","M","R","B",null,"M","?","$","M","M","E","M","R","T","R","M","E","R","$","R","B",null,"M","M","M","?","?","E","E","T","T","$","M","R","?","$","R","B",null,"R","$","E","B",null],"character_chosen":"THE_SILENT","items_purchased":["Well Laid Plans","Toxic Egg 2","Glass Knife","PiercingWail+1","Caltrops","Leg Sweep+1","Pear","Happy Flower","Pantograph","Snake Skull","Bottled Tornado","Backflip+1","Catalyst+1","Bag of Preparation","Bouncing Flask+1","Well Laid Plans","PowerPotion"],"campfire_rested":4,"item_purchase_floors":[4,11,11,31,31,44,44,44,48,48,48,48,53,53,53,53,53],"current_hp_per_floor":[53,53,51,51,47,47,33,51,51,51,51,48,43,40,40,21,50,50,50,50,44,29,26,26,44,44,44,44,44,44,44,44,34,54,54,54,54,35,35,40,39,39,39,49,49,49,39,39,60,70,70,70,70,70,68],"gold":62,"neow_bonus":"ONE_RARE_RELIC","is_prod":false,"is_daily":false,"chose_seed":false,"campfire_upgraded":5,"win_rate":0,"timestamp":1566082765,"path_taken":["M","?","M","?","M","R","E","R","T","M","$","E","M","M","R","BOSS","M","?","$","M","M","E","M","R","T","R","M","E","R","$","R","BOSS","M","?","M","?","?","E","E","?","T","$","M","R","?","?","R","BOSS","R","$","E","BOSS"],"build_version":"2019-07-17","purchased_purges":4,"victory":true,"max_hp_per_floor":[60,60,60,60,60,60,60,60,60,60,60,60,60,60,60,60,60,60,60,60,60,60,60,60,60,60,60,60,60,60,60,60,60,60,60,60,60,60,60,60,60,60,60,70,70,70,70,70,70,70,70,70,70,70,70],"card_choices":[{"not_picked":["Expertise","Outmaneuver"],"picked":"Deadly Poison","floor":1},{"not_picked":["Outmaneuver","Masterful Stab"],"picked":"Dagger Throw","floor":3},{"not_picked":["Bane","Outmaneuver"],"picked":"PiercingWail","floor":5},{"not_picked":["Quick Slash","Eviscerate"],"picked":"Backflip","floor":7},{"not_picked":["Concentrate","Distraction","Setup"],"picked":"SKIP","floor":10},{"not_picked":["Bane","Poisoned Stab"],"picked":"Terror+1","floor":12},{"not_picked":["Slice","PiercingWail+1"],"picked":"Crippling Poison+1","floor":13},{"not_picked":["Masterful Stab","Setup+1"],"picked":"Burst+1","floor":14},{"not_picked":["Burst+1","Doppelganger+1"],"picked":"Corpse Explosion+1","floor":16},{"not_picked":["Bane","Infinite Blades"],"picked":"Acrobatics+1","floor":18},{"not_picked":["Skewer","Well Laid Plans+1"],"picked":"Dodge and Roll+1","floor":21},{"not_picked":["Endless Agony","Deadly Poison+1"],"picked":"Calculated Gamble+1","floor":22},{"not_picked":["Outmaneuver+1","Setup+1","Slice"],"picked":"SKIP","floor":23},{"not_picked":["Deadly Poison+1","Blade Dance+1"],"picked":"Acrobatics+1","floor":24},{"not_picked":["Dodge and Roll+1","Cloak And Dagger+1"],"picked":"PiercingWail+1","floor":28},{"not_picked":["Phantasmal Killer+1","Sucker Punch"],"picked":"Adrenaline+1","floor":29},{"not_picked":["Night Terror+1","Storm of Steel+1"],"picked":"Wraith Form v2","floor":33},{"not_picked":["Slice","Tactician+1"],"picked":"PiercingWail+1","floor":35},{"not_picked":["Slice","Bane"],"picked":"Acrobatics+1","floor":36},{"not_picked":["Escape Plan+1","Blade Dance+1"],"picked":"Corpse Explosion+1","floor":37},{"not_picked":["Terror+1","Deflect+1","Skewer"],"picked":"SKIP","floor":40},{"not_picked":["Well Laid Plans","Bane+1"],"picked":"Dodge and Roll+1","floor":41},{"not_picked":["Acrobatics+1","Dagger Throw+1"],"picked":"Backflip+1","floor":45},{"not_picked":["Sadistic Nature","Mayhem"],"picked":"Dark Shackles+1","floor":47},{"not_picked":["Secret Weapon+1","Good Instincts+1"],"picked":"Dark Shackles+1","floor":47},{"not_picked":["Bane","Backflip+1","Outmaneuver+1"],"picked":"SKIP","floor":54}],"player_experience":2695740,"relics_obtained":[{"floor":7,"key":"Old Coin"},{"floor":9,"key":"Incense Burner"},{"floor":12,"key":"Mercury Hourglass"},{"floor":23,"key":"MawBank"},{"floor":26,"key":"Meat on the Bone"},{"floor":29,"key":"The Courier"},{"floor":38,"key":"Unceasing Top"},{"floor":40,"key":"Turnip"},{"floor":41,"key":"Tough Bandages"},{"floor":43,"key":"Lantern"},{"floor":54,"key":"Whetstone"}],"event_choices":[{"damage_healed":0,"gold_gain":0,"player_choice":"Trade","damage_taken":0,"relics_obtained":["GremlinMask"],"max_hp_gain":0,"max_hp_loss":0,"event_name":"FaceTrader","floor":2,"gold_loss":0},{"damage_healed":0,"gold_gain":0,"cards_transformed":["Strike_G"],"player_choice":"Transformed","damage_taken":0,"max_hp_gain":0,"max_hp_loss":0,"event_name":"Transmorgrifier","floor":19,"gold_loss":0,"cards_obtained":["Dagger Spray"]},{"damage_healed":0,"gold_gain":0,"player_choice":"Fight","damage_taken":0,"max_hp_gain":0,"max_hp_loss":0,"event_name":"Mysterious Sphere","floor":38,"gold_loss":0},{"damage_healed":0,"gold_gain":999,"player_choice":"Gold","damage_taken":0,"max_hp_gain":0,"max_hp_loss":0,"event_name":"MindBloom","floor":39,"gold_loss":0,"cards_obtained":["Normality","Normality"]},{"damage_healed":0,"gold_gain":0,"player_choice":"Memory 3","damage_taken":10,"max_hp_gain":0,"max_hp_loss":0,"event_name":"SensoryStone","floor":47,"gold_loss":0}],"is_beta":false,"boss_relics":[{"not_picked":["Snecko Eye","WristBlade"],"picked":"Philosopher\u0027s Stone"},{"not_picked":["Coffee Dripper","Lizard Tail"],"picked":"Fusion Hammer"}],"items_purged_floors":[20,31,44,48],"is_endless":false,"potions_floor_spawned":[5,10,13,16,21,23,24,33,36,40,41],"ascension_level":15}