{"gold_per_floor":[113,127,127,127,144,144,174,24,24,24],"floor_reached":10,"playtime":549,"items_purged":["Strike_B"],"score":79,"play_id":"aa463cc6-6f36-4437-8c85-dbcabaf018f4","local_time":"20190721195419","is_ascension_mode":true,"campfire_choices":[{"data":"Darkness","floor":6,"key":"SMITH"}],"neow_cost":"NONE","seed_source_timestamp":868107556064100,"circlet_count":0,"master_deck":["Strike_B","Strike_B","Strike_B","Defend_B","Defend_B","Defend_B","Zap","Dualcast","Auto Shields","Darkness+1","Rebound","Leap","Capacitor"],"relics":["Cracked Core","Bottled Lightning","Lantern"],"potions_floor_usage":[10],"damage_taken":[{"damage":8,"enemies":"Small Slimes","floor":1,"turns":3},{"damage":13,"enemies":"Jaw Worm","floor":2,"turns":4},{"damage":0,"enemies":"2 Louse","floor":5,"turns":2},{"damage":35,"enemies":"3 Sentries","floor":7,"turns":7},{"damage":13,"enemies":"Lots of Slimes","floor":10,"turns":2}],"seed_played":"7295928887556661911","potions_obtained":[{"floor":0,"key":"Swift Potion"},{"floor":0,"key":"EntropicBrew"},{"floor":0,"key":"SkillPotion"},{"floor":2,"key":"SpeedPotion"}],"is_trial":false,"path_per_floor":["M","M","?","?","M","R","E","$","T","M"],"character_chosen":"DEFECT","items_purchased":["Capacitor"],"campfire_rested":0,"item_purchase_floors":[8],"current_hp_per_floor":[67,54,47,47,47,47,12,12,12,0],"gold":24,"neow_bonus":"THREE_SMALL_POTIONS","is_prod":false,"is_daily":false,"chose_seed":false,"campfire_upgraded":1,"win_rate":0,"timestamp":1563731659,"path_taken":["M","M","?","?","?","R","E","$","T","M"],"build_version":"2019-07-17","purchased_purges":1,"victory":false,"max_hp_per_floor":[75,75,75,75,75,75,75,75,75,75],"card_choices":[{"not_picked":["Heatsinks","Reinforced Body"],"picked":"Auto Shields","floor":1},{"not_picked":["Fusion","Barrage"],"picked":"Darkness","floor":2},{"not_picked":["Coolheaded","Turbo"],"picked":"Rebound","floor":5},{"not_picked":["White Noise","Undo"],"picked":"Leap","floor":7}],"player_experience":304553,"relics_obtained":[{"floor":7,"key":"Bottled Lightning"},{"floor":9,"key":"Lantern"}],"event_choices":[{"cards_removed":["Defend_B"],"damage_healed":0,"gold_gain":0,"player_choice":"Card Removal","damage_taken":7,"max_hp_gain":0,"max_hp_loss":0,"event_name":"Golden Wing","floor":3,"gold_loss":0},{"damage_healed":0,"gold_gain":0,"player_choice":"Ignored","damage_taken":0,"max_hp_gain":0,"max_hp_loss":0,"event_name":"Liars Game","floor":4,"gold_loss":0}],"is_beta":false,"boss_relics":[],"items_purged_floors":[8],"is_endless":false,"potions_floor_spawned":[2],"killed_by":"Lots of Slimes","ascension_level":4}