{"gold_per_floor":[116,133,113,16,26,54,54,68,68,68,68,68,87,97,97,195,195,214,233,233,158,177,177,197,197,197,214,247,265,265,282,282,282],"floor_reached":33,"playtime":4002,"items_purged":["Strike_R"],"score":321,"play_id":"2066b169-7973-4b39-8085-c41e880fdc94","local_time":"20190824223827","is_ascension_mode":false,"campfire_choices":[{"data":"True Grit","floor":7.0,"key":"SMITH"},{"data":"Bash","floor":10.0,"key":"SMITH"},{"data":"Inflame","floor":12.0,"key":"SMITH"},{"data":"Pommel Strike","floor":15.0,"key":"SMITH"},{"data":"Rampage","floor":23.0,"key":"SMITH"},{"data":"Bash","floor":25.0,"key":"SMITH"},{"floor":32,"key":"REST"}],"neow_cost":"NONE","seed_source_timestamp":82448462416300,"circlet_count":0,"master_deck":["Defend_R","Defend_R","Defend_R","Defend_R","Bash+1","True Grit+1","Inflame+1","Twin Strike","Cleave","Rampage+1","Headbutt","Cleave","Bash+1","Pommel Strike+1","Feed","Heavy Blade+1","Bite","Bite","Bite","Bite","Bite","Body Slam+1"],"special_seed":0,"relics":["Burning Blood","Mango","Matryoshka","Busted Crown","Pantograph","Boot","Smiling Mask"],"potions_floor_usage":[29,29],"damage_taken":[{"damage":14.0,"enemies":"Cultist","floor":1.0,"turns":6.0},{"damage":6.0,"enemies":"Jaw Worm","floor":2.0,"turns":4.0},{"damage":5.0,"enemies":"Small Slimes","floor":5.0,"turns":4.0},{"damage":29.0,"enemies":"Lagavulin","floor":6.0,"turns":7.0},{"damage":5.0,"enemies":"3 Louse","floor":8.0,"turns":4.0},{"damage":13.0,"enemies":"2 Fungi Beasts","floor":13.0,"turns":3.0},{"damage":0.0,"enemies":"Exordium Wildlife","floor":14.0,"turns":3.0},{"damage":51.0,"enemies":"The Guardian","floor":16.0,"turns":9.0},{"damage":16.0,"enemies":"2 Thieves","floor":18.0,"turns":4.0},{"damage":21.0,"enemies":"Shell Parasite","floor":19.0,"turns":5.0},{"damage":35.0,"enemies":"Shelled Parasite and Fungi","floor":22.0,"turns":5.0},{"damage":12.0,"enemies":"Snake Plant","floor":24.0,"turns":3.0},{"damage":0.0,"enemies":"Centurion and Healer","floor":27.0,"turns":3.0},{"damage":44,"enemies":"Gremlin Leader","floor":28,"turns":5},{"damage":9,"enemies":"Shelled Parasite and Fungi","floor":29,"turns":4},{"damage":43,"enemies":"Snake Plant","floor":31,"turns":5},{"damage":101,"enemies":"Collector","floor":33,"turns":8}],"seed_played":"-3420334007736949317","potions_obtained":[{"floor":1.0,"key":"AttackPotion"},{"floor":2.0,"key":"Fire Potion"},{"floor":3.0,"key":"EssenceOfSteel"},{"floor":13.0,"key":"Energy Potion"},{"floor":22.0,"key":"BloodPotion"},{"floor":28,"key":"Block Potion"}],"is_trial":false,"path_per_floor":["M","M","?","$","M","E","R","M","T","R","?","R","M","M","R","B",null,"M","M","?","$","M","R","M","R","T","M","E","M","?","M","R","B"],"character_chosen":"IRONCLAD","items_purchased":["SpeedPotion","Twin Strike"],"campfire_rested":1,"item_purchase_floors":[4,4],"current_hp_per_floor":[72,74,74,74,77,70,70,73,73,73,73,73,68,76,76,33,94,84,71,71,71,47,47,43,43,43,78,42,41,41,16,46,0],"gold":282,"neow_bonus":"RANDOM_COMMON_RELIC","is_prod":false,"is_daily":false,"chose_seed":false,"campfire_upgraded":6,"win_rate":0.0,"timestamp":1566700707,"path_taken":["M","M","?","$","M","E","R","?","T","R","?","R","M","M","R","BOSS","M","?","?","$","M","R","M","R","T","M","E","M","?","M","R","BOSS"],"build_version":"2019-07-17","purchased_purges":1,"victory":false,"max_hp_per_floor":[80,80,80,80,80,94,94,94,94,94,94,94,94,94,94,94,94,94,94,94,94,97,97,97,97,97,100,100,100,100,100,100,100],"card_choices":[{"not_picked":["Warcry","Intimidate"],"picked":"True Grit","floor":1.0},{"not_picked":["Clothesline","Anger"],"picked":"Inflame","floor":2.0},{"not_picked":["Metallicize","Clash"],"picked":"Cleave","floor":5.0},{"not_picked":["Clothesline","Thunderclap"],"picked":"Rampage","floor":6.0},{"not_picked":["Shockwave","Thunderclap"],"picked":"Headbutt","floor":8.0},{"not_picked":["Twin Strike","Heavy Blade"],"picked":"Pommel Strike","floor":13.0},{"not_picked":["Pummel","Second Wind","Pommel Strike"],"picked":"SKIP","floor":14.0},{"not_picked":["Fiend Fire","Dark Embrace"],"picked":"Feed","floor":16.0},{"not_picked":["Fire Breathing"],"picked":"SKIP","floor":18.0},{"not_picked":["Heavy Blade"],"picked":"SKIP","floor":19.0},{"not_picked":["Spot Weakness"],"picked":"SKIP","floor":22.0},{"not_picked":["Sword Boomerang+1"],"picked":"SKIP","floor":24.0},{"not_picked":["Heavy Blade"],"picked":"SKIP","floor":27.0},{"not_picked":[],"picked":"Heavy Blade+1","floor":28},{"not_picked":["Power Through"],"picked":"SKIP","floor":29},{"not_picked":[],"picked":"Body Slam+1","floor":31}],"player_experience":54650,"relics_obtained":[{"floor":6.0,"key":"Mango"},{"floor":9.0,"key":"Matryoshka"},{"floor":26.0,"key":"Pantograph"},{"floor":26.0,"key":"Boot"},{"floor":28,"key":"Smiling Mask"}],"event_choices":[{"damage_healed":0.0,"max_hp_gain":0.0,"max_hp_loss":0.0,"gold_gain":0.0,"event_name":"The Woman in Blue","player_choice":"Bought 1 Potion","floor":3.0,"gold_loss":0.0,"damage_taken":0.0},{"damage_healed":0.0,"max_hp_gain":0.0,"max_hp_loss":0.0,"gold_gain":0.0,"event_name":"Match and Keep!","player_choice":"2 cards matched","floor":11.0,"gold_loss":0.0,"damage_taken":0.0,"cards_obtained":["Cleave","Bash"]},{"damage_healed":0.0,"max_hp_gain":0.0,"max_hp_loss":0.0,"gold_gain":0.0,"event_name":"The Mausoleum","player_choice":"Ignored","floor":20.0,"gold_loss":0.0,"damage_taken":0.0},{"damage_healed":0,"gold_gain":0,"player_choice":"Became a vampire (Vial)","damage_taken":0,"max_hp_gain":0,"max_hp_loss":0,"event_name":"Vampires","floor":30,"relics_lost":["Blood Vial"],"gold_loss":0,"cards_obtained":["Bite","Bite","Bite","Bite","Bite"]}],"is_beta":false,"boss_relics":[{"not_picked":["Orrery","Snecko Eye"],"picked":"Busted Crown"}],"items_purged_floors":[21],"is_endless":false,"potions_floor_spawned":[1,2,5,13,14,22,24,28],"killed_by":"Collector","ascension_level":0}