{"gold_per_floor":[359,371,388,40,40,40,40,58,136,136,164,164,60,92,92,188,188,202,202,28,42,53,53,83,83,83,93,113,113,130,9,9,113,113,133,0,0,0,17,17,46,46,46,46,76,76,76,102,102,102,102,102,64,64],"floor_reached":54,"playtime":3179,"items_purged":["Strike_B","Defend_B"],"score":973,"play_id":"96709406-2f62-4d80-b102-32a323cb3a54","local_time":"20190203144436","is_ascension_mode":true,"campfire_choices":[{"data":"Defragment","floor":6,"key":"SMITH"},{"data":"Zap","floor":10,"key":"SMITH"},{"data":"Dualcast","floor":12,"key":"SMITH"},{"data":"Redo","floor":15,"key":"SMITH"},{"data":"Consume","floor":23,"key":"SMITH"},{"floor":25,"key":"REST"},{"data":"White Noise","floor":29,"key":"SMITH"},{"data":"Rainbow","floor":32,"key":"SMITH"},{"floor":40,"key":"RECALL"},{"data":"Multi-Cast","floor":42,"key":"SMITH"},{"data":"Coolheaded","floor":44,"key":"SMITH"},{"floor":46,"key":"REST"},{"floor":49,"key":"REST"},{"data":"Amplify","floor":52,"key":"SMITH"}],"neow_cost":"TEN_PERCENT_HP_LOSS","seed_source_timestamp":534540490438599,"circlet_count":0,"master_deck":["Strike_B","Strike_B","Strike_B","Defend_B+1","Defend_B","Defend_B","Zap+1","Dualcast+1","Turbo+1","Defragment+1","Cold Snap","Core Surge","Loop+1","Biased Cognition+1","Defragment+1","Capacitor+1","Redo+1","Leap","Echo Form+1","White Noise+1","Consume+1","Self Repair+1","Glacier","Conserve Battery+1","White Noise+1","Glacier","Force Field","Rainbow+1","Coolheaded+1","Creative AI+1","Hologram","Redo+1","Multi-Cast+1","Amplify+1","Storm+1"],"relics":["Cracked Core","Frozen Egg 2","Question Card","Omamori","Girya","Velvet Choker","Bag of Preparation","War Paint","Inserter","Red Mask","Bottled Tornado","Juzu Bracelet","Happy Flower"],"potions_floor_usage":[14],"damage_taken":[{"damage":1,"enemies":"Cultist","floor":1,"turns":3},{"damage":3,"enemies":"Jaw Worm","floor":2,"turns":4},{"damage":7,"enemies":"Small Slimes","floor":3,"turns":3},{"damage":4,"enemies":"Exordium Thugs","floor":8,"turns":6},{"damage":12,"enemies":"Gremlin Nob","floor":11,"turns":3},{"damage":0,"enemies":"3 Sentries","floor":14,"turns":6},{"damage":12,"enemies":"The Guardian","floor":16,"turns":7},{"damage":21,"enemies":"Spheric Guardian","floor":18,"turns":4},{"damage":4,"enemies":"3 Byrds","floor":21,"turns":2},{"damage":6,"enemies":"Snecko","floor":22,"turns":5},{"damage":25,"enemies":"Gremlin Leader","floor":24,"turns":6},{"damage":1,"enemies":"Centurion and Healer","floor":27,"turns":9},{"damage":12,"enemies":"Chosen and Byrds","floor":28,"turns":5},{"damage":0,"enemies":"Snecko","floor":30,"turns":8},{"damage":0,"enemies":"Champ","floor":33,"turns":7},{"damage":28,"enemies":"3 Darklings","floor":35,"turns":4},{"damage":0,"enemies":"Orb Walker","floor":39,"turns":3},{"damage":1,"enemies":"Nemesis","floor":41,"turns":7},{"damage":26,"enemies":"Giant Head","floor":45,"turns":9},{"damage":26,"enemies":"Nemesis","floor":48,"turns":11},{"damage":58,"enemies":"Awakened One","floor":50,"turns":14},{"damage":72,"enemies":"Shield and Spear","floor":54,"turns":6}],"seed_played":"-2788731607008539853","potions_obtained":[{"floor":1,"key":"FearPotion"},{"floor":8,"key":"Strength Potion"},{"floor":16,"key":"Dexterity Potion"},{"floor":21,"key":"EntropicBrew"}],"is_trial":false,"path_per_floor":["M","M","M","$","T","R","?","M","T","R","E","R","$","E","R","B",null,"M","?","$","M","M","R","E","R","T","M","M","R","M","$","R","B",null,"M","?","$","?","M","R","E","R","T","R","E","R","?","E","R","B",null,"R","$","E"],"character_chosen":"DEFECT","items_purchased":["Core Surge","Loop","Block Potion","Capacitor+1","Redo","Consume","Rainbow","Coolheaded","Storm+1"],"campfire_rested":3,"item_purchase_floors":[4,4,4,13,13,20,31,31,53],"current_hp_per_floor":[67,64,57,57,57,57,57,53,53,53,41,41,41,41,41,29,68,47,35,35,31,35,35,30,51,51,70,73,73,73,73,73,73,73,65,65,65,65,73,73,73,73,73,73,47,68,68,52,69,11,69,69,69,0],"gold":64,"neow_bonus":"TWO_FIFTY_GOLD","is_prod":false,"is_daily":false,"chose_seed":false,"campfire_upgraded":10,"win_rate":0,"timestamp":1549201476,"path_taken":["M","M","M","$","?","R","?","M","T","R","E","R","$","E","R","BOSS","M","?","$","M","M","R","E","R","T","M","M","R","M","?","R","BOSS","M","?","$","?","?","R","E","R","T","R","E","R","?","E","R","BOSS","R","$","E"],"build_version":"2019-01-23","purchased_purges":2,"victory":false,"max_hp_per_floor":[68,68,68,68,68,68,68,68,68,68,68,68,68,68,68,68,68,68,73,73,73,73,73,73,73,73,73,73,73,73,73,73,73,73,73,73,73,73,73,73,73,73,73,73,73,73,69,69,69,69,69,69,69,69],"card_choices":[{"not_picked":["Aggregate","Compile Driver"],"picked":"Turbo","floor":1},{"not_picked":["Rip and Tear","Sweeping Beam"],"picked":"Defragment","floor":2},{"not_picked":["Aggregate","Hologram"],"picked":"Cold Snap","floor":3},{"not_picked":["Ball Lightning","Beam Cell"],"picked":"Biased Cognition+1","floor":8},{"not_picked":["Steam Power","Self Repair+1","Amplify"],"picked":"Defragment+1","floor":11},{"not_picked":["Gash","Turbo","Hyperbeam"],"picked":"Leap","floor":14},{"not_picked":["Amplify","Reboot","Multi-Cast"],"picked":"Echo Form+1","floor":16},{"not_picked":["Turbo","Chill","Leap"],"picked":"White Noise+1","floor":18},{"not_picked":["Hologram","Redo","Aggregate+1"],"picked":"Self Repair+1","floor":21},{"not_picked":["Cold Snap","Reprogram+1","Ball Lightning+1"],"picked":"Glacier","floor":22},{"not_picked":["Sweeping Beam","Tempest+1","Cold Snap"],"picked":"Conserve Battery","floor":24},{"not_picked":["Compile Driver","Chaos","Reprogram"],"picked":"White Noise","floor":27},{"not_picked":["Reprogram+1","Redo","Hologram"],"picked":"Glacier","floor":28},{"not_picked":["Leap","Glacier","Echo Form+1"],"picked":"Force Field","floor":30},{"not_picked":["Amplify","Meteor Strike","Echo Form+1"],"picked":"Creative AI+1","floor":33},{"not_picked":["Cold Snap","Rebound","Compile Driver"],"picked":"Hologram","floor":35},{"not_picked":["Hello World+1","Rebound","Coolheaded"],"picked":"Redo+1","floor":39},{"not_picked":["Beam Cell","FTL","Chill"],"picked":"Multi-Cast","floor":41},{"not_picked":["Force Field","Cold Snap","Consume","Auto Shields+1"],"picked":"SKIP","floor":45},{"not_picked":["Force Field","Cold Snap","Consume","Auto Shields+1"],"picked":"SKIP","floor":45},{"not_picked":["Go for the Eyes+1","Meteor Strike","Leap+1"],"picked":"Amplify","floor":48}],"player_experience":226075,"relics_obtained":[{"floor":5,"key":"Frozen Egg 2"},{"floor":9,"key":"Question Card"},{"floor":11,"key":"Omamori"},{"floor":14,"key":"Girya"},{"floor":24,"key":"Bag of Preparation"},{"floor":26,"key":"War Paint"},{"floor":41,"key":"Bottled Tornado"},{"floor":45,"key":"Juzu Bracelet"},{"floor":48,"key":"Happy Flower"}],"event_choices":[{"damage_healed":0,"gold_gain":0,"player_choice":"Upgraded","damage_taken":0,"max_hp_gain":0,"max_hp_loss":0,"event_name":"Upgrade Shrine","floor":7,"gold_loss":0,"cards_upgraded":["Loop"]},{"damage_healed":0,"gold_gain":0,"player_choice":"Shed Blood","damage_taken":17,"max_hp_gain":5,"max_hp_loss":0,"event_name":"Forgotten Altar","floor":19,"gold_loss":0},{"damage_healed":0,"gold_gain":0,"player_choice":"Paid","damage_taken":0,"relics_obtained":["Red Mask"],"max_hp_gain":0,"max_hp_loss":0,"event_name":"Tomb of Lord Red Mask","floor":36,"gold_loss":133},{"damage_healed":0,"gold_gain":0,"player_choice":"Forge","damage_taken":0,"max_hp_gain":0,"max_hp_loss":0,"event_name":"Accursed Blacksmith","floor":38,"gold_loss":0,"cards_upgraded":["Turbo"]},{"damage_healed":0,"gold_gain":0,"player_choice":"Max HP","damage_taken":0,"max_hp_gain":0,"max_hp_loss":4,"event_name":"Winding Halls","floor":47,"gold_loss":0}],"is_beta":false,"boss_relics":[{"not_picked":["Eternal Feather","Runic Dome"],"picked":"Velvet Choker"},{"not_picked":["Orrery","Black Star"],"picked":"Inserter"}],"items_purged_floors":[4,20],"is_endless":false,"potions_floor_spawned":[1,8,16,21,24,33,45,48],"killed_by":"Shield and Spear","ascension_level":3}