{"gold_per_floor":[114,45,60,60,60,92,92,105,129,162,162,162,162,191,191,269,269,288,307,307,323,341,341,369,369,369,385,397,397,431,26,26,99,99,119,131,131,131,231,231,256,256,256,279,310,329,329,346,346,346,346,346,34,66,66],"floor_reached":56,"playtime":3625,"items_purged":["Strike_G","Strike_G"],"score":2107,"play_id":"bfe9ddf1-024b-456f-88ed-4df1e1a3bcb9","local_time":"20190609005750","is_ascension_mode":true,"campfire_choices":[{"data":"Deadly Poison","floor":7,"key":"SMITH"},{"floor":11,"key":"REST"},{"data":"Catalyst","floor":13,"key":"SMITH"},{"data":"Glass Knife","floor":15,"key":"SMITH"},{"data":"Wraith Form v2","floor":23,"key":"SMITH"},{"floor":25,"key":"REST"},{"data":"Footwork","floor":29,"key":"SMITH"},{"data":"Noxious Fumes","floor":32,"key":"SMITH"},{"data":"Footwork","floor":40,"key":"SMITH"},{"floor":42,"key":"RECALL"},{"floor":47,"key":"REST"},{"floor":49,"key":"REST"},{"data":"Well Laid Plans","floor":52,"key":"SMITH"}],"neow_cost":"NONE","seed_source_timestamp":119104716753812,"circlet_count":0,"master_deck":["AscendersBane","Strike_G+1","Strike_G+1","Defend_G","Defend_G+1","Defend_G","Defend_G","Defend_G","Survivor","Neutralize+1","Deadly Poison+1","Footwork+1","Catalyst+1","Crippling Poison","Dagger Throw","Backflip+1","Glass Knife+1","Wraith Form v2+1","Footwork+1","Noxious Fumes+1","Backflip+1","Crippling Poison","Night Terror","Crippling Poison","Tools of the Trade","Well Laid Plans+1","Leg Sweep","Concentrate+1","Night Terror","Acrobatics"],"relics":["Ring of the Snake","Strawberry","Bag of Marbles","Happy Flower","Whetstone","Velvet Choker","Nloth\u0027s Gift","Girya","Gremlin Horn","MawBank","OrangePellets","PreservedInsect","Snecko Eye","StoneCalendar","Bronze Scales","War Paint","Dream Catcher","Letter Opener"],"potions_floor_usage":[16,16,22,30,55],"damage_taken":[{"damage":1,"enemies":"2 Louse","floor":1,"turns":5},{"damage":0,"enemies":"Jaw Worm","floor":3,"turns":5},{"damage":5,"enemies":"Lagavulin","floor":6,"turns":9},{"damage":0,"enemies":"Cultist","floor":8,"turns":3},{"damage":31,"enemies":"Gremlin Nob","floor":10,"turns":4},{"damage":8,"enemies":"Lagavulin","floor":14,"turns":4},{"damage":0,"enemies":"Slime Boss","floor":16,"turns":8},{"damage":1,"enemies":"Shell Parasite","floor":18,"turns":4},{"damage":13,"enemies":"Spheric Guardian","floor":19,"turns":5},{"damage":10,"enemies":"Shelled Parasite and Fungi","floor":21,"turns":5},{"damage":0,"enemies":"Snake Plant","floor":22,"turns":3},{"damage":20,"enemies":"Slavers","floor":24,"turns":7},{"damage":0,"enemies":"Sentry and Sphere","floor":27,"turns":4},{"damage":1,"enemies":"Cultist and Chosen","floor":28,"turns":4},{"damage":2,"enemies":"Gremlin Leader","floor":30,"turns":7},{"damage":12,"enemies":"Automaton","floor":33,"turns":9},{"damage":13,"enemies":"3 Darklings","floor":35,"turns":6},{"damage":1,"enemies":"3 Shapes","floor":36,"turns":6},{"damage":1,"enemies":"Mind Bloom Boss Battle","floor":39,"turns":7},{"damage":0,"enemies":"Nemesis","floor":41,"turns":5},{"damage":0,"enemies":"Giant Head","floor":45,"turns":7},{"damage":14,"enemies":"Maw","floor":46,"turns":8},{"damage":8,"enemies":"3 Darklings","floor":48,"turns":4},{"damage":43,"enemies":"Awakened One","floor":50,"turns":16},{"damage":4,"enemies":"Shield and Spear","floor":54,"turns":7},{"damage":60,"enemies":"The Heart","floor":55,"turns":9}],"seed_played":"-5765545686282839355","potions_obtained":[{"floor":3,"key":"SmokeBomb"},{"floor":8,"key":"Strength Potion"},{"floor":14,"key":"PowerPotion"},{"floor":21,"key":"Block Potion"},{"floor":22,"key":"FairyPotion"},{"floor":28,"key":"Block Potion"},{"floor":30,"key":"SteroidPotion"}],"is_trial":false,"path_per_floor":["M","$","M","?","?","E","R","M","T","E","R","$","R","E","R","B",null,"M","M","?","M","M","R","E","R","T","M","M","R","E","$","R","B",null,"M","M","$","?","?","R","E","R","T","T","E","M","R","M","R","B",null,"R","$","E","B",null],"character_chosen":"THE_SILENT","items_purchased":["Footwork","OrangePellets","PreservedInsect","Night Terror","GamblersBrew"],"campfire_rested":4,"item_purchase_floors":[2,31,31,53,53],"current_hp_per_floor":[58,58,58,54,47,42,42,42,42,11,32,32,32,24,24,26,61,62,51,51,41,41,41,21,42,42,42,41,41,39,39,39,27,62,49,48,48,48,47,47,47,47,47,47,47,33,54,46,67,24,61,61,61,57,4],"gold":66,"neow_bonus":"UPGRADE_CARD","is_prod":false,"is_daily":false,"chose_seed":false,"campfire_upgraded":8,"win_rate":0,"timestamp":1560056270,"path_taken":["M","$","M","?","?","E","R","M","T","E","R","?","R","E","R","BOSS","M","M","?","M","?","R","E","R","T","M","M","R","E","?","R","BOSS","M","M","$","?","?","R","E","R","T","?","E","?","R","?","R","BOSS","R","$","E","BOSS"],"build_version":"2019-06-07","purchased_purges":2,"victory":true,"max_hp_per_floor":[66,66,66,73,73,73,73,73,73,73,73,73,73,73,73,73,73,73,73,73,73,73,73,73,73,73,73,73,73,73,73,73,73,73,73,73,73,73,73,73,73,73,73,73,73,73,73,73,73,73,73,73,73,73,73],"card_choices":[{"not_picked":["Finisher","Reflex"],"picked":"Deadly Poison","floor":1},{"not_picked":["Quick Slash","All Out Attack"],"picked":"Catalyst","floor":3},{"not_picked":["Dagger Spray","Acrobatics"],"picked":"Crippling Poison","floor":6},{"not_picked":["Escape Plan","Outmaneuver"],"picked":"Dagger Throw","floor":8},{"not_picked":["Choke","Accuracy"],"picked":"Backflip","floor":10},{"not_picked":["Underhanded Strike","Choke"],"picked":"Glass Knife","floor":14},{"not_picked":["Burst","A Thousand Cuts"],"picked":"Wraith Form v2","floor":16},{"not_picked":["Quick Slash","Slice"],"picked":"Footwork","floor":18},{"not_picked":["Distraction","Dagger Spray","Accuracy"],"picked":"SKIP","floor":19},{"not_picked":["Prepared","Phantasmal Killer"],"picked":"Noxious Fumes","floor":21},{"not_picked":["Terror","Prepared"],"picked":"Backflip+1","floor":22},{"not_picked":["Prepared","Flying Knee"],"picked":"Crippling Poison","floor":24},{"not_picked":["Dash","Predator","Noxious Fumes"],"picked":"SKIP","floor":27},{"not_picked":["Underhanded Strike","Cloak And Dagger"],"picked":"Night Terror","floor":28},{"not_picked":["Poisoned Stab","Quick Slash","Terror"],"picked":"SKIP","floor":30},{"not_picked":["Skewer","Slice","Reflex"],"picked":"SKIP","floor":35},{"not_picked":["Outmaneuver","Sucker Punch"],"picked":"Crippling Poison","floor":36},{"not_picked":["Outmaneuver","Setup"],"picked":"Tools of the Trade","floor":39},{"not_picked":["Caltrops","Adrenaline"],"picked":"Well Laid Plans","floor":41},{"not_picked":["Sucker Punch","Dodge and Roll+1"],"picked":"Leg Sweep","floor":45},{"not_picked":["Blade Dance","Dash","Quick Slash"],"picked":"SKIP","floor":46},{"not_picked":["Deadly Poison","Dagger Throw+1","Skewer"],"picked":"SKIP","floor":48},{"not_picked":["Expertise","Dagger Throw+1"],"picked":"Concentrate+1","floor":49},{"not_picked":["Prepared","Footwork"],"picked":"Acrobatics","floor":54}],"player_experience":2524699,"relics_obtained":[{"floor":6,"key":"Bag of Marbles"},{"floor":9,"key":"Happy Flower"},{"floor":10,"key":"Whetstone"},{"floor":14,"key":"Blood Vial"},{"floor":24,"key":"Girya"},{"floor":26,"key":"Gremlin Horn"},{"floor":30,"key":"MawBank"},{"floor":39,"key":"StoneCalendar"},{"floor":41,"key":"Bronze Scales"},{"floor":44,"key":"War Paint"},{"floor":45,"key":"Dream Catcher"},{"floor":54,"key":"Letter Opener"}],"event_choices":[{"damage_healed":0,"gold_gain":0,"player_choice":"Success","damage_taken":11,"relics_obtained":["Strawberry"],"max_hp_gain":0,"max_hp_loss":0,"event_name":"Scrap Ooze","floor":4,"gold_loss":0},{"cards_removed":["Strike_G"],"damage_healed":0,"gold_gain":0,"player_choice":"Card Removal","damage_taken":7,"max_hp_gain":0,"max_hp_loss":0,"event_name":"Golden Wing","floor":5,"gold_loss":0},{"damage_healed":0,"gold_gain":0,"player_choice":"Traded Relic","damage_taken":0,"relics_obtained":["Nloth\u0027s Gift"],"max_hp_gain":0,"max_hp_loss":0,"event_name":"N\u0027loth","floor":20,"relics_lost":["Blood Vial"],"gold_loss":0},{"damage_healed":0,"gold_gain":0,"player_choice":"Ignored","damage_taken":0,"max_hp_gain":0,"max_hp_loss":0,"event_name":"Tomb of Lord Red Mask","floor":38,"gold_loss":0},{"damage_healed":0,"gold_gain":0,"player_choice":"Fight","damage_taken":0,"max_hp_gain":0,"max_hp_loss":0,"event_name":"MindBloom","floor":39,"gold_loss":0}],"is_beta":true,"boss_relics":[{"not_picked":["Calling Bell","Busted Crown"],"picked":"Velvet Choker"},{"not_picked":["Ring of the Serpent","HoveringKite"],"picked":"Snecko Eye"}],"items_purged_floors":[31,53],"is_endless":false,"potions_floor_spawned":[3,8,14,21,22,28,30,39],"ascension_level":15}