{"gold_per_floor":[118,136,147,160,175,202,202,23,48,58,58,69,34,67,67,163,163,176,101,101,12,27,27,56,74,155,155,155,155],"floor_reached":29,"playtime":2002,"items_purged":[],"score":255,"play_id":"d4852b6d-9925-43d3-8662-30888cb666fe","local_time":"20190813183106","is_ascension_mode":false,"campfire_choices":[{"floor":7,"key":"REST"},{"data":"Apotheosis","floor":11,"key":"SMITH"},{"floor":15,"key":"REST"},{"data":"Zap","floor":23,"key":"SMITH"},{"floor":28,"key":"REST"}],"neow_cost":"NONE","seed_source_timestamp":352224124445200,"circlet_count":0,"master_deck":["Strike_B","Strike_B+1","Strike_B+1","Strike_B","Defend_B","Defend_B","Defend_B","Defend_B","Zap+1","Dualcast","Conserve Battery","Sweeping Beam","Cold Snap","Tempest","Capacitor","Conserve Battery","Apotheosis+1","Reinforced Body","Electrodynamics","Redo+1","Amplify","Storm","Bandage Up+1","Genetic Algorithm","Ball Lightning+1","Sweeping Beam"],"relics":["Cracked Core","Omamori","Bag of Marbles","Whetstone","Calling Bell","Juzu Bracelet","Sundial","StoneCalendar","War Paint","Nloth\u0027s Gift"],"potions_floor_usage":[24,29,29,29],"damage_taken":[{"damage":1,"enemies":"2 Louse","floor":1,"turns":3},{"damage":0,"enemies":"Jaw Worm","floor":2,"turns":3},{"damage":10,"enemies":"Small Slimes","floor":3,"turns":4},{"damage":20,"enemies":"Gremlin Gang","floor":4,"turns":4},{"damage":15,"enemies":"Exordium Wildlife","floor":5,"turns":5},{"damage":24,"enemies":"Lagavulin","floor":6,"turns":7},{"damage":2,"enemies":"Blue Slaver","floor":10,"turns":4},{"damage":5,"enemies":"Looter","floor":12,"turns":3},{"damage":26,"enemies":"Gremlin Nob","floor":14,"turns":4},{"damage":35,"enemies":"Slime Boss","floor":16,"turns":6},{"damage":1,"enemies":"Chosen","floor":18,"turns":4},{"damage":25,"enemies":"2 Thieves","floor":22,"turns":4},{"damage":18,"enemies":"Gremlin Leader","floor":24,"turns":5},{"damage":36,"enemies":"Snake Plant","floor":25,"turns":4},{"damage":1,"enemies":"Colosseum Slavers","floor":29,"turns":4},{"damage":35,"enemies":"Colosseum Nobs","floor":29,"turns":3}],"seed_played":"-5408514461284074646","potions_obtained":[{"floor":4,"key":"PowerPotion"},{"floor":5,"key":"Energy Potion"},{"floor":6,"key":"SkillPotion"},{"floor":24,"key":"Swift Potion"}],"is_trial":false,"path_per_floor":["M","M","M","M","M","E","R","$","T","M","R","M","?","E","R","B",null,"M","?","?","$","M","R","E","M","T","?","R","?"],"character_chosen":"DEFECT","items_purchased":["Apotheosis","Bandage Up"],"campfire_rested":3,"item_purchase_floors":[8,21],"current_hp_per_floor":[81,81,71,51,36,12,36,36,36,34,34,29,49,23,47,12,82,81,81,81,81,56,56,42,12,12,12,36,0],"gold":155,"neow_bonus":"TEN_PERCENT_HP_BONUS","is_prod":false,"is_daily":false,"chose_seed":false,"campfire_upgraded":2,"win_rate":0.0,"timestamp":1565713866,"path_taken":["M","M","M","M","M","E","R","$","T","M","R","M","?","E","R","BOSS","M","?","?","$","M","R","E","M","T","?","R","?"],"build_version":"2019-07-17","purchased_purges":0,"victory":false,"max_hp_per_floor":[82,82,82,82,82,82,82,82,82,82,82,82,82,82,82,82,82,82,82,82,82,82,82,82,82,82,82,82,82],"card_choices":[{"not_picked":["Compile Driver","Streamline"],"picked":"Conserve Battery","floor":1},{"not_picked":["BootSequence","Static Discharge"],"picked":"Sweeping Beam","floor":2},{"not_picked":["Loop","Sweeping Beam"],"picked":"Cold Snap","floor":3},{"not_picked":["Auto Shields","Sweeping Beam"],"picked":"Tempest","floor":4},{"not_picked":["Cold Snap","Barrage"],"picked":"Capacitor","floor":5},{"not_picked":["Steam","Melter"],"picked":"Conserve Battery","floor":6},{"not_picked":["Auto Shields","BootSequence"],"picked":"Reinforced Body","floor":10},{"not_picked":["FTL","Ball Lightning"],"picked":"Electrodynamics","floor":12},{"not_picked":["Amplify","Cold Snap"],"picked":"Redo","floor":14},{"not_picked":["Buffer","Biased Cognition"],"picked":"Amplify","floor":16},{"not_picked":["Gash","Ball Lightning+1"],"picked":"Storm","floor":18},{"not_picked":["Streamline","Sweeping Beam"],"picked":"Genetic Algorithm","floor":22},{"not_picked":["Consume","Lockon"],"picked":"Ball Lightning+1","floor":24},{"not_picked":["Ball Lightning","Reinforced Body"],"picked":"Sweeping Beam","floor":25}],"player_experience":49855,"relics_obtained":[{"floor":6,"key":"Omamori"},{"floor":9,"key":"Bag of Marbles"},{"floor":14,"key":"Whetstone"},{"floor":17,"key":"Juzu Bracelet"},{"floor":17,"key":"Sundial"},{"floor":17,"key":"StoneCalendar"},{"floor":24,"key":"War Paint"},{"floor":26,"key":"Blue Candle"}],"event_choices":[{"damage_healed":20,"gold_gain":0,"player_choice":"Healed","damage_taken":0,"max_hp_gain":0,"max_hp_loss":0,"event_name":"The Cleric","floor":13,"gold_loss":35},{"cards_removed":["Injury"],"damage_healed":0,"gold_gain":0,"player_choice":"Gave Gold","damage_taken":0,"max_hp_gain":0,"max_hp_loss":0,"event_name":"Beggar","floor":19,"gold_loss":75},{"damage_healed":0,"gold_gain":0,"player_choice":"Ignored","damage_taken":0,"max_hp_gain":0,"max_hp_loss":0,"event_name":"Ghosts","floor":20,"gold_loss":0},{"damage_healed":0,"gold_gain":0,"player_choice":"Traded Relic","damage_taken":0,"relics_obtained":["Nloth\u0027s Gift"],"max_hp_gain":0,"max_hp_loss":0,"event_name":"N\u0027loth","floor":27,"relics_lost":["Blue Candle"],"gold_loss":0},{"damage_healed":0,"gold_gain":0,"player_choice":"Fight","damage_taken":0,"max_hp_gain":0,"max_hp_loss":0,"event_name":"Colosseum","floor":29,"gold_loss":0},{"damage_healed":0,"gold_gain":0,"player_choice":"Fought Nobs","damage_taken":0,"max_hp_gain":0,"max_hp_loss":0,"event_name":"Colosseum","floor":29,"gold_loss":0}],"is_beta":false,"boss_relics":[{"not_picked":["Empty Cage","Philosopher\u0027s Stone"],"picked":"Calling Bell"}],"items_purged_floors":[],"is_endless":false,"potions_floor_spawned":[4,5,6,16,24],"killed_by":"Colosseum Nobs","ascension_level":0}