{"gold_per_floor":[216,216,235,255,405,405,147,147,147,147,165,65,80,109,109,183,183,203,219,148,160,178,178,212,230,230,105,137,137,154,172,172,250,250,261,261,274,293,1292,1292,1312,1312,1312,1327,1340,1136,1136,612,612,612],"floor_reached":50,"playtime":1797,"items_purged":["Doubt","Strike_R","Normality","Normality","Normality"],"score":876,"play_id":"a790fc4b-8bc8-42ef-b96c-05690b5254e9","local_time":"20190706202235","is_ascension_mode":true,"campfire_choices":[{"data":"Bash","floor":6,"key":"SMITH"},{"data":"Demon Form","floor":8,"key":"SMITH"},{"data":"Flame Barrier","floor":10,"key":"SMITH"},{"data":"Whirlwind","floor":15,"key":"SMITH"},{"data":"Pommel Strike","floor":23,"key":"SMITH"},{"floor":29,"key":"REST"},{"data":"Flame Barrier","floor":32,"key":"SMITH"},{"floor":40,"key":"RECALL"},{"data":"Feel No Pain","floor":47,"key":"SMITH"},{"data":"Shrug It Off","floor":49,"key":"SMITH"}],"neow_cost":"NONE","seed_source_timestamp":165825426936660,"circlet_count":0,"master_deck":["AscendersBane","Strike_R","Strike_R","Strike_R","Defend_R","Defend_R","Defend_R","Defend_R","Bash+1","Flame Barrier+1","Anger","Pommel Strike+1","Demon Form+1","Headbutt","Whirlwind+1","Reaper","Flame Barrier+1","Shockwave+1","Shrug It Off+1","Reaper","Feel No Pain+1","Disarm+1","Sword Boomerang+1","Injury","Warcry","Ghostly Armor"],"relics":["Burning Blood","CultistMask","Regal Pillow","Lantern","Cursed Key","Matryoshka","Bronze Scales","PreservedInsect","Orichalcum","Art of War","Runic Pyramid","Kunai","Torii"],"potions_floor_usage":[14,24,28,33,33,33,44,50],"damage_taken":[{"damage":3,"enemies":"2 Louse","floor":1,"turns":4},{"damage":1,"enemies":"Cultist","floor":3,"turns":3},{"damage":0,"enemies":"Small Slimes","floor":4,"turns":3},{"damage":11,"enemies":"Blue Slaver","floor":11,"turns":3},{"damage":12,"enemies":"Large Slime","floor":13,"turns":5},{"damage":32,"enemies":"Gremlin Nob","floor":14,"turns":4},{"damage":15,"enemies":"Slime Boss","floor":16,"turns":8},{"damage":2,"enemies":"Chosen","floor":18,"turns":4},{"damage":9,"enemies":"Shell Parasite","floor":19,"turns":4},{"damage":47,"enemies":"Cultist and Chosen","floor":21,"turns":7},{"damage":10,"enemies":"Snecko","floor":22,"turns":5},{"damage":39,"enemies":"Book of Stabbing","floor":24,"turns":6},{"damage":20,"enemies":"Sentry and Sphere","floor":25,"turns":4},{"damage":15,"enemies":"Gremlin Leader","floor":28,"turns":4},{"damage":18,"enemies":"3 Cultists","floor":30,"turns":5},{"damage":1,"enemies":"Shelled Parasite and Fungi","floor":31,"turns":4},{"damage":52,"enemies":"Champ","floor":33,"turns":9},{"damage":14,"enemies":"3 Shapes","floor":35,"turns":6},{"damage":1,"enemies":"3 Darklings","floor":37,"turns":4},{"damage":9,"enemies":"Sphere and 2 Shapes","floor":38,"turns":6},{"damage":0,"enemies":"Jaw Worm Horde","floor":41,"turns":2},{"damage":3,"enemies":"Maw","floor":44,"turns":8},{"damage":76,"enemies":"Spire Growth","floor":45,"turns":6},{"damage":86,"enemies":"Awakened One","floor":50,"turns":5}],"seed_played":"-1532041006272124570","potions_obtained":[{"floor":3,"key":"SpeedPotion"},{"floor":13,"key":"SteroidPotion"},{"floor":18,"key":"Fire Potion"},{"floor":22,"key":"Regen Potion"},{"floor":25,"key":"Dexterity Potion"},{"floor":28,"key":"EntropicBrew"},{"floor":33,"key":"SkillPotion"},{"floor":44,"key":"PowerPotion"}],"is_trial":false,"path_per_floor":["M","?","M","M","?","R","$","R","T","R","M","$","M","E","R","B",null,"M","M","?","M","M","R","E","M","T","$","E","R","M","M","R","B",null,"M","?","M","M","?","R","M","?","T","M","M","$","R","$","R","B"],"character_chosen":"IRONCLAD","items_purchased":["Demon Form","Headbutt","Warcry","Torii","Ghostly Armor"],"campfire_rested":1,"item_purchase_floors":[7,7,46,48,48],"current_hp_per_floor":[71,71,75,75,75,75,75,75,75,75,70,70,64,38,38,29,64,75,72,72,36,51,51,33,19,19,19,29,66,67,75,75,54,70,68,68,73,75,75,75,75,75,75,75,57,57,57,57,57,0],"gold":612,"neow_bonus":"HUNDRED_GOLD","is_prod":false,"is_daily":false,"chose_seed":false,"campfire_upgraded":8,"win_rate":0,"timestamp":1562458955,"path_taken":["M","?","?","M","?","R","$","R","T","R","M","$","M","E","R","BOSS","M","M","?","M","M","R","E","M","T","$","E","R","M","?","R","BOSS","M","?","M","M","?","R","M","?","T","?","M","$","R","$","R","BOSS"],"build_version":"2019-07-03","purchased_purges":5,"victory":false,"max_hp_per_floor":[75,75,75,75,75,75,75,75,75,75,75,75,75,75,75,75,75,75,75,75,75,75,75,75,75,75,75,75,75,75,75,75,75,75,75,75,75,75,75,75,75,75,75,75,75,75,75,75,75,75],"card_choices":[{"not_picked":["Iron Wave","True Grit"],"picked":"Flame Barrier","floor":1},{"not_picked":["Metallicize","True Grit"],"picked":"Anger","floor":3},{"not_picked":["Clash","True Grit"],"picked":"Pommel Strike","floor":4},{"not_picked":["Sword Boomerang","Blood for Blood","Havoc"],"picked":"SKIP","floor":11},{"not_picked":["Spot Weakness","Carnage"],"picked":"Whirlwind","floor":13},{"not_picked":["Hemokinesis","Body Slam","Flex"],"picked":"SKIP","floor":14},{"not_picked":["Exhume","Brutality"],"picked":"Reaper","floor":16},{"not_picked":["Rupture","Rage","Thunderclap"],"picked":"SKIP","floor":18},{"not_picked":["Power Through","Clash"],"picked":"Flame Barrier","floor":19},{"not_picked":["Entrench","Perfected Strike"],"picked":"Shockwave+1","floor":21},{"not_picked":["Clash","Twin Strike","Havoc"],"picked":"SKIP","floor":22},{"not_picked":["Hemokinesis","Pommel Strike"],"picked":"Shrug It Off","floor":24},{"not_picked":["Uppercut","Rupture","Reckless Charge+1"],"picked":"SKIP","floor":25},{"not_picked":["Anger","Flex","Brutality"],"picked":"SKIP","floor":28},{"not_picked":["Iron Wave","Headbutt+1","Dropkick"],"picked":"SKIP","floor":30},{"not_picked":["Infernal Blade","Combust","Rampage"],"picked":"SKIP","floor":31},{"not_picked":["Immolate","Dark Embrace"],"picked":"Reaper","floor":33},{"not_picked":["Havoc","Heavy Blade"],"picked":"Feel No Pain","floor":35},{"not_picked":["Warcry","Sever Soul"],"picked":"Disarm","floor":37},{"not_picked":["Anger+1","Wild Strike","Clothesline"],"picked":"SKIP","floor":38},{"not_picked":["Shrug It Off","Anger"],"picked":"Sword Boomerang+1","floor":41},{"not_picked":["Perfected Strike","Sword Boomerang","Bloodletting"],"picked":"SKIP","floor":44},{"not_picked":["Twin Strike+1","Armaments","Searing Blow+1"],"picked":"SKIP","floor":45}],"player_experience":2598700,"relics_obtained":[{"floor":9,"key":"Regal Pillow"},{"floor":14,"key":"Lantern"},{"floor":24,"key":"Bronze Scales"},{"floor":26,"key":"PreservedInsect"},{"floor":26,"key":"Orichalcum"},{"floor":28,"key":"Art of War"},{"floor":43,"key":"Kunai"}],"event_choices":[{"damage_healed":0,"gold_gain":0,"player_choice":"Trade","damage_taken":0,"relics_obtained":["CultistMask"],"max_hp_gain":0,"max_hp_loss":0,"event_name":"FaceTrader","floor":2,"gold_loss":0},{"damage_healed":0,"gold_gain":150,"player_choice":"AGREE","damage_taken":0,"max_hp_gain":0,"max_hp_loss":0,"event_name":"Liars Game","floor":5,"gold_loss":0,"cards_obtained":["Doubt"]},{"damage_healed":0,"gold_gain":0,"player_choice":"Paid Gold","damage_taken":0,"relics_obtained":["Matryoshka"],"max_hp_gain":0,"max_hp_loss":0,"event_name":"WeMeetAgain","floor":20,"gold_loss":71},{"cards_removed":["Strike_R"],"damage_healed":0,"gold_gain":0,"player_choice":"Removed Attack","damage_taken":0,"max_hp_gain":0,"max_hp_loss":0,"event_name":"Falling","floor":36,"gold_loss":0},{"damage_healed":0,"gold_gain":999,"player_choice":"Gold","damage_taken":0,"max_hp_gain":0,"max_hp_loss":0,"event_name":"MindBloom","floor":39,"gold_loss":0,"cards_obtained":["Normality","Normality"]},{"damage_healed":0,"gold_gain":0,"player_choice":"Upgraded","damage_taken":0,"max_hp_gain":0,"max_hp_loss":0,"event_name":"Upgrade Shrine","floor":42,"gold_loss":0,"cards_upgraded":["Disarm"]}],"is_beta":true,"boss_relics":[{"not_picked":["Runic Cube","Runic Dome"],"picked":"Cursed Key"},{"not_picked":["Eternal Feather","Calling Bell"],"picked":"Runic Pyramid"}],"items_purged_floors":[7,12,27,46,48],"is_endless":false,"potions_floor_spawned":[3,13,18,22,25,28,31,33,41,44,45],"killed_by":"Awakened One","ascension_level":15}