{"gold_per_floor":[114,8,25,25,42,53,53,63,63,82,82,93,113,144,144,239,239,239,7,7,24,24,24,37,37,37,57,84,101,101,115,115,115],"floor_reached":33,"playtime":3103,"items_purged":["Defend_R"],"score":287,"play_id":"2402fead-3d42-4db2-8ef6-df18a95c8fe9","local_time":"20181231022233","is_ascension_mode":true,"campfire_choices":[{"data":"Intimidate","floor":7.0,"key":"SMITH"},{"data":"Armaments","floor":11.0,"key":"SMITH"},{"data":"Limit Break","floor":15.0,"key":"SMITH"},{"data":"Armaments","floor":23.0,"key":"SMITH"},{"floor":32,"key":"REST"}],"neow_cost":"NONE","seed_source_timestamp":0,"circlet_count":0,"master_deck":["Strike_R+1","Strike_R+1","Strike_R","Defend_R","Defend_R","Defend_R","Bash+1","Flex","Intimidate+1","Searing Blow","Iron Wave","Battle Trance","Shrug It Off","Armaments+1","Metallicize","Limit Break+1","Heavy Blade","Impervious","Armaments+1","Shrug It Off","Good Instincts","Necronomicurse","Iron Wave","Reaper","Headbutt","Whirlwind","Limit Break+1","Thunderclap+1","Feed","Flex"],"special_seed":0,"relics":["Burning Blood","Letter Opener","Whetstone","Lizard Tail","Necronomicon","Mango","Gambling Chip","CultistMask"],"potions_floor_usage":[29,33],"damage_taken":[{"damage":0.0,"enemies":"Cultist","floor":1.0,"turns":4.0},{"damage":10.0,"enemies":"Jaw Worm","floor":3.0,"turns":4.0},{"damage":0.0,"enemies":"2 Louse","floor":5.0,"turns":2.0},{"damage":14.0,"enemies":"Exordium Thugs","floor":6.0,"turns":5.0},{"damage":0.0,"enemies":"Large Slime","floor":8.0,"turns":6.0},{"damage":9.0,"enemies":"Gremlin Gang","floor":10.0,"turns":4.0},{"damage":2.0,"enemies":"3 Louse","floor":12.0,"turns":4.0},{"damage":8.0,"enemies":"Blue Slaver","floor":13.0,"turns":5.0},{"damage":11.0,"enemies":"3 Sentries","floor":14.0,"turns":9.0},{"damage":33.0,"enemies":"Slime Boss","floor":16.0,"turns":18.0},{"damage":5.0,"enemies":"Chosen","floor":18.0,"turns":6.0},{"damage":23.0,"enemies":"2 Thieves","floor":21.0,"turns":4.0},{"damage":68.0,"enemies":"3 Cultists","floor":24.0,"turns":10.0},{"damage":13.0,"enemies":"Centurion and Healer","floor":27.0,"turns":5.0},{"damage":73,"enemies":"Gremlin Leader","floor":28,"turns":9},{"damage":7,"enemies":"Snake Plant","floor":29,"turns":4},{"damage":0,"enemies":"Snecko","floor":31,"turns":4},{"damage":94,"enemies":"Collector","floor":33,"turns":7}],"seed_played":"6554935948799137554","potions_obtained":[{"floor":1.0,"key":"Strength Potion"},{"floor":3.0,"key":"Explosive Potion"},{"floor":5.0,"key":"SmokeBomb"},{"floor":8.0,"key":"SkillPotion"},{"floor":16.0,"key":"Poison Potion"},{"floor":28,"key":"EssenceOfSteel"},{"floor":31,"key":"Poison Potion"}],"is_trial":false,"path_per_floor":["M","$","M","?","M","M","R","M","T","M","R","M","M","E","R","B",null,"M","$","?","M","?","R","M","?","T","M","E","M","?","M","R","B"],"character_chosen":"IRONCLAD","items_purchased":["Intimidate","Searing Blow","Armaments","Shrug It Off","Good Instincts"],"campfire_rested":1,"item_purchase_floors":[2,2,19,19,19],"current_hp_per_floor":[80,80,76,80,80,72,72,78,78,75,75,79,77,72,72,45,80,80,80,64,47,47,47,39,39,53,82,39,38,38,56,84,0],"gold":115,"neow_bonus":"UPGRADE_CARD","is_prod":false,"is_daily":false,"chose_seed":false,"campfire_upgraded":4,"win_rate":0,"timestamp":1546219353,"path_taken":["M","$","M","?","M","M","R","M","T","M","R","?","M","E","R","BOSS","M","$","?","M","?","R","M","?","T","M","E","?","?","M","R","BOSS"],"build_version":"2018-12-20","purchased_purges":1,"victory":false,"max_hp_per_floor":[80,80,80,80,80,80,80,80,80,80,80,80,80,80,80,80,80,80,80,80,80,80,80,80,80,94,94,94,94,94,94,94,94],"card_choices":[{"not_picked":["Power Through","Seeing Red"],"picked":"Flex","floor":1.0},{"not_picked":["Clash","Rupture"],"picked":"Headbutt","floor":3.0},{"not_picked":["Sword Boomerang","Corruption"],"picked":"Iron Wave","floor":5.0},{"not_picked":["Infernal Blade","Feel No Pain"],"picked":"Battle Trance","floor":6.0},{"not_picked":["Anger","Burning Pact"],"picked":"Shrug It Off","floor":8.0},{"not_picked":["Pommel Strike","Wild Strike"],"picked":"Armaments","floor":10.0},{"not_picked":["Flex","Twin Strike"],"picked":"Metallicize","floor":12.0},{"not_picked":["Wild Strike","Anger"],"picked":"Limit Break","floor":13.0},{"not_picked":["Shrug It Off","Dual Wield"],"picked":"Heavy Blade","floor":14.0},{"not_picked":["Dark Embrace","Feed"],"picked":"Impervious","floor":16.0},{"not_picked":["Warcry","Shrug It Off"],"picked":"Iron Wave","floor":21.0},{"not_picked":["Feel No Pain","Twin Strike"],"picked":"Whirlwind","floor":24.0},{"not_picked":["Heavy Blade","Shrug It Off"],"picked":"Thunderclap+1","floor":27.0},{"not_picked":["Sword Boomerang","Thunderclap"],"picked":"Feed","floor":28},{"not_picked":["Perfected Strike+1","Clash","Searing Blow"],"picked":"SKIP","floor":29},{"not_picked":["Uppercut","Ghostly Armor"],"picked":"Flex","floor":31}],"player_experience":79881,"relics_obtained":[{"floor":9.0,"key":"Letter Opener"},{"floor":14.0,"key":"Whetstone"},{"floor":20.0,"key":"Necronomicon"},{"floor":26.0,"key":"Mango"},{"floor":28,"key":"Gambling Chip"}],"event_choices":[{"cards_removed":["Headbutt"],"damage_healed":5.0,"max_hp_gain":0.0,"max_hp_loss":0.0,"gold_gain":0.0,"event_name":"Bonfire Elementals","player_choice":"Offered Common","floor":4.0,"gold_loss":0.0,"damage_taken":0.0},{"cards_removed":["Headbutt"],"damage_healed":5.0,"max_hp_gain":0.0,"max_hp_loss":0.0,"gold_gain":0.0,"event_name":"Bonfire Elementals","player_choice":"Offered Special","floor":4.0,"gold_loss":0.0,"damage_taken":0.0},{"damage_healed":0.0,"max_hp_gain":0.0,"max_hp_loss":0.0,"gold_gain":0.0,"event_name":"Cursed Tome","player_choice":"Obtained Book","floor":20.0,"gold_loss":0.0,"damage_taken":16.0},{"damage_healed":0.0,"max_hp_gain":0.0,"max_hp_loss":0.0,"gold_gain":0.0,"cards_transformed":["Strike_R","Strike_R"],"event_name":"Drug Dealer","player_choice":"Became Test Subject","floor":22.0,"gold_loss":0.0,"damage_taken":0.0,"cards_obtained":["Reaper","Headbutt"]},{"damage_healed":0.0,"max_hp_gain":0.0,"max_hp_loss":0.0,"gold_gain":0.0,"event_name":"Duplicator","player_choice":"Copied","floor":25.0,"gold_loss":0.0,"damage_taken":0.0,"cards_obtained":["Limit Break"]},{"damage_healed":0,"gold_gain":0,"player_choice":"Trade","damage_taken":0,"relics_obtained":["CultistMask"],"max_hp_gain":0,"max_hp_loss":0,"event_name":"FaceTrader","floor":30,"gold_loss":0}],"is_beta":false,"boss_relics":[{"not_picked":["Philosopher\u0027s Stone","Fusion Hammer"],"picked":"Lizard Tail"}],"items_purged_floors":[19],"is_endless":false,"potions_floor_spawned":[1,3,5,8,16,18,28,31],"killed_by":"Collector","ascension_level":1}