{"gold_per_floor":[117,22,35,35,45,79,79,99,99,99,99,118,118,132,132,232,232,245,262,279,279,295,295,322,322,322,338,15,15,15,31,31,127,127,144,164,86,86,102,102,135,135,135,135,12,12,12,12,12,12],"floor_reached":50,"playtime":3718,"items_purged":["Injury"],"score":642,"play_id":"23592dec-ab34-444a-9e31-7443bd2dfb6e","local_time":"20190102221711","is_ascension_mode":true,"campfire_choices":[{"data":"Discovery","floor":7,"key":"SMITH"},{"data":"Rupture","floor":10,"key":"SMITH"},{"data":"Armaments","floor":13,"key":"SMITH"},{"data":"True Grit","floor":15,"key":"SMITH"},{"floor":23,"key":"REST"},{"data":"Writhe","floor":25,"key":"PURGE"},{"floor":29,"key":"REST"},{"data":"Flame Barrier","floor":30,"key":"SMITH"},{"floor":32,"key":"REST"},{"data":"Brutality","floor":40,"key":"SMITH"},{"floor":44,"key":"REST"},{"data":"Heavy Blade","floor":46,"key":"SMITH"},{"floor":49,"key":"REST"}],"neow_cost":"NONE","seed_source_timestamp":0,"circlet_count":0,"master_deck":["Strike_R","Strike_R","Strike_R","Strike_R","Strike_R","Defend_R","Defend_R","Defend_R","Defend_R","Bash+1","Reaper","Rupture+1","Discovery+1","Inflame","Bloodletting+1","True Grit+1","Shrug It Off","Armaments+1","Twin Strike","Feed","Clumsy","Thunderclap+1","Disarm+1","Sword Boomerang+1","Flame Barrier+1","Cleave","Iron Wave","Shockwave","Brutality+1","Twin Strike+1","Heavy Blade+1","Pummel","Writhe","Flame Barrier+1","Good Instincts","Blind","Mind Blast"],"relics":["Burning Blood","Matryoshka","Self Forming Clay","Darkstone Periapt","Calling Bell","Red Skull","Ornamental Fan","Peace Pipe","WingedGreaves","Bag of Preparation","Bronze Scales","PreservedInsect","Black Star","Centennial Puzzle","Blue Candle","The Courier","Blood Vial"],"potions_floor_usage":[6,16,18,24,31,31,41,41,50],"damage_taken":[{"damage":1,"enemies":"2 Louse","floor":1,"turns":3},{"damage":11,"enemies":"Jaw Worm","floor":3,"turns":5},{"damage":1,"enemies":"Cultist","floor":5,"turns":3},{"damage":40,"enemies":"Gremlin Nob","floor":6,"turns":5},{"damage":33,"enemies":"2 Fungi Beasts","floor":8,"turns":4},{"damage":13,"enemies":"3 Louse","floor":12,"turns":4},{"damage":12,"enemies":"Blue Slaver","floor":14,"turns":5},{"damage":44,"enemies":"Hexaghost","floor":16,"turns":14},{"damage":31,"enemies":"3 Byrds","floor":18,"turns":7},{"damage":33,"enemies":"Spheric Guardian","floor":19,"turns":7},{"damage":24,"enemies":"3 Cultists","floor":20,"turns":6},{"damage":35,"enemies":"Sentry and Sphere","floor":22,"turns":6},{"damage":28,"enemies":"Book of Stabbing","floor":24,"turns":9},{"damage":19,"enemies":"Snake Plant","floor":27,"turns":4},{"damage":7,"enemies":"Centurion and Healer","floor":31,"turns":7},{"damage":86,"enemies":"Collector","floor":33,"turns":12},{"damage":22,"enemies":"Orb Walker","floor":35,"turns":5},{"damage":30,"enemies":"3 Darklings","floor":36,"turns":6},{"damage":38,"enemies":"Sphere and 2 Shapes","floor":39,"turns":7},{"damage":39,"enemies":"Nemesis","floor":41,"turns":7},{"damage":111,"enemies":"Donu and Deca","floor":50,"turns":8}],"seed_played":"63498659930","potions_obtained":[{"floor":3,"key":"Ancient Potion"},{"floor":5,"key":"EssenceOfSteel"},{"floor":8,"key":"Strength Potion"},{"floor":16,"key":"PowerPotion"},{"floor":20,"key":"Poison Potion"},{"floor":27,"key":"Fire Potion"},{"floor":33,"key":"PowerPotion"},{"floor":36,"key":"Ancient Potion"}],"is_trial":false,"path_per_floor":["M","$","M","?","M","E","R","M","T","R","?","M","R","M","R","B",null,"M","M","M","?","M","R","E","R","T","M","$","R","R","M","R","B",null,"M","M","$","?","M","R","E","?","T","R","$","R","?","$","R","B"],"character_chosen":"IRONCLAD","items_purchased":["Discovery","PreservedInsect","Iron Wave","Energy Potion","Pummel","Blood Vial"],"campfire_rested":5,"item_purchase_floors":[2,28,28,28,37,45],"current_hp_per_floor":[80,80,75,75,80,53,53,42,42,42,68,73,73,71,71,41,98,79,59,41,41,22,51,40,40,40,27,27,56,56,58,88,24,101,85,79,79,107,78,78,45,45,45,78,78,78,68,68,101,0],"gold":12,"neow_bonus":"ONE_RANDOM_RARE_CARD","is_prod":false,"is_daily":false,"chose_seed":true,"campfire_upgraded":7,"win_rate":0,"timestamp":1546463831,"path_taken":["M","$","M","?","M","E","R","M","T","R","?","M","R","M","R","BOSS","M","M","M","?","?","R","E","R","T","M","$","R","R","M","R","BOSS","M","M","$","?","M","R","E","?","T","R","$","R","?","?","R","BOSS"],"build_version":"2018-12-20","purchased_purges":1,"victory":false,"max_hp_per_floor":[80,80,80,80,80,80,80,80,80,80,80,80,80,80,80,80,98,98,98,98,98,98,98,98,98,98,98,98,98,98,101,101,101,101,101,101,101,107,110,110,110,110,110,110,110,110,110,110,110,110],"card_choices":[{"not_picked":["Havoc","Sword Boomerang"],"picked":"Rupture","floor":1},{"not_picked":["Rupture","Heavy Blade"],"picked":"Inflame","floor":3},{"not_picked":["Pummel","Sword Boomerang"],"picked":"Bloodletting","floor":5},{"not_picked":["Disarm","Carnage"],"picked":"True Grit","floor":6},{"not_picked":["True Grit","Sword Boomerang"],"picked":"Shrug It Off","floor":8},{"not_picked":["Havoc","Twin Strike"],"picked":"Armaments","floor":12},{"not_picked":["Iron Wave","Body Slam"],"picked":"Twin Strike","floor":14},{"not_picked":["Berserk","Impervious"],"picked":"Feed","floor":16},{"not_picked":["Sword Boomerang","Armaments"],"picked":"Thunderclap+1","floor":18},{"not_picked":["Iron Wave","Infernal Blade"],"picked":"Disarm+1","floor":19},{"not_picked":["Clothesline","Shrug It Off"],"picked":"Sword Boomerang+1","floor":20},{"not_picked":["Bludgeon","Entrench"],"picked":"Flame Barrier","floor":22},{"not_picked":["Warcry","Pummel"],"picked":"Cleave","floor":24},{"not_picked":["Pommel Strike","Feed"],"picked":"Heavy Blade+1","floor":27},{"not_picked":["Wild Strike","Cleave+1"],"picked":"Shockwave","floor":31},{"not_picked":["Berserk","Demon Form"],"picked":"Brutality","floor":33},{"not_picked":["Thunderclap","Headbutt+1"],"picked":"Twin Strike+1","floor":35},{"not_picked":["Perfected Strike","Wild Strike+1"],"picked":"Heavy Blade","floor":36},{"not_picked":["Heavy Blade","Cleave+1"],"picked":"Flame Barrier+1","floor":39},{"not_picked":["Cleave+1","Rage","Armaments"],"picked":"SKIP","floor":41},{"not_picked":["Mayhem","Deep Breath"],"picked":"Good Instincts","floor":47},{"not_picked":["Finesse","Madness"],"picked":"Blind","floor":47},{"not_picked":["Madness","Impatience"],"picked":"Mind Blast","floor":47}],"player_experience":136720,"relics_obtained":[{"floor":6,"key":"Matryoshka"},{"floor":9,"key":"Self Forming Clay"},{"floor":9,"key":"Darkstone Periapt"},{"floor":17,"key":"Red Skull"},{"floor":17,"key":"Ornamental Fan"},{"floor":17,"key":"Peace Pipe"},{"floor":24,"key":"WingedGreaves"},{"floor":26,"key":"Bag of Preparation"},{"floor":26,"key":"Bronze Scales"},{"floor":41,"key":"Centennial Puzzle"},{"floor":41,"key":"Blue Candle"},{"floor":43,"key":"The Courier"}],"event_choices":[{"damage_healed":0,"gold_gain":0,"player_choice":"Grow","damage_taken":0,"max_hp_gain":0,"max_hp_loss":0,"event_name":"Living Wall","floor":4,"gold_loss":0,"cards_upgraded":["Bash"]},{"damage_healed":26,"gold_gain":0,"player_choice":"Banana","damage_taken":0,"max_hp_gain":0,"max_hp_loss":0,"event_name":"Big Fish","floor":11,"gold_loss":0},{"damage_healed":0,"gold_gain":0,"player_choice":"Forge","damage_taken":0,"max_hp_gain":0,"max_hp_loss":0,"event_name":"Accursed Blacksmith","floor":21,"gold_loss":0,"cards_upgraded":["Bloodletting"]},{"damage_healed":25,"gold_gain":0,"player_choice":"Writhe","damage_taken":0,"max_hp_gain":0,"max_hp_loss":0,"event_name":"Winding Halls","floor":38,"gold_loss":0,"cards_obtained":["Writhe"]},{"cards_removed":["Heavy Blade"],"damage_healed":0,"gold_gain":0,"player_choice":"Removed Attack","damage_taken":0,"max_hp_gain":0,"max_hp_loss":0,"event_name":"Falling","floor":42,"gold_loss":0},{"damage_healed":0,"gold_gain":0,"player_choice":"Memory 3","damage_taken":10,"max_hp_gain":0,"max_hp_loss":0,"event_name":"SensoryStone","floor":47,"gold_loss":0}],"is_beta":false,"boss_relics":[{"not_picked":["Busted Crown","Velvet Choker"],"picked":"Calling Bell"},{"not_picked":["Runic Dome","Coffee Dripper"],"picked":"Black Star"}],"items_purged_floors":[28],"is_endless":false,"potions_floor_spawned":[3,5,8,16,20,27,33,36],"killed_by":"Donu and Deca","ascension_level":2}