{"gold_per_floor":[114,189,204,89,104,104,119,149,199,199,200,215,230,90,90,190,190,205,220,74,89,89,89,119,119,194,209,309,339,354,369,369,469,469,484,499,514,514,529,529],"floor_reached":40,"playtime":1804,"items_purged":["Strike_B","Parasite"],"score":657,"play_id":"38251be8-a4ad-4f41-b093-db34b9168685","local_time":"20190823141838","daily_mods":["Cursed Run","Uncertain Future","DeadlyEvents"],"is_ascension_mode":false,"campfire_choices":[{"data":"Defragment","floor":6,"key":"SMITH"},{"data":"Streamline","floor":10,"key":"SMITH"},{"floor":15,"key":"REST"},{"data":"Seek","floor":23,"key":"SMITH"},{"floor":25,"key":"REST"},{"floor":32,"key":"REST"}],"neow_cost":"","seed_source_timestamp":0,"circlet_count":0,"master_deck":["Strike_B","Strike_B","Strike_B","Defend_B","Defend_B","Defend_B+1","Defend_B","Zap","Dualcast+1","Defragment+1","Streamline+1","Loop","Ball Lightning","Seek+1","Compile Driver","FTL","Ball Lightning","Gash","Gash","Finesse","Clumsy","Rainbow","Redo+1","Ball Lightning+1","Leap","Go for the Eyes","Writhe","Decay","Coolheaded","Creative AI","Defragment","Leap","Steam+1","Normality","Fission","Clumsy","Pain","Pain","Static Discharge+1","Glacier","Stack+1","Machine Learning"],"special_seed":18131,"relics":["Cursed Key","Darkstone Periapt","Du-Vu Doll","Bottled Flame","Blood Vial","Odd Mushroom","Sozu","War Paint","Shovel","Matryoshka","Torii","Mercury Hourglass","Potion Belt","Calling Bell","Omamori","Meat on the Bone","Ginger","Molten Egg 2","Shuriken"],"potions_floor_usage":[],"damage_taken":[{"damage":1,"enemies":"Jaw Worm","floor":1,"turns":3},{"damage":2,"enemies":"Small Slimes","floor":3,"turns":4},{"damage":0,"enemies":"2 Louse","floor":5,"turns":2},{"damage":9,"enemies":"2 Fungi Beasts","floor":7,"turns":3},{"damage":16,"enemies":"Gremlin Nob","floor":8,"turns":3},{"damage":16,"enemies":"The Mushroom Lair","floor":11,"turns":4},{"damage":7,"enemies":"Blue Slaver","floor":12,"turns":2},{"damage":4,"enemies":"Gremlin Gang","floor":13,"turns":3},{"damage":0,"enemies":"Slime Boss","floor":16,"turns":5},{"damage":7,"enemies":"Shell Parasite","floor":18,"turns":4},{"damage":25,"enemies":"2 Thieves","floor":19,"turns":3},{"damage":1,"enemies":"Sentry and Sphere","floor":21,"turns":3},{"damage":27,"enemies":"Slavers","floor":24,"turns":4},{"damage":17,"enemies":"Chosen and Byrds","floor":27,"turns":5},{"damage":25,"enemies":"Colosseum Slavers","floor":28,"turns":3},{"damage":24,"enemies":"Colosseum Nobs","floor":28,"turns":4},{"damage":11,"enemies":"Book of Stabbing","floor":29,"turns":4},{"damage":0,"enemies":"Centurion and Healer","floor":30,"turns":5},{"damage":1,"enemies":"Shelled Parasite and Fungi","floor":31,"turns":4},{"damage":29,"enemies":"Champ","floor":33,"turns":9},{"damage":27,"enemies":"3 Darklings","floor":35,"turns":5},{"damage":20,"enemies":"Orb Walker","floor":36,"turns":3},{"damage":50,"enemies":"Spire Growth","floor":37,"turns":4},{"damage":14,"enemies":"Sphere and 2 Shapes","floor":39,"turns":4},{"damage":48,"enemies":"Nemesis","floor":40,"turns":3}],"seed_played":"2764095048026629251","potions_obtained":[{"floor":3,"key":"SneckoOil"},{"floor":7,"key":"Explosive Potion"},{"floor":13,"key":"SpeedPotion"}],"is_trial":false,"path_per_floor":["M","?","M","$","M","R","M","E","T","R","?","M","M","$","R","B",null,"M","M","$","M","?","R","E","R","T","M","?","E","M","M","R","B",null,"M","M","M","T","M","E"],"character_chosen":"DEFECT","items_purchased":["Loop","Gash","Finesse","Leap"],"campfire_rested":3,"item_purchase_floors":[4,14,14,20],"current_hp_per_floor":[74,63,61,61,61,61,52,36,42,42,28,23,21,21,45,53,87,80,57,57,58,64,64,39,66,72,57,12,3,5,6,34,13,120,93,75,39,39,39,0],"gold":529,"neow_bonus":"","is_prod":false,"is_daily":true,"chose_seed":false,"campfire_upgraded":3,"win_rate":0,"timestamp":1566562718,"path_taken":["M","?","M","$","M","R","M","E","T","R","?","M","M","?","R","BOSS","M","M","$","M","?","R","E","R","T","M","?","?","M","M","R","BOSS","M","?","M","?","?","E"],"build_version":"2019-07-17","purchased_purges":2,"victory":false,"max_hp_per_floor":[75,75,75,75,75,75,75,75,81,81,81,81,81,81,81,87,87,87,87,84,84,90,90,90,90,96,96,96,96,96,96,96,102,120,120,120,120,120,120,120],"card_choices":[{"not_picked":["Go for the Eyes","Redo"],"picked":"Defragment","floor":1},{"not_picked":["Stack","Hello World"],"picked":"Streamline","floor":3},{"not_picked":["Compile Driver","Rebound"],"picked":"Ball Lightning","floor":5},{"not_picked":["Tempest","Steam"],"picked":"Seek","floor":7},{"not_picked":["Doom and Gloom","Double Energy"],"picked":"Compile Driver","floor":8},{"not_picked":["Blizzard","Redo"],"picked":"FTL","floor":11},{"not_picked":["Fusion","Redo"],"picked":"Ball Lightning","floor":12},{"not_picked":["Consume","Coolheaded"],"picked":"Gash","floor":13},{"not_picked":["Buffer","Hyperbeam"],"picked":"Rainbow","floor":16},{"not_picked":["Go for the Eyes","Compile Driver"],"picked":"Redo+1","floor":18},{"not_picked":["Hologram","Redo"],"picked":"Ball Lightning+1","floor":19},{"not_picked":["Darkness","Undo"],"picked":"Go for the Eyes","floor":21},{"not_picked":["Beam Cell","Aggregate","Sweeping Beam"],"picked":"SKIP","floor":24},{"not_picked":["Scrape","Ball Lightning"],"picked":"Coolheaded","floor":27},{"not_picked":["Conserve Battery","Recycle+1"],"picked":"Creative AI","floor":28},{"not_picked":["Conserve Battery","Redo+1"],"picked":"Defragment","floor":29},{"not_picked":["Undo+1","Genetic Algorithm"],"picked":"Leap","floor":30},{"not_picked":["BootSequence","Barrage+1"],"picked":"Steam+1","floor":31},{"not_picked":["Creative AI","Thunder Strike"],"picked":"Fission","floor":33},{"not_picked":["Blizzard","Steam"],"picked":"Static Discharge+1","floor":35},{"not_picked":["Turbo","Gash"],"picked":"Glacier","floor":36},{"not_picked":["Self Repair","Beam Cell"],"picked":"Stack+1","floor":37},{"not_picked":["Redo","Loop+1"],"picked":"Machine Learning","floor":39}],"player_experience":343083,"relics_obtained":[{"floor":8,"key":"Bottled Flame"},{"floor":9,"key":"Blood Vial"},{"floor":11,"key":"Odd Mushroom"},{"floor":24,"key":"Shovel"},{"floor":26,"key":"Matryoshka"},{"floor":28,"key":"Torii"},{"floor":28,"key":"Mercury Hourglass"},{"floor":29,"key":"Potion Belt"},{"floor":34,"key":"Omamori"},{"floor":34,"key":"Meat on the Bone"},{"floor":34,"key":"Ginger"},{"floor":38,"key":"Molten Egg 2"},{"floor":38,"key":"Shuriken"}],"event_choices":[{"damage_healed":0,"gold_gain":75,"player_choice":"Gather Gold","damage_taken":11,"max_hp_gain":0,"max_hp_loss":0,"event_name":"World of Goop","floor":2,"gold_loss":0},{"damage_healed":0,"gold_gain":0,"player_choice":"Fought Mushrooms","damage_taken":0,"max_hp_gain":0,"max_hp_loss":0,"event_name":"Mushrooms","floor":11,"gold_loss":0},{"damage_healed":0,"gold_gain":0,"player_choice":"Opened","damage_taken":0,"relics_obtained":["War Paint"],"max_hp_gain":0,"max_hp_loss":0,"event_name":"The Mausoleum","floor":22,"gold_loss":0,"cards_obtained":["Writhe"]},{"damage_healed":0,"gold_gain":0,"player_choice":"Fight","damage_taken":0,"max_hp_gain":0,"max_hp_loss":0,"event_name":"Colosseum","floor":28,"gold_loss":0},{"damage_healed":0,"gold_gain":0,"player_choice":"Fought Nobs","damage_taken":0,"max_hp_gain":0,"max_hp_loss":0,"event_name":"Colosseum","floor":28,"gold_loss":0}],"is_beta":false,"boss_relics":[{"not_picked":["Lizard Tail","Coffee Dripper"],"picked":"Sozu"},{"not_picked":["Runic Pyramid","Philosopher\u0027s Stone"],"picked":"Calling Bell"}],"items_purged_floors":[4,20],"is_endless":false,"potions_floor_spawned":[3,7,13,18,19,24,28,31,33,37],"killed_by":"Nemesis","ascension_level":0}