{"gold_per_floor":[118,133,152,152,167,167,196,208,208,224,244,255,255,255,255,357,357,368,382,382,44,55,55,55,66,66,66,86,106,132,149,149,250,250,262,262,262,262,262],"floor_reached":39,"playtime":2326,"items_purged":["Defend_R"],"score":432,"play_id":"4db46f13-e6ad-4bc2-9de7-473870639790","local_time":"20190816162726","is_ascension_mode":false,"campfire_choices":[{"data":"Rampage","floor":6.0,"key":"SMITH"},{"floor":13.0,"key":"REST"},{"data":"Shrug It Off","floor":15.0,"key":"SMITH"},{"floor":23.0,"key":"REST"},{"data":"Apotheosis","floor":27.0,"key":"SMITH"},{"data":"Demon Form","floor":32.0,"key":"SMITH"}],"neow_cost":"NONE","seed_source_timestamp":0,"circlet_count":0,"master_deck":["Strike_R","Strike_R","Strike_R","Defend_R","Defend_R","Bash","Rampage+1","Burning Pact","Cleave+1","Pommel Strike+1","True Grit","Shrug It Off+1","Feed+1","Immolate+1","Battle Trance+1","Inflame+1","Thunderclap+1","Shrug It Off+1","Demon Form+1","Apotheosis+1","Dropkick+1","Ghostly","Ghostly","Ghostly","Ghostly","Ghostly","Heavy Blade+1","Power Through","Perfected Strike+1","Whirlwind+1","Thunderclap+1","Reaper+1","Madness","Madness"],"special_seed":0,"relics":["Burning Blood","NeowsBlessing","Strawberry","Molten Egg 2","Blue Candle","Astrolabe","Mercury Hourglass","Frozen Egg 2","Eternal Feather"],"potions_floor_usage":[39],"damage_taken":[{"damage":0.0,"enemies":"Cultist","floor":1.0,"turns":1.0},{"damage":0.0,"enemies":"Jaw Worm","floor":2.0,"turns":1.0},{"damage":0.0,"enemies":"Small Slimes","floor":3.0,"turns":1.0},{"damage":1.0,"enemies":"2 Fungi Beasts","floor":5.0,"turns":3.0},{"damage":69.0,"enemies":"Lagavulin","floor":7.0,"turns":10.0},{"damage":14.0,"enemies":"Exordium Wildlife","floor":8.0,"turns":5.0},{"damage":8.0,"enemies":"Red Slaver","floor":10.0,"turns":4.0},{"damage":6.0,"enemies":"3 Louse","floor":11.0,"turns":2.0},{"damage":8.0,"enemies":"2 Fungi Beasts","floor":12.0,"turns":4.0},{"damage":49.0,"enemies":"Slime Boss","floor":16.0,"turns":10.0},{"damage":12.0,"enemies":"Chosen","floor":18.0,"turns":4.0},{"damage":17.0,"enemies":"Spheric Guardian","floor":19.0,"turns":4.0},{"damage":29.0,"enemies":"Centurion and Healer","floor":22.0,"turns":7.0},{"damage":26.0,"enemies":"Chosen and Byrds","floor":25.0,"turns":7.0},{"damage":3.0,"enemies":"3 Cultists","floor":28.0,"turns":5.0},{"damage":3.0,"enemies":"Snake Plant","floor":29.0,"turns":7.0},{"damage":4.0,"enemies":"Gremlin Leader","floor":30.0,"turns":9.0},{"damage":3.0,"enemies":"Snecko","floor":31.0,"turns":5.0},{"damage":29.0,"enemies":"Automaton","floor":33.0,"turns":12.0},{"damage":7,"enemies":"3 Darklings","floor":35,"turns":4},{"damage":57,"enemies":"Donu and Deca","floor":39,"turns":7}],"seed_played":"1206155398115816560","potions_obtained":[{"floor":3.0,"key":"BloodPotion"},{"floor":8.0,"key":"Ancient Potion"},{"floor":11.0,"key":"Regen Potion"},{"floor":18.0,"key":"Energy Potion"},{"floor":29.0,"key":"LiquidBronze"}],"is_trial":false,"path_per_floor":["M","M","M","?","M","R","E","M","T","M","M","M","R","?","R","B",null,"M","M","?","$","M","R","?","M","T","R","M","M","E","M","R","B",null,"M","?","?","?","B"],"character_chosen":"IRONCLAD","items_purchased":["Demon Form","Apotheosis"],"campfire_rested":2,"item_purchase_floors":[21,21],"current_hp_per_floor":[80,80,80,87,87,87,24,16,16,14,35,33,59,87,87,44,87,81,74,56,56,37,67,50,30,30,30,33,36,38,41,41,32,50,49,43,43,43,0],"gold":262,"neow_bonus":"THREE_ENEMY_KILL","is_prod":false,"is_daily":false,"chose_seed":false,"campfire_upgraded":4,"win_rate":0,"timestamp":1565965646,"path_taken":["M","M","?","?","M","R","E","?","T","M","M","M","R","?","R","BOSS","M","?","?","$","M","R","?","M","T","R","M","M","E","M","R","BOSS","M","?","?","?","BOSS"],"build_version":"2019-07-17","purchased_purges":1,"victory":false,"max_hp_per_floor":[80,80,80,87,87,87,87,87,87,87,87,87,87,87,87,87,87,87,91,96,96,100,100,50,50,50,50,50,50,50,50,50,50,50,50,50,50,50,50],"card_choices":[{"not_picked":["Wild Strike","Rage"],"picked":"Seeing Red","floor":1.0},{"not_picked":["Pommel Strike","Clash"],"picked":"Evolve","floor":2.0},{"not_picked":["Seeing Red","Headbutt"],"picked":"Rampage","floor":3.0},{"not_picked":["Twin Strike","Clash","Sword Boomerang"],"picked":"SKIP","floor":5.0},{"not_picked":["Twin Strike","Havoc"],"picked":"Burning Pact","floor":7.0},{"not_picked":["Headbutt+1","Dual Wield"],"picked":"Cleave+1","floor":8.0},{"not_picked":["Headbutt+1","Second Wind"],"picked":"Pommel Strike+1","floor":10.0},{"not_picked":["Rupture","Uppercut+1"],"picked":"True Grit","floor":11.0},{"not_picked":["Sever Soul+1","Clash+1"],"picked":"Shrug It Off","floor":12.0},{"not_picked":["Bludgeon+1","Fiend Fire+1"],"picked":"Feed+1","floor":16.0},{"not_picked":["Infernal Blade","Sword Boomerang+1"],"picked":"Thunderclap+1","floor":18.0},{"not_picked":["Seeing Red","True Grit"],"picked":"Shrug It Off+1","floor":19.0},{"not_picked":["Rupture","Shrug It Off"],"picked":"Dropkick+1","floor":22.0},{"not_picked":["Pommel Strike+1","Fiend Fire+1"],"picked":"Heavy Blade+1","floor":25.0},{"not_picked":["Body Slam+1","Rampage+1"],"picked":"Power Through","floor":28.0},{"not_picked":["Clash+1","Anger+1"],"picked":"Perfected Strike+1","floor":29.0},{"not_picked":["Barricade","Spot Weakness"],"picked":"Whirlwind+1","floor":30.0},{"not_picked":["Sentinel","Twin Strike+1"],"picked":"Thunderclap+1","floor":31.0},{"not_picked":["Berserk+1","Bludgeon+1"],"picked":"Reaper+1","floor":33.0},{"not_picked":["Pommel Strike+1","Perfected Strike+1","Dual Wield"],"picked":"SKIP","floor":35}],"player_experience":330304,"relics_obtained":[{"floor":4.0,"key":"Strawberry"},{"floor":7.0,"key":"Molten Egg 2"},{"floor":9.0,"key":"Blue Candle"},{"floor":26.0,"key":"Mercury Hourglass"},{"floor":30.0,"key":"Frozen Egg 2"}],"event_choices":[{"damage_healed":0.0,"max_hp_gain":0.0,"max_hp_loss":0.0,"gold_gain":0.0,"event_name":"Wheel of Change","player_choice":"Relic","floor":4.0,"gold_loss":0.0,"damage_taken":0.0},{"cards_removed":["Seeing Red"],"damage_healed":28.0,"max_hp_gain":0.0,"max_hp_loss":0.0,"gold_gain":0.0,"event_name":"Bonfire Elementals","player_choice":"Offered Uncommon","floor":14.0,"gold_loss":0.0,"damage_taken":0.0},{"damage_healed":0.0,"max_hp_gain":5.0,"max_hp_loss":0.0,"gold_gain":0.0,"event_name":"Forgotten Altar","player_choice":"Shed Blood","floor":20.0,"gold_loss":0.0,"damage_taken":23.0},{"damage_healed":0.0,"max_hp_gain":0.0,"max_hp_loss":50.0,"gold_gain":0.0,"event_name":"Ghosts","player_choice":"Became a Ghost","floor":24.0,"gold_loss":0.0,"damage_taken":0.0,"cards_obtained":["Ghostly","Ghostly","Ghostly","Ghostly","Ghostly"]},{"damage_healed":0,"gold_gain":0,"player_choice":"Embrace Madness","damage_taken":6,"max_hp_gain":0,"max_hp_loss":0,"event_name":"Winding Halls","floor":36,"gold_loss":0,"cards_obtained":["Madness","Madness"]},{"cards_removed":["Evolve"],"damage_healed":0,"gold_gain":0,"player_choice":"Removed Power","damage_taken":0,"max_hp_gain":0,"max_hp_loss":0,"event_name":"Falling","floor":37,"gold_loss":0},{"damage_healed":0,"gold_gain":0,"player_choice":"Took Portal","damage_taken":0,"max_hp_gain":0,"max_hp_loss":0,"event_name":"SecretPortal","floor":38,"gold_loss":0}],"is_beta":false,"boss_relics":[{"not_picked":["Mark of Pain","Runic Dome"],"picked":"Astrolabe"},{"not_picked":["Fusion Hammer","Philosopher\u0027s Stone"],"picked":"Eternal Feather"}],"items_purged_floors":[21],"is_endless":false,"potions_floor_spawned":[3,8,11,18,28,29,30],"killed_by":"Donu and Deca","ascension_level":0}