{"gold_per_floor":[113,113,127,54,71,103,103,128,128,153,167,167,194,213,213,284,284,299,328,27,27,37,98,98,98,98,113,113,132,150,166,166,240,240,258,1257,1273,555,555,555,589,608,608,608,412,412,412,17,17,17],"floor_reached":50,"playtime":2138,"items_purged":["Strike_R","Strike_R","Normality","Normality"],"score":932,"play_id":"de8b0eaf-b6e8-4883-bbd1-4f628b834b85","local_time":"20190719234444","is_ascension_mode":true,"campfire_choices":[{"floor":7,"key":"REST"},{"floor":12,"key":"REST"},{"data":"Armaments","floor":15,"key":"SMITH"},{"floor":28,"key":"REST"},{"floor":32,"key":"RECALL"},{"floor":40,"key":"REST"},{"floor":47,"key":"REST"},{"floor":49,"key":"REST"}],"neow_cost":"NONE","seed_source_timestamp":796583939544975,"circlet_count":0,"master_deck":["AscendersBane","Strike_R","Strike_R","Strike_R","Defend_R","Defend_R","Defend_R","Defend_R","Bash","Anger","Armaments+1","Headbutt","Clothesline","Rampage","Double Tap","Shrug It Off","True Grit","Immolate","Disarm","Flame Barrier","Power Through","Shrug It Off","Reaper","Impervious","Reaper","conspire:Banana","Shockwave","hubris:DuctTapeCard"],"relics":["Burning Blood","NeowsBlessing","Mercury Hourglass","Question Card","Oddly Smooth Stone","hubris:MysteriousPyramids","Nunchaku","Fusion Hammer","Red Mask","Bag of Preparation","Tiny Chest","Nilry\u0027s Codex","hubris:MedicalManual","White Beast Statue","Medical Kit","Gremlin Horn","Champion Belt","hubris:DuctTape"],"potions_floor_usage":[8,8,23,41,50],"damage_taken":[{"damage":0,"enemies":"Cultist","floor":1,"turns":1},{"damage":0,"enemies":"Jaw Worm","floor":3,"turns":1},{"damage":0,"enemies":"Small Slimes","floor":5,"turns":1},{"damage":45,"enemies":"3 Sentries","floor":6,"turns":9},{"damage":16,"enemies":"Gremlin Nob","floor":8,"turns":3},{"damage":22,"enemies":"Lagavulin","floor":10,"turns":6},{"damage":0,"enemies":"2 Fungi Beasts","floor":11,"turns":2},{"damage":15,"enemies":"3 Sentries","floor":13,"turns":6},{"damage":7,"enemies":"Blue Slaver","floor":14,"turns":2},{"damage":9,"enemies":"Slime Boss","floor":16,"turns":10},{"damage":1,"enemies":"conspire:FuzzyDice","floor":18,"turns":6},{"damage":14,"enemies":"Masked Bandits","floor":19,"turns":4},{"damage":0,"enemies":"3 Byrds","floor":22,"turns":4},{"damage":8,"enemies":"Slavers","floor":23,"turns":4},{"damage":4,"enemies":"Snake Plant","floor":27,"turns":4},{"damage":0,"enemies":"Centurion and Healer","floor":29,"turns":3},{"damage":0,"enemies":"Snecko","floor":30,"turns":4},{"damage":12,"enemies":"Shelled Parasite and Fungi","floor":31,"turns":6},{"damage":26,"enemies":"Champ","floor":33,"turns":14},{"damage":3,"enemies":"3 Shapes","floor":35,"turns":5},{"damage":25,"enemies":"3 Darklings","floor":37,"turns":6},{"damage":52,"enemies":"Reptomancer","floor":41,"turns":13},{"damage":34,"enemies":"Transient","floor":42,"turns":5},{"damage":80,"enemies":"Donu and Deca","floor":50,"turns":6}],"seed_played":"2419551109348478548","potions_obtained":[{"floor":2,"key":"GamblersBrew"},{"floor":2,"key":"Swift Potion"},{"floor":10,"key":"Dexterity Potion"},{"floor":11,"key":"FearPotion"},{"floor":29,"key":"Swift Potion"},{"floor":35,"key":"PowerPotion"},{"floor":41,"key":"LiquidBronze"},{"floor":42,"key":"Strength Potion"}],"is_trial":false,"path_per_floor":["M","?","M","$","M","E","R","E","T","E","M","R","E","M","R","B",null,"M","?","$","?","M","E","?","?","T","M","R","M","M","M","R","B",null,"M","?","M","$","?","R","E","M","T","?","$","?","R","$","R","B"],"character_chosen":"IRONCLAD","items_purchased":["Armaments","Headbutt","Bag of Preparation","Disarm","Medical Kit","Reaper","Gremlin Horn","Inflame","hubris:DuctTape"],"campfire_rested":6,"item_purchase_floors":[4,4,20,20,38,38,38,45,48],"current_hp_per_floor":[74,74,75,75,75,36,58,48,48,32,38,60,51,50,50,47,68,73,65,65,65,71,69,48,27,27,29,53,59,65,59,59,39,70,73,73,54,54,44,68,57,30,30,30,30,30,53,53,76,0],"gold":17,"neow_bonus":"THREE_ENEMY_KILL","is_prod":false,"is_daily":false,"chose_seed":false,"campfire_upgraded":1,"win_rate":0,"timestamp":1563594284,"path_taken":["M","?","M","$","M","E","R","E","T","E","?","R","E","M","R","BOSS","M","?","$","?","M","E","?","?","T","M","R","M","?","M","R","BOSS","M","?","M","$","?","R","E","?","T","?","$","?","R","?","R","BOSS"],"build_version":"2019-07-17","purchased_purges":4,"victory":false,"max_hp_per_floor":[75,75,75,75,75,75,75,75,75,75,75,75,75,75,75,75,75,75,75,75,75,75,75,80,80,80,80,80,80,80,80,80,80,80,80,80,80,80,80,80,81,82,82,78,78,78,78,78,78,79],"card_choices":[{"not_picked":["Iron Wave","Entrench"],"picked":"Anger","floor":1},{"not_picked":["Bloodletting","Seeing Red","Warcry"],"picked":"SKIP","floor":3},{"not_picked":["Flex","Warcry"],"picked":"Clothesline","floor":5},{"not_picked":["Clash","Headbutt"],"picked":"Rampage","floor":6},{"not_picked":["Cleave","Sword Boomerang","Corruption"],"picked":"SKIP","floor":8},{"not_picked":["Flex","Entrench","Pummel"],"picked":"Double Tap","floor":10},{"not_picked":["Warcry","Intimidate","Twin Strike"],"picked":"Shrug It Off","floor":11},{"not_picked":["Armaments","Rupture","Uppercut"],"picked":"True Grit","floor":13},{"not_picked":["Pommel Strike","Rampage","Entrench","Headbutt"],"picked":"SKIP","floor":14},{"not_picked":["Reaper","Impervious","Bludgeon"],"picked":"Immolate","floor":16},{"not_picked":["Clothesline+1","Whirlwind+1","Seeing Red","Cleave"],"picked":"SKIP","floor":18},{"not_picked":["Havoc","Evolve","Armaments","Twin Strike"],"picked":"SKIP","floor":22},{"not_picked":["Sentinel+1","Havoc","conspire:Charge"],"picked":"Flame Barrier","floor":23},{"not_picked":["Flame Barrier","Rampage","Rage"],"picked":"Power Through","floor":27},{"not_picked":["Armaments","Thunderclap","Rampage","Perfected Strike+1"],"picked":"SKIP","floor":29},{"not_picked":["Anger","Havoc","Entrench"],"picked":"Shrug It Off","floor":30},{"not_picked":["Headbutt","hubris:CleavingFinish","Thunderclap"],"picked":"Reaper","floor":31},{"not_picked":["Brutality","conspire:Purge","Juggernaut"],"picked":"Impervious","floor":33},{"not_picked":["Armaments","Twin Strike","hubris:SharpeningStone+1"],"picked":"Shrug It Off+1","floor":35},{"not_picked":["Thunderclap","conspire:Charge","Armaments","hubris:SharpeningStone"],"picked":"SKIP","floor":37},{"not_picked":["Finesse","Mind Blast","Jack Of All Trades"],"picked":"conspire:Banana","floor":39},{"not_picked":["Havoc","Iron Wave","Wild Strike+1","Clothesline"],"picked":"SKIP","floor":41},{"not_picked":["Havoc","hubris:SharpeningStone+1","Carnage"],"picked":"Shockwave","floor":42}],"player_experience":2607089,"relics_obtained":[{"floor":6,"key":"Mercury Hourglass"},{"floor":8,"key":"Question Card"},{"floor":9,"key":"Oddly Smooth Stone"},{"floor":10,"key":"hubris:MysteriousPyramids"},{"floor":13,"key":"Nunchaku"},{"floor":19,"key":"Red Mask"},{"floor":23,"key":"Tiny Chest"},{"floor":25,"key":"Nilry\u0027s Codex"},{"floor":26,"key":"hubris:MedicalManual"},{"floor":41,"key":"Champion Belt"}],"event_choices":[{"damage_healed":0,"gold_gain":0,"player_choice":"Got Potions","damage_taken":0,"max_hp_gain":0,"max_hp_loss":0,"event_name":"Lab","floor":2,"gold_loss":0},{"damage_healed":0,"gold_gain":0,"player_choice":"Fought Bandits","damage_taken":0,"max_hp_gain":0,"max_hp_loss":0,"event_name":"Masked Bandits","floor":19,"gold_loss":0},{"damage_healed":0,"gold_gain":0,"player_choice":"Shed Blood","damage_taken":26,"max_hp_gain":5,"max_hp_loss":0,"event_name":"Forgotten Altar","floor":24,"gold_loss":0},{"damage_healed":0,"gold_gain":0,"player_choice":"Obtained Book","damage_taken":21,"max_hp_gain":0,"max_hp_loss":0,"event_name":"Cursed Tome","floor":25,"gold_loss":0},{"damage_healed":0,"gold_gain":999,"player_choice":"Gold","damage_taken":0,"max_hp_gain":0,"max_hp_loss":0,"event_name":"MindBloom","floor":36,"gold_loss":0,"cards_obtained":["Normality","Normality"]},{"damage_healed":0,"gold_gain":0,"player_choice":"Memory 3","damage_taken":10,"max_hp_gain":0,"max_hp_loss":0,"event_name":"SensoryStone","floor":39,"gold_loss":0},{"damage_healed":0,"gold_gain":0,"player_choice":"Max HP","damage_taken":0,"max_hp_gain":0,"max_hp_loss":4,"event_name":"Winding Halls","floor":44,"gold_loss":0},{"damage_healed":0,"gold_gain":0,"player_choice":"Ignored","damage_taken":0,"max_hp_gain":0,"max_hp_loss":0,"event_name":"The Moai Head","floor":46,"gold_loss":0}],"is_beta":false,"boss_relics":[{"not_picked":["conspire:SpecialSausage","Black Star"],"picked":"Fusion Hammer"},{"not_picked":["Eternal Feather","conspire:RoyalGoblet"],"picked":"White Beast Statue"}],"items_purged_floors":[20,38,45,48],"is_endless":false,"potions_floor_spawned":[10,11,14,18,29,30,33,35,37,41,42],"killed_by":"Donu and Deca","ascension_level":15}