{"gold_per_floor":[112,124,141,161,54,54,80,95,118,118,133,151,167,51,51,154,154,171,171,181,181,142,174,174,206,229,229],"floor_reached":27,"playtime":2963,"items_purged":[],"score":305,"play_id":"979eb4f1-5950-4135-a77b-7804eb4e54b6","local_time":"20190823232618","is_ascension_mode":false,"campfire_choices":[{"data":"Noxious Fumes","floor":6.0,"key":"SMITH"},{"data":"Crippling Poison","floor":10.0,"key":"SMITH"},{"data":"Noxious Fumes","floor":15.0,"key":"SMITH"},{"data":"Calculated Gamble","floor":24.0,"key":"SMITH"}],"neow_cost":"NONE","seed_source_timestamp":0,"circlet_count":0,"master_deck":["Strike_G","Defend_G","Defend_G","Defend_G","Defend_G+1","Defend_G","Survivor+1","Neutralize","Deflect","Deadly Poison","Bane","Skewer","Backflip","Noxious Fumes+1","Expertise","Crippling Poison+1","Dodge and Roll","Poisoned Stab","Noxious Fumes+1","Backflip","Leg Sweep","Adrenaline","Bullet Time+1","After Image+1","Sucker Punch+1","Bane","Ghostly","Ghostly","Ghostly","Ghostly","Ghostly","Predator","Calculated Gamble+1","Sucker Punch+1","PiercingWail+1"],"special_seed":0,"relics":["Ring of the Snake","Meat on the Bone","Strawberry","Astrolabe","Potion Belt","Regal Pillow","War Paint"],"potions_floor_usage":[],"damage_taken":[{"damage":3.0,"enemies":"Cultist","floor":1.0,"turns":7.0},{"damage":0.0,"enemies":"Jaw Worm","floor":2.0,"turns":4.0},{"damage":0.0,"enemies":"2 Louse","floor":3.0,"turns":2.0},{"damage":0.0,"enemies":"Red Slaver","floor":4.0,"turns":6.0},{"damage":11.0,"enemies":"3 Sentries","floor":7.0,"turns":7.0},{"damage":0.0,"enemies":"Exordium Wildlife","floor":8.0,"turns":4.0},{"damage":0.0,"enemies":"2 Fungi Beasts","floor":11.0,"turns":4.0},{"damage":3.0,"enemies":"Exordium Thugs","floor":12.0,"turns":5.0},{"damage":3.0,"enemies":"Looter","floor":13.0,"turns":4.0},{"damage":11.0,"enemies":"Hexaghost","floor":16.0,"turns":8.0},{"damage":3.0,"enemies":"2 Thieves","floor":18.0,"turns":4.0},{"damage":13.0,"enemies":"Chosen","floor":20.0,"turns":7.0},{"damage":2.0,"enemies":"Book of Stabbing","floor":23.0,"turns":8.0},{"damage":5.0,"enemies":"Gremlin Leader","floor":25.0,"turns":7.0},{"damage":36,"enemies":"Slavers","floor":27,"turns":4}],"seed_played":"-8575457624703799082","potions_obtained":[{"floor":3.0,"key":"Fire Potion"},{"floor":4.0,"key":"Weak Potion"},{"floor":8.0,"key":"Swift Potion"},{"floor":12.0,"key":"Block Potion"},{"floor":16.0,"key":"GamblersBrew"},{"floor":25.0,"key":"EssenceOfSteel"}],"is_trial":false,"path_per_floor":["M","M","M","M","$","R","E","M","T","R","M","M","M","$","R","B",null,"M","?","M","?","$","E","R","E","T","E"],"character_chosen":"THE_SILENT","items_purchased":["Noxious Fumes","Expertise","Backflip","Leg Sweep","Calculated Gamble"],"campfire_rested":0,"item_purchase_floors":[5,5,14,14,22],"current_hp_per_floor":[67,67,67,67,67,67,56,56,63,63,63,60,57,57,57,46,77,74,38,25,20,20,30,30,25,25,0],"gold":229,"neow_bonus":"TRANSFORM_CARD","is_prod":false,"is_daily":false,"chose_seed":false,"campfire_upgraded":4,"win_rate":0.0,"timestamp":1566617178,"path_taken":["M","M","M","M","$","R","E","?","T","R","M","M","?","$","R","BOSS","M","?","M","?","$","E","R","E","T","E"],"build_version":"2019-07-17","purchased_purges":0,"victory":false,"max_hp_per_floor":[70,70,70,70,70,70,70,70,77,77,77,77,77,77,77,77,77,77,38,38,43,43,43,43,43,43,43],"card_choices":[{"not_picked":["PiercingWail","Masterful Stab"],"picked":"Deadly Poison","floor":1.0},{"not_picked":["Terror","Predator"],"picked":"Bane","floor":2.0},{"not_picked":["Acrobatics","Dodge and Roll"],"picked":"Skewer","floor":3.0},{"not_picked":["Reflex","Poisoned Stab"],"picked":"Backflip","floor":4.0},{"not_picked":["Slice","Dagger Throw"],"picked":"Crippling Poison","floor":7.0},{"not_picked":["PiercingWail","Footwork"],"picked":"Dodge and Roll","floor":8.0},{"not_picked":["Blade Dance","Quick Slash"],"picked":"Poisoned Stab","floor":11.0},{"not_picked":["Poisoned Stab","Footwork"],"picked":"Noxious Fumes","floor":12.0},{"not_picked":["Finisher","Distraction","Masterful Stab"],"picked":"SKIP","floor":13.0},{"not_picked":["Wraith Form v2","Night Terror"],"picked":"Adrenaline","floor":16.0},{"not_picked":["Underhanded Strike","Acrobatics"],"picked":"Bane","floor":18.0},{"not_picked":["Terror","PiercingWail"],"picked":"Predator","floor":20.0},{"not_picked":["Footwork","Deflect"],"picked":"Sucker Punch+1","floor":23.0},{"not_picked":["Blade Dance","Choke"],"picked":"PiercingWail+1","floor":25.0}],"player_experience":23472,"relics_obtained":[{"floor":7.0,"key":"Meat on the Bone"},{"floor":9.0,"key":"Strawberry"},{"floor":23.0,"key":"Potion Belt"},{"floor":25.0,"key":"Regal Pillow"},{"floor":26.0,"key":"War Paint"}],"event_choices":[{"damage_healed":0.0,"max_hp_gain":0.0,"max_hp_loss":39.0,"gold_gain":0.0,"event_name":"Ghosts","player_choice":"Became a Ghost","floor":19.0,"gold_loss":0.0,"damage_taken":0.0,"cards_obtained":["Ghostly","Ghostly","Ghostly","Ghostly","Ghostly"]},{"damage_healed":0.0,"max_hp_gain":5.0,"max_hp_loss":0.0,"gold_gain":0.0,"event_name":"Forgotten Altar","player_choice":"Shed Blood","floor":21.0,"gold_loss":0.0,"damage_taken":10.0}],"is_beta":false,"boss_relics":[{"not_picked":["Sozu","Runic Pyramid"],"picked":"Astrolabe"}],"items_purged_floors":[],"is_endless":false,"potions_floor_spawned":[3,4,8,12,16,25],"killed_by":"Slavers","ascension_level":0}