{"gold_per_floor":[214,214,214,91,108,108,142,165,255,267,309,321,367,394,406,492,504,530,542,203,223,59,59,93,93,93,121,139,139,139,157,157,231,231,250,261,261,68,84,118,118,137,163,175,194,205,234,254,254,254,254,254,32,58,58],"floor_reached":56,"playtime":4087,"items_purged":["Strike_R","Perfected Strike+1","Corruption"],"score":1992,"play_id":"bc37e2e3-5b6d-4bbe-adbf-8513e81fe853","local_time":"20190822192412","is_ascension_mode":true,"campfire_choices":[{"data":"Anger","floor":6.0,"key":"SMITH"},{"floor":10.0,"key":"REST"},{"data":"Carnage","floor":15.0,"key":"SMITH"},{"data":"Dark Embrace","floor":23.0,"key":"SMITH"},{"data":"Corruption","floor":25.0,"key":"SMITH"},{"data":"Barricade","floor":29.0,"key":"SMITH"},{"data":"Juggernaut","floor":32.0,"key":"SMITH"},{"floor":49.0,"key":"RECALL"},{"data":"Impervious","floor":52,"key":"SMITH"}],"neow_cost":"NONE","seed_source_timestamp":686117144457741,"circlet_count":0,"master_deck":["AscendersBane","Bash+1","Combust+1","Anger+1","Carnage+1","Shrug It Off","Thunderclap+1","Reaper+1","Impervious","Juggernaut+1","Corruption+1","Impervious+1","Dark Embrace+1","Headbutt+1","Iron Wave+1","Body Slam+1","Inflame","Shockwave","Iron Wave+1","Barricade+1","Exhume","Evolve+1","Whirlwind+1","Shrug It Off+1","Shockwave+1","Metallicize","Shrug It Off+1","Entrench"],"special_seed":0,"relics":["Burning Blood","MawBank","Molten Egg 2","Unceasing Top","Kunai","Pandora\u0027s Box","Membership Card","Pen Nib","Tiny Chest","Singing Bowl","Magic Flower","Regal Pillow","Black Star","Shuriken","PreservedInsect","Happy Flower","Prayer Wheel","Bird Faced Urn","Whetstone","Self Forming Clay","FossilizedHelix","Bag of Preparation"],"potions_floor_usage":[54,55,55],"damage_taken":[{"damage":10.0,"enemies":"2 Louse","floor":1.0,"turns":3.0},{"damage":8.0,"enemies":"Jaw Worm","floor":5.0,"turns":3.0},{"damage":19.0,"enemies":"Lagavulin","floor":7.0,"turns":6.0},{"damage":0.0,"enemies":"Cultist","floor":8.0,"turns":3.0},{"damage":7.0,"enemies":"Gremlin Nob","floor":11.0,"turns":3.0},{"damage":11.0,"enemies":"3 Sentries","floor":13.0,"turns":5.0},{"damage":20.0,"enemies":"Large Slime","floor":14.0,"turns":3.0},{"damage":37.0,"enemies":"Hexaghost","floor":16.0,"turns":7.0},{"damage":12.0,"enemies":"Chosen","floor":18.0,"turns":5.0},{"damage":26.0,"enemies":"Shell Parasite","floor":21.0,"turns":6.0},{"damage":9.0,"enemies":"Gremlin Leader","floor":24.0,"turns":5.0},{"damage":8.0,"enemies":"Slavers","floor":27.0,"turns":4.0},{"damage":21.0,"enemies":"Cultist and Chosen","floor":28.0,"turns":6.0},{"damage":0.0,"enemies":"Snecko","floor":31.0,"turns":5.0},{"damage":75.0,"enemies":"Collector","floor":33.0,"turns":11.0},{"damage":18.0,"enemies":"3 Shapes","floor":35.0,"turns":5.0},{"damage":18.0,"enemies":"3 Darklings","floor":36.0,"turns":6.0},{"damage":32.0,"enemies":"Spire Growth","floor":39.0,"turns":7.0},{"damage":11.0,"enemies":"Giant Head","floor":40.0,"turns":5.0},{"damage":47.0,"enemies":"Transient","floor":42.0,"turns":5.0},{"damage":29.0,"enemies":"Sphere and 2 Shapes","floor":44.0,"turns":8.0},{"damage":7.0,"enemies":"4 Shapes","floor":45.0,"turns":5.0},{"damage":40.0,"enemies":"3 Darklings","floor":46.0,"turns":5.0},{"damage":21.0,"enemies":"Nemesis","floor":47.0,"turns":7.0},{"damage":47.0,"enemies":"Transient","floor":48.0,"turns":5.0},{"damage":30,"enemies":"Donu and Deca","floor":50,"turns":9},{"damage":33,"enemies":"Shield and Spear","floor":54,"turns":6},{"damage":45,"enemies":"The Heart","floor":55,"turns":8}],"seed_played":"7163930366162062988","potions_obtained":[{"floor":1.0,"key":"Energy Potion"},{"floor":13.0,"key":"SteroidPotion"},{"floor":16.0,"key":"Strength Potion"},{"floor":18.0,"key":"SpeedPotion"},{"floor":27.0,"key":"EssenceOfSteel"},{"floor":54,"key":"EssenceOfSteel"}],"is_trial":false,"path_per_floor":["M","?","?","$","M","R","E","M","T","R","E","?","E","M","R","B",null,"M","?","$","M","$","R","E","R","T","E","M","R","$","M","R","B",null,"M","M","?","$","M","E","?","M","T","M","M","M","E","M","R","B",null,"R","$","E","B",null],"character_chosen":"IRONCLAD","items_purchased":["Explosive Potion","Membership Card","Iron Wave+1","Pen Nib","Inflame","Shockwave","Tiny Chest","Shuriken","PreservedInsect","Self Forming Clay","Entrench","GamblersBrew","Fire Potion"],"campfire_rested":1,"item_purchase_floors":[4,20,20,20,22,22,22,38,38,53,53,53,53],"current_hp_per_floor":[64,41,41,41,39,39,26,32,32,54,53,58,53,39,39,8,62,61,61,61,48,48,48,66,66,66,82,82,82,82,84,84,39,73,84,86,86,86,65,65,65,31,31,13,91,95,83,56,56,74,91,91,91,99,96],"gold":58,"neow_bonus":"HUNDRED_GOLD","is_prod":false,"is_daily":false,"chose_seed":false,"campfire_upgraded":7,"win_rate":0,"timestamp":1566516252,"path_taken":["M","?","?","$","M","R","E","?","T","R","E","?","E","M","R","BOSS","M","?","$","M","$","R","E","R","T","E","M","R","$","M","R","BOSS","M","M","?","$","M","E","?","M","T","M","M","M","E","M","R","BOSS","R","$","E","BOSS"],"build_version":"2019-07-17","purchased_purges":3,"victory":true,"max_hp_per_floor":[75,75,75,75,75,75,75,75,75,75,75,80,80,80,80,80,80,80,80,80,80,80,80,80,80,80,82,82,82,82,84,84,84,84,84,86,86,86,88,90,85,89,89,91,91,95,95,97,97,97,97,97,97,99,99],"card_choices":[{"not_picked":["Infernal Blade","Pommel Strike"],"picked":"Combust","floor":1.0},{"not_picked":["Clash","Heavy Blade"],"picked":"Anger","floor":5.0},{"not_picked":["Pommel Strike","Havoc"],"picked":"Carnage","floor":7.0},{"not_picked":["Sentinel","Hemokinesis","Dual Wield"],"picked":"SKIP","floor":8.0},{"not_picked":["Combust","Seeing Red","Heavy Blade+1"],"picked":"SKIP","floor":11.0},{"not_picked":["Searing Blow+1","Pummel+1"],"picked":"Shrug It Off","floor":13.0},{"not_picked":["Cleave+1","Anger+1"],"picked":"Thunderclap+1","floor":14.0},{"not_picked":["Fiend Fire+1","Dark Embrace"],"picked":"Reaper+1","floor":16.0},{"not_picked":["Fire Breathing","Armaments"],"picked":"Headbutt+1","floor":18.0},{"not_picked":["Twin Strike+1","Clash+1"],"picked":"Body Slam+1","floor":21.0},{"not_picked":["Second Wind","Heavy Blade+1"],"picked":"Iron Wave+1","floor":24.0},{"not_picked":["Warcry","True Grit","Clash+1"],"picked":"Singing Bowl","floor":27.0},{"not_picked":["Anger+1","Twin Strike+1"],"picked":"Barricade","floor":28.0},{"not_picked":["Warcry","Sever Soul+1","Headbutt+1"],"picked":"Singing Bowl","floor":31.0},{"not_picked":["Dark Embrace","Demon Form"],"picked":"Exhume","floor":33.0},{"not_picked":["Pommel Strike+1","Perfected Strike+1"],"picked":"Evolve+1","floor":35.0},{"not_picked":["Heavy Blade+1","Rage","Searing Blow+1"],"picked":"Singing Bowl","floor":36.0},{"not_picked":["Wild Strike+1","Heavy Blade+1","Pummel+1"],"picked":"Singing Bowl","floor":39.0},{"not_picked":["Berserk","Pummel+1","Searing Blow+1"],"picked":"Singing Bowl","floor":40.0},{"not_picked":["Twin Strike+1","Anger+1","True Grit"],"picked":"Singing Bowl","floor":42.0},{"not_picked":["Seeing Red","Cleave+1","Clash+1"],"picked":"Singing Bowl","floor":42.0},{"not_picked":["Wild Strike+1","Perfected Strike+1","Headbutt+1"],"picked":"Singing Bowl","floor":44.0},{"not_picked":["Shockwave","Sentinel"],"picked":"Whirlwind+1","floor":44.0},{"not_picked":["Perfected Strike+1","Body Slam+1"],"picked":"Shrug It Off+1","floor":45.0},{"not_picked":["Body Slam+1","Pummel+1"],"picked":"Shockwave+1","floor":45.0},{"not_picked":["Twin Strike+1","Shockwave+1","Armaments"],"picked":"Singing Bowl","floor":46.0},{"not_picked":["Rage+1","Intimidate+1","Feed+1"],"picked":"Singing Bowl","floor":46.0},{"not_picked":["Fiend Fire+1","Perfected Strike+1"],"picked":"Metallicize","floor":47.0},{"not_picked":["Twin Strike+1","Body Slam+1"],"picked":"Shrug It Off+1","floor":48.0},{"not_picked":["Spot Weakness","Armaments","Clash+1"],"picked":"Singing Bowl","floor":48.0},{"not_picked":["Pummel+1","Sever Soul+1","True Grit"],"picked":"Singing Bowl","floor":54}],"player_experience":2725532,"relics_obtained":[{"floor":7.0,"key":"MawBank"},{"floor":9.0,"key":"Molten Egg 2"},{"floor":11.0,"key":"Unceasing Top"},{"floor":13.0,"key":"Kunai"},{"floor":24.0,"key":"Singing Bowl"},{"floor":26.0,"key":"Magic Flower"},{"floor":27.0,"key":"Regal Pillow"},{"floor":40.0,"key":"Happy Flower"},{"floor":40.0,"key":"Prayer Wheel"},{"floor":47.0,"key":"Bird Faced Urn"},{"floor":47.0,"key":"Whetstone"},{"floor":54,"key":"FossilizedHelix"},{"floor":54,"key":"Bag of Preparation"}],"event_choices":[{"damage_healed":0.0,"max_hp_gain":0.0,"max_hp_loss":0.0,"gold_gain":0.0,"event_name":"Shining Light","player_choice":"Entered Light","floor":2.0,"gold_loss":0.0,"damage_taken":23.0,"cards_upgraded":["Defend_R","Bash"]},{"damage_healed":0.0,"max_hp_gain":0.0,"max_hp_loss":0.0,"gold_gain":0.0,"event_name":"Upgrade Shrine","player_choice":"Upgraded","floor":3.0,"gold_loss":0.0,"damage_taken":0.0,"cards_upgraded":["Combust"]},{"damage_healed":0.0,"max_hp_gain":5.0,"max_hp_loss":0.0,"gold_gain":0.0,"event_name":"Big Fish","player_choice":"Donut","floor":12.0,"gold_loss":0.0,"damage_taken":0.0},{"damage_healed":0.0,"max_hp_gain":0.0,"max_hp_loss":0.0,"gold_gain":0.0,"event_name":"Ghosts","player_choice":"Ignored","floor":19.0,"gold_loss":0.0,"damage_taken":0.0},{"cards_removed":["Power Through"],"damage_healed":0.0,"max_hp_gain":0.0,"max_hp_loss":0.0,"gold_gain":0.0,"event_name":"Falling","player_choice":"Removed Skill","floor":37.0,"gold_loss":0.0,"damage_taken":0.0},{"damage_healed":0.0,"max_hp_gain":0.0,"max_hp_loss":5.0,"gold_gain":0.0,"event_name":"Winding Halls","player_choice":"Max HP","floor":41.0,"gold_loss":0.0,"damage_taken":0.0}],"is_beta":false,"boss_relics":[{"not_picked":["Philosopher\u0027s Stone","Runic Dome"],"picked":"Pandora\u0027s Box"},{"not_picked":["Calling Bell","Astrolabe"],"picked":"Black Star"}],"items_purged_floors":[4,20,22],"is_endless":false,"potions_floor_spawned":[1,8,13,16,18,27,33,36,40,42,44,54],"ascension_level":15}