{"gold_per_floor":[117,192,20,20,32,32,52,84,84,103,116,130,130,160,160,233,233,250,267,10,10,20,20,49,49,49,59,78,90,15,30,30,30],"floor_reached":33,"playtime":1085,"items_purged":["Strike_B","Strike_B"],"score":492,"play_id":"b02550ec-3b69-43ab-8431-eb54608b8d7b","local_time":"20190714183817","is_ascension_mode":true,"campfire_choices":[{"data":"Zap","floor":6,"key":"SMITH"},{"floor":13,"key":"REST"},{"data":"Streamline","floor":15,"key":"SMITH"},{"data":"Biased Cognition","floor":23,"key":"SMITH"},{"floor":25,"key":"REST"},{"floor":32,"key":"REST"}],"neow_cost":"NONE","seed_source_timestamp":347209419474977,"circlet_count":0,"master_deck":["AscendersBane","Defend_B","Defend_B","Defend_B","Defend_B","Zap+1","Dualcast","Streamline+1","Coolheaded","Hologram","Rip and Tear","Cold Snap+1","Leap","Barrage+1","Glacier","Biased Cognition+1","Coolheaded+1","Echo Form","Static Discharge","Fission","Rainbow","Loop","Tempest+1","Lockon+1"],"relics":["Cracked Core","Darkstone Periapt","hubris:RunicObelisk","Nloth\u0027s Gift","Smiling Mask","hubris:SoftwareUpdate"],"potions_floor_usage":[14,27,27],"damage_taken":[{"damage":4,"enemies":"Jaw Worm","floor":1,"turns":4},{"damage":0,"enemies":"Cultist","floor":5,"turns":4},{"damage":0,"enemies":"Small Slimes","floor":7,"turns":2},{"damage":36,"enemies":"Gremlin Nob","floor":8,"turns":5},{"damage":1,"enemies":"Red Slaver","floor":10,"turns":5},{"damage":1,"enemies":"Blue Slaver","floor":11,"turns":4},{"damage":3,"enemies":"3 Louse","floor":12,"turns":3},{"damage":3,"enemies":"3 Sentries","floor":14,"turns":6},{"damage":15,"enemies":"Hexaghost","floor":16,"turns":11},{"damage":14,"enemies":"2 Thieves","floor":18,"turns":4},{"damage":1,"enemies":"Shell Parasite","floor":19,"turns":5},{"damage":4,"enemies":"3 Cultists","floor":22,"turns":6},{"damage":22,"enemies":"Book of Stabbing","floor":24,"turns":5},{"damage":5,"enemies":"Centurion and Healer","floor":27,"turns":10},{"damage":16,"enemies":"Snake Plant","floor":28,"turns":4},{"damage":9,"enemies":"Cultist and Chosen","floor":29,"turns":6},{"damage":2,"enemies":"Snecko","floor":31,"turns":3},{"damage":44,"enemies":"hubris:MusketHawk","floor":33,"turns":6}],"seed_played":"-8418364989341901925","potions_obtained":[{"floor":7,"key":"Dexterity Potion"},{"floor":16,"key":"Swift Potion"},{"floor":28,"key":"SpeedPotion"}],"is_trial":false,"path_per_floor":["M","?","$","?","M","R","M","E","T","M","M","M","R","E","R","B",null,"M","M","$","?","M","R","E","R","T","M","M","M","?","M","R","B"],"character_chosen":"DEFECT","items_purchased":["Coolheaded","Fire Potion","Echo Form"],"campfire_rested":3,"item_purchase_floors":[3,3,20],"current_hp_per_floor":[67,56,56,56,56,56,56,20,20,19,18,15,38,35,35,20,64,50,49,49,49,45,45,23,46,46,41,25,16,16,14,37,0],"gold":30,"neow_bonus":"TEN_PERCENT_HP_BONUS","is_prod":false,"is_daily":false,"chose_seed":false,"campfire_upgraded":3,"win_rate":0,"timestamp":1563143897,"path_taken":["M","?","$","?","M","R","M","E","T","?","?","M","R","E","R","BOSS","M","M","$","?","?","R","E","R","T","M","M","M","?","M","R","BOSS"],"build_version":"2019-07-05","purchased_purges":2,"victory":false,"max_hp_per_floor":[78,78,78,78,78,78,78,78,78,78,78,78,78,78,78,78,78,78,78,78,78,78,78,78,78,78,78,78,78,78,78,78,78],"card_choices":[{"not_picked":["Barrage","Leap"],"picked":"Streamline","floor":1},{"not_picked":["Chaos","Gash"],"picked":"Hologram","floor":5},{"not_picked":["Steam","Streamline"],"picked":"Rip and Tear","floor":7},{"not_picked":["Meteor Strike","Redo"],"picked":"Cold Snap","floor":8},{"not_picked":["Stack","Sweeping Beam+1"],"picked":"Leap","floor":10},{"not_picked":["Darkness","Hologram"],"picked":"Barrage+1","floor":11},{"not_picked":["Leap","Turbo","Amplify"],"picked":"SKIP","floor":12},{"not_picked":["Sweeping Beam+1","FTL+1"],"picked":"Glacier","floor":14},{"not_picked":["Machine Learning","Electrodynamics"],"picked":"Biased Cognition","floor":16},{"not_picked":["Rebound+1","Steam","Beam Cell+1"],"picked":"SKIP","floor":18},{"not_picked":["Rainbow","Go for the Eyes+1"],"picked":"Coolheaded+1","floor":19},{"not_picked":["Coolheaded","Reprogram"],"picked":"Static Discharge","floor":22},{"not_picked":["Cold Snap","All For One"],"picked":"Fission","floor":24},{"not_picked":["Ball Lightning","Rebound"],"picked":"Rainbow","floor":27},{"not_picked":["Hello World","Coolheaded"],"picked":"Loop","floor":28},{"not_picked":["Blizzard","Leap"],"picked":"Tempest+1","floor":29},{"not_picked":["Steam","hubris:Prefetch"],"picked":"Lockon+1","floor":31}],"player_experience":2573802,"relics_obtained":[{"floor":8,"key":"Molten Egg 2"},{"floor":14,"key":"Darkstone Periapt"},{"floor":24,"key":"Smiling Mask"},{"floor":26,"key":"hubris:SoftwareUpdate"}],"event_choices":[{"damage_healed":0,"gold_gain":75,"player_choice":"Gather Gold","damage_taken":11,"max_hp_gain":0,"max_hp_loss":0,"event_name":"World of Goop","floor":2,"gold_loss":0},{"cards_removed":["Strike_B"],"damage_healed":0,"gold_gain":0,"player_choice":"Offered Basic","damage_taken":0,"max_hp_gain":0,"max_hp_loss":0,"event_name":"Bonfire Elementals","floor":4,"gold_loss":0},{"damage_healed":0,"gold_gain":0,"player_choice":"Traded Relic","damage_taken":0,"relics_obtained":["Nloth\u0027s Gift"],"max_hp_gain":0,"max_hp_loss":0,"event_name":"N\u0027loth","floor":21,"relics_lost":["Molten Egg 2"],"gold_loss":0},{"cards_removed":["Strike_B"],"damage_healed":0,"gold_gain":0,"player_choice":"Gave Gold","damage_taken":0,"max_hp_gain":0,"max_hp_loss":0,"event_name":"Beggar","floor":30,"gold_loss":75}],"is_beta":false,"boss_relics":[{"not_picked":["Astrolabe","Ectoplasm"],"picked":"hubris:RunicObelisk"}],"items_purged_floors":[3,20],"is_endless":false,"potions_floor_spawned":[7,11,12,16,19,24,28],"killed_by":"hubris:MusketHawk","ascension_level":15}