{"gold_per_floor":[212,96,110,125,125,160,137,137,137,137,137,137,137,151,151,279,279,267,290,310,310,44,44,44,59,59,59,59],"floor_reached":28,"playtime":2044,"items_purged":[],"score":216,"play_id":"664ab0fc-c68f-4187-8b64-d49fd0d35ce5","local_time":"20190823200415","is_ascension_mode":false,"campfire_choices":[{"floor":8,"key":"REST"},{"data":"Poisoned Stab","floor":11,"key":"SMITH"},{"floor":13,"key":"REST"},{"data":"Deadly Poison","floor":15,"key":"SMITH"},{"data":"Apotheosis","floor":23,"key":"SMITH"},{"floor":27,"key":"REST"}],"neow_cost":"NONE","seed_source_timestamp":352011731206000,"circlet_count":0,"master_deck":["Strike_G","Strike_G","Strike_G","Strike_G","Strike_G","Defend_G","Defend_G","Defend_G+1","Defend_G","Defend_G","Survivor","Neutralize+1","Deadly Poison","Footwork","Endless Agony+1","Terror","Finisher","Bane","Poisoned Stab+1","Deadly Poison+1","Wraith Form v2","Deadly Poison","Blur","Slice","Apotheosis+1","Footwork","Catalyst+1"],"relics":["Ring of the Snake","Snake Skull","Mercury Hourglass","Golden Idol","Philosopher\u0027s Stone","Bottled Tornado"],"potions_floor_usage":[],"damage_taken":[{"damage":7,"enemies":"Jaw Worm","floor":1,"turns":9},{"damage":5,"enemies":"2 Louse","floor":3,"turns":3},{"damage":0,"enemies":"Cultist","floor":4,"turns":3},{"damage":7,"enemies":"Lagavulin","floor":6,"turns":8},{"damage":1,"enemies":"Large Slime","floor":14,"turns":4},{"damage":1,"enemies":"Slime Boss","floor":16,"turns":7},{"damage":0,"enemies":"2 Thieves","floor":18,"turns":4},{"damage":0,"enemies":"3 Byrds","floor":19,"turns":3},{"damage":11,"enemies":"Centurion and Healer","floor":20,"turns":7},{"damage":35,"enemies":"Sentry and Sphere","floor":25,"turns":6},{"damage":50,"enemies":"Slavers","floor":28,"turns":5}],"seed_played":"799126431762713781","potions_obtained":[{"floor":4,"key":"Explosive Potion"},{"floor":6,"key":"SkillPotion"},{"floor":16,"key":"SkillPotion"},{"floor":18,"key":"AttackPotion"}],"is_trial":false,"path_per_floor":["M","$","M","M","?","E","$","R","T","$","R","?","R","M","R","B",null,"M","M","M","?","$","R","$","M","T","R","E"],"character_chosen":"THE_SILENT","items_purchased":["Footwork","Endless Agony","Poisoned Stab","Apotheosis","Footwork"],"campfire_rested":3,"item_purchase_floors":[2,2,7,22,22],"current_hp_per_floor":[63,63,58,58,44,37,37,58,58,58,58,58,65,64,64,63,65,65,65,54,54,54,54,54,19,19,38,0],"gold":59,"neow_bonus":"HUNDRED_GOLD","is_prod":false,"is_daily":false,"chose_seed":false,"campfire_upgraded":3,"win_rate":0.0,"timestamp":1566605055,"path_taken":["M","$","M","M","?","E","$","R","T","$","R","?","R","M","R","BOSS","M","M","M","?","?","R","$","M","T","R","E"],"build_version":"2019-07-17","purchased_purges":0,"victory":false,"max_hp_per_floor":[70,70,70,70,70,70,70,70,70,70,70,65,65,65,65,65,65,65,65,65,65,65,65,65,65,65,65,65],"card_choices":[{"not_picked":["Dagger Spray","Backflip"],"picked":"Deadly Poison","floor":1},{"not_picked":["PiercingWail","Blur"],"picked":"Terror","floor":3},{"not_picked":["Bane","Eviscerate"],"picked":"Finisher","floor":4},{"not_picked":["Deflect","Backflip"],"picked":"Bane","floor":6},{"not_picked":["Heel Hook","Slice"],"picked":"Deadly Poison","floor":14},{"not_picked":["Adrenaline","Bullet Time"],"picked":"Wraith Form v2","floor":16},{"not_picked":["Outmaneuver+1","Blade Dance"],"picked":"Deadly Poison","floor":18},{"not_picked":["Blade Dance","Infinite Blades"],"picked":"Blur","floor":19},{"not_picked":["Calculated Gamble+1","Dodge and Roll"],"picked":"Slice","floor":20},{"not_picked":["Deflect","PiercingWail"],"picked":"Catalyst+1","floor":25}],"player_experience":21428,"relics_obtained":[{"floor":6,"key":"Snake Skull"},{"floor":9,"key":"Mercury Hourglass"},{"floor":26,"key":"Bottled Tornado"}],"event_choices":[{"damage_healed":0,"gold_gain":0,"player_choice":"Entered Light","damage_taken":14,"max_hp_gain":0,"max_hp_loss":0,"event_name":"Shining Light","floor":5,"gold_loss":0,"cards_upgraded":["Defend_G","Neutralize"]},{"damage_healed":0,"gold_gain":0,"player_choice":"Lose Max HP","damage_taken":0,"relics_obtained":["Golden Idol"],"max_hp_gain":0,"max_hp_loss":5,"event_name":"Golden Idol","floor":12,"gold_loss":0},{"damage_healed":0,"gold_gain":0,"player_choice":"Upgraded","damage_taken":0,"max_hp_gain":0,"max_hp_loss":0,"event_name":"Upgrade Shrine","floor":21,"gold_loss":0,"cards_upgraded":["Endless Agony"]}],"is_beta":false,"boss_relics":[{"not_picked":["Fusion Hammer","White Beast Statue"],"picked":"Philosopher\u0027s Stone"}],"items_purged_floors":[],"is_endless":false,"potions_floor_spawned":[4,6,16,18,20],"killed_by":"Slavers","ascension_level":0}