{"gold_per_floor":[119,133,152,152,117,117,143,42,42,42,53,69,86,97,97,192,192,209,229,28,44,61,61,79,8,8,24,44,44],"floor_reached":29,"playtime":2725,"items_purged":[],"score":233,"play_id":"218e508b-40da-48ad-8435-0ab40e3ade0d","local_time":"20190823161423","is_ascension_mode":false,"campfire_choices":[{"data":"Infinite Blades","floor":6,"key":"SMITH"},{"data":"1","floor":10,"key":"LIFT"},{"floor":15,"key":"REST"},{"floor":23,"key":"REST"}],"neow_cost":"NONE","seed_source_timestamp":337538120712200,"circlet_count":0,"master_deck":["Strike_G","Strike_G","Strike_G","Strike_G","Defend_G","Defend_G","Defend_G","Defend_G","Defend_G","Survivor","Neutralize+1","Dagger Spray","Quick Slash","Deadly Poison","Finisher","Infinite Blades+1","Dagger Spray","Noxious Fumes","Deflect","Slice","Backstab","Noxious Fumes","Endless Agony","Bullet Time","Flying Knee","Poisoned Stab+1","Quick Slash+1","Blade Dance+1","Backstab","Backstab","Dagger Spray+1","Blur"],"relics":["Ring of the Snake","Girya","Kunai","Velvet Choker","TwistedFunnel","Paper Crane"],"potions_floor_usage":[],"damage_taken":[{"damage":0,"enemies":"Cultist","floor":1,"turns":4},{"damage":1,"enemies":"Jaw Worm","floor":2,"turns":5},{"damage":0,"enemies":"2 Louse","floor":3,"turns":3},{"damage":14,"enemies":"Lagavulin","floor":7,"turns":8},{"damage":1,"enemies":"Exordium Thugs","floor":11,"turns":4},{"damage":0,"enemies":"Gremlin Gang","floor":12,"turns":2},{"damage":4,"enemies":"Exordium Wildlife","floor":13,"turns":4},{"damage":4,"enemies":"Red Slaver","floor":14,"turns":3},{"damage":25,"enemies":"Slime Boss","floor":16,"turns":8},{"damage":3,"enemies":"Shell Parasite","floor":18,"turns":3},{"damage":14,"enemies":"Chosen","floor":19,"turns":5},{"damage":20,"enemies":"Snake Plant","floor":21,"turns":4},{"damage":18,"enemies":"Cultist and Chosen","floor":22,"turns":5},{"damage":11,"enemies":"Snecko","floor":24,"turns":4},{"damage":11,"enemies":"Centurion and Healer","floor":27,"turns":5},{"damage":6,"enemies":"3 Cultists","floor":28,"turns":3},{"damage":8,"enemies":"Snecko","floor":29,"turns":2}],"seed_played":"2693911337945354144","potions_obtained":[{"floor":1,"key":"Dexterity Potion"},{"floor":2,"key":"GhostInAJar"},{"floor":11,"key":"Energy Potion"},{"floor":14,"key":"AttackPotion"},{"floor":16,"key":"PowerPotion"},{"floor":19,"key":"FearPotion"},{"floor":27,"key":"Fruit Juice"}],"is_trial":false,"path_per_floor":["M","M","M","?","$","R","E","$","T","R","M","M","M","M","R","B",null,"M","M","$","M","M","R","M","$","T","M","M","M"],"character_chosen":"THE_SILENT","items_purchased":["Infinite Blades","Noxious Fumes","Deflect","TwistedFunnel","Backstab"],"campfire_rested":2,"item_purchase_floors":[5,8,8,20,25],"current_hp_per_floor":[70,69,69,69,69,69,55,55,55,55,54,54,50,46,67,42,70,67,53,53,33,15,36,25,25,25,14,8,0],"gold":44,"neow_bonus":"UPGRADE_CARD","is_prod":false,"is_daily":false,"chose_seed":false,"campfire_upgraded":1,"win_rate":0.0,"timestamp":1566591263,"path_taken":["M","M","M","?","$","R","E","$","T","R","M","M","M","M","R","BOSS","M","M","?","M","M","R","M","$","T","M","M","M"],"build_version":"2019-07-17","purchased_purges":0,"victory":false,"max_hp_per_floor":[70,70,70,70,70,70,70,70,70,70,70,70,70,70,70,70,70,70,70,70,70,70,70,70,70,70,70,70,70],"card_choices":[{"not_picked":["Acrobatics","PiercingWail"],"picked":"Dagger Spray","floor":1},{"not_picked":["Acrobatics","Riddle With Holes"],"picked":"Quick Slash","floor":2},{"not_picked":["Flying Knee","Blade Dance"],"picked":"Deadly Poison","floor":3},{"not_picked":["Underhanded Strike","Prepared"],"picked":"Dagger Spray","floor":7},{"not_picked":["Caltrops","Dagger Throw"],"picked":"Slice","floor":11},{"not_picked":["Tactician","Dagger Throw"],"picked":"Backstab","floor":12},{"not_picked":["Expertise","Deflect"],"picked":"Noxious Fumes","floor":13},{"not_picked":["Escape Plan","Tactician"],"picked":"Endless Agony","floor":14},{"not_picked":["A Thousand Cuts","Doppelganger"],"picked":"Bullet Time","floor":16},{"not_picked":["Deflect","Dagger Throw+1"],"picked":"Flying Knee","floor":18},{"not_picked":["Malaise","Outmaneuver"],"picked":"Poisoned Stab+1","floor":19},{"not_picked":["Flying Knee","Predator"],"picked":"Quick Slash+1","floor":21},{"not_picked":["Underhanded Strike","Slice"],"picked":"Blade Dance+1","floor":22},{"not_picked":["Prepared","Escape Plan+1"],"picked":"Backstab","floor":24},{"not_picked":["Calculated Gamble+1","PiercingWail"],"picked":"Dagger Spray+1","floor":27},{"not_picked":["Reflex","Dodge and Roll"],"picked":"Blur","floor":28}],"player_experience":7045,"relics_obtained":[{"floor":7,"key":"Girya"},{"floor":9,"key":"Kunai"},{"floor":26,"key":"Paper Crane"}],"event_choices":[{"damage_healed":0,"gold_gain":0,"cards_transformed":["Strike_G"],"player_choice":"Transformed","damage_taken":0,"max_hp_gain":0,"max_hp_loss":0,"event_name":"Transmorgrifier","floor":4,"gold_loss":0,"cards_obtained":["Finisher"]}],"is_beta":false,"boss_relics":[{"not_picked":["Cursed Key","Ring of the Serpent"],"picked":"Velvet Choker"}],"items_purged_floors":[],"is_endless":false,"potions_floor_spawned":[1,2,11,13,14,16,18,19,27,28],"killed_by":"Snecko","ascension_level":0}