{"gold_per_floor":[116,37,53,67,82,112,112,131,131,131,131,150,161,174,174,275,275,291,201,10,30,41,41,53,88,88,88,108,121,121,141,141,243,243,256,102,102,116,129,129,139,139,194,211,224,235,235],"floor_reached":47,"playtime":5759,"items_purged":[],"score":534,"play_id":"2b39f669-0fe8-4fb8-9df3-542ee3bf5c2e","local_time":"20190823175055","is_ascension_mode":false,"campfire_choices":[{"floor":7,"key":"REST"},{"floor":11,"key":"REST"},{"floor":15,"key":"REST"},{"floor":23,"key":"REST"},{"floor":27,"key":"REST"},{"floor":32,"key":"REST"},{"floor":40,"key":"REST"},{"floor":42,"key":"REST"}],"neow_cost":"NONE","seed_source_timestamp":340292406154900,"circlet_count":0,"master_deck":["Strike_G+1","Strike_G+1","Defend_G+1","Defend_G+1","Defend_G+1","Defend_G+1","Defend_G+1","Survivor","Neutralize","Well Laid Plans","Noxious Fumes","Noxious Fumes","Acrobatics","Prepared","Poisoned Stab","Dodge and Roll","Crippling Poison","Footwork","Doppelganger","Poisoned Stab+1","Quick Slash","Bane","Corpse Explosion","Deadly Poison","Sucker Punch","Deflect","Bane","Noxious Fumes","Backstab","Expertise","Dagger Spray","Dodge and Roll+1","Leg Sweep+1","Crippling Poison+1","Leg Sweep","Predator","Poisoned Stab+1","After Image","PiercingWail+1","Corpse Explosion","Dodge and Roll","Bouncing Flask+1","Parasite","Calculated Gamble+1","Calculated Gamble","Dodge and Roll+1","Escape Plan+1","Prepared+1","Blur","Prepared+1"],"relics":["Ring of the Snake","Letter Opener","Dream Catcher","Orrery","TwistedFunnel","Anchor","Bottled Tornado","Empty Cage","Oddly Smooth Stone","Boot"],"potions_floor_usage":[47],"damage_taken":[{"damage":0,"enemies":"2 Louse","floor":1,"turns":4},{"damage":1,"enemies":"Cultist","floor":3,"turns":4},{"damage":0,"enemies":"Small Slimes","floor":4,"turns":3},{"damage":6,"enemies":"3 Louse","floor":5,"turns":4},{"damage":35,"enemies":"Gremlin Nob","floor":6,"turns":5},{"damage":12,"enemies":"Gremlin Gang","floor":8,"turns":3},{"damage":0,"enemies":"Blue Slaver","floor":12,"turns":5},{"damage":4,"enemies":"Large Slime","floor":13,"turns":7},{"damage":20,"enemies":"3 Louse","floor":14,"turns":3},{"damage":14,"enemies":"Hexaghost","floor":16,"turns":10},{"damage":11,"enemies":"Shell Parasite","floor":18,"turns":6},{"damage":10,"enemies":"Spheric Guardian","floor":21,"turns":4},{"damage":4,"enemies":"Snecko","floor":22,"turns":5},{"damage":23,"enemies":"Centurion and Healer","floor":24,"turns":3},{"damage":24,"enemies":"Book of Stabbing","floor":25,"turns":7},{"damage":0,"enemies":"3 Cultists","floor":28,"turns":2},{"damage":4,"enemies":"Snake Plant","floor":29,"turns":5},{"damage":0,"enemies":"Snecko","floor":31,"turns":3},{"damage":17,"enemies":"Champ","floor":33,"turns":13},{"damage":0,"enemies":"Orb Walker","floor":35,"turns":4},{"damage":31,"enemies":"3 Darklings","floor":38,"turns":5},{"damage":33,"enemies":"Writhing Mass","floor":39,"turns":7},{"damage":18,"enemies":"Transient","floor":41,"turns":5},{"damage":11,"enemies":"Jaw Worm Horde","floor":44,"turns":4},{"damage":0,"enemies":"Maw","floor":45,"turns":8},{"damage":2,"enemies":"3 Darklings","floor":46,"turns":3},{"damage":20,"enemies":"Reptomancer","floor":47,"turns":2}],"seed_played":"-4062620394281163080","potions_obtained":[{"floor":6,"key":"Strength Potion"},{"floor":8,"key":"Dexterity Potion"},{"floor":13,"key":"Poison Potion"},{"floor":14,"key":"Block Potion"},{"floor":16,"key":"Weak Potion"},{"floor":24,"key":"GhostInAJar"},{"floor":31,"key":"PowerPotion"},{"floor":39,"key":"GamblersBrew"},{"floor":44,"key":"Energy Potion"},{"floor":46,"key":"EssenceOfSteel"}],"is_trial":false,"path_per_floor":["M","$","M","M","M","E","R","M","T","?","R","M","M","M","R","B",null,"M","?","$","M","M","R","M","E","T","R","M","M","?","M","R","B",null,"M","$","?","M","M","R","M","R","T","M","M","M","E"],"character_chosen":"THE_SILENT","items_purchased":["Noxious Fumes","TwistedFunnel","Oddly Smooth Stone"],"campfire_rested":8,"item_purchase_floors":[2,20,36],"current_hp_per_floor":[70,70,69,69,63,28,49,37,37,37,58,58,54,34,55,41,70,59,59,59,49,45,66,43,19,19,40,40,36,36,36,57,40,70,70,70,70,39,6,27,9,30,30,19,19,17,0],"gold":235,"neow_bonus":"THREE_CARDS","is_prod":false,"is_daily":false,"chose_seed":false,"campfire_upgraded":0,"win_rate":0.0,"timestamp":1566597055,"path_taken":["M","$","M","M","M","E","R","M","T","?","R","M","M","M","R","BOSS","M","?","$","?","M","R","M","E","T","R","M","M","?","M","R","BOSS","M","$","?","M","M","R","M","R","T","M","?","M","E"],"build_version":"2019-07-17","purchased_purges":0,"victory":false,"max_hp_per_floor":[70,70,70,70,70,70,70,70,70,70,70,70,70,70,70,70,70,70,70,70,70,70,70,70,70,70,70,70,70,70,70,70,70,70,70,70,70,70,70,70,70,70,70,70,70,70,70],"card_choices":[{"not_picked":["Sucker Punch","Quick Slash"],"picked":"Well Laid Plans","floor":0},{"not_picked":["Bane","Eviscerate"],"picked":"Noxious Fumes","floor":1},{"not_picked":["Outmaneuver","Dagger Spray"],"picked":"Acrobatics","floor":3},{"not_picked":["Dagger Spray","Expertise"],"picked":"Prepared","floor":4},{"not_picked":["Infinite Blades","Acrobatics"],"picked":"Poisoned Stab","floor":5},{"not_picked":["Reflex","Slice"],"picked":"Dodge and Roll","floor":6},{"not_picked":["Footwork","Quick Slash"],"picked":"Crippling Poison","floor":8},{"not_picked":["Dagger Spray","Dagger Throw"],"picked":"Footwork","floor":11},{"not_picked":["Slice","Dodge and Roll"],"picked":"Doppelganger","floor":12},{"not_picked":["Reflex","Blade Dance"],"picked":"Poisoned Stab","floor":13},{"not_picked":["Slice","Heel Hook"],"picked":"Quick Slash","floor":14},{"not_picked":["Heel Hook","Flechettes"],"picked":"Bane","floor":15},{"not_picked":["Venomology","Die Die Die"],"picked":"Corpse Explosion","floor":16},{"not_picked":["Infinite Blades","Heel Hook"],"picked":"Deadly Poison","floor":17},{"not_picked":["Outmaneuver","Doppelganger"],"picked":"Sucker Punch","floor":17},{"not_picked":["Escape Plan","Flying Knee"],"picked":"Deflect","floor":17},{"not_picked":["Poisoned Stab","Flechettes"],"picked":"Bane","floor":17},{"not_picked":["Prepared","Outmaneuver"],"picked":"Noxious Fumes","floor":17},{"not_picked":["Choke","Dagger Spray"],"picked":"Backstab","floor":18},{"not_picked":["Dagger Throw","Finisher"],"picked":"Expertise","floor":21},{"not_picked":["Underhanded Strike","Finisher"],"picked":"Dagger Spray","floor":22},{"not_picked":["Outmaneuver+1","Adrenaline"],"picked":"Dodge and Roll+1","floor":23},{"not_picked":["Outmaneuver","Acrobatics"],"picked":"Leg Sweep+1","floor":24},{"not_picked":["Blade Dance","Calculated Gamble"],"picked":"Crippling Poison+1","floor":25},{"not_picked":["Deadly Poison","Deflect"],"picked":"Leg Sweep","floor":27},{"not_picked":["Blade Dance","Quick Slash"],"picked":"Predator","floor":28},{"not_picked":["Dagger Spray+1","Crippling Poison"],"picked":"Poisoned Stab+1","floor":29},{"not_picked":["Outmaneuver","Reflex+1"],"picked":"After Image","floor":31},{"not_picked":["Flying Knee","Sucker Punch"],"picked":"PiercingWail+1","floor":32},{"not_picked":["Phantasmal Killer","Tools of the Trade"],"picked":"Corpse Explosion","floor":33},{"not_picked":["Dagger Spray+1","Well Laid Plans"],"picked":"Dodge and Roll","floor":35},{"not_picked":["Footwork+1","Slice+1"],"picked":"Bouncing Flask+1","floor":38},{"not_picked":["Quick Slash","Endless Agony+1"],"picked":"Calculated Gamble+1","floor":39},{"not_picked":["Infinite Blades","Acrobatics"],"picked":"Calculated Gamble","floor":40},{"not_picked":["Underhanded Strike","Dagger Throw"],"picked":"Dodge and Roll+1","floor":41},{"not_picked":["PiercingWail+1","Flying Knee+1"],"picked":"Escape Plan+1","floor":42},{"not_picked":["Night Terror","Masterful Stab+1"],"picked":"Prepared+1","floor":44},{"not_picked":["Poisoned Stab+1","Crippling Poison+1"],"picked":"Blur","floor":45},{"not_picked":["Underhanded Strike+1","Outmaneuver"],"picked":"Prepared+1","floor":46}],"player_experience":9770,"relics_obtained":[{"floor":6,"key":"Letter Opener"},{"floor":9,"key":"Dream Catcher"},{"floor":25,"key":"Anchor"},{"floor":26,"key":"Bottled Tornado"},{"floor":43,"key":"Boot"}],"event_choices":[{"damage_healed":0,"gold_gain":0,"player_choice":"Ignored","damage_taken":0,"max_hp_gain":0,"max_hp_loss":0,"event_name":"Golden Wing","floor":10,"gold_loss":0},{"cards_removed":["Strike_G"],"damage_healed":0,"gold_gain":0,"player_choice":"Upgrade and Remove","damage_taken":0,"max_hp_gain":0,"max_hp_loss":0,"event_name":"Designer","floor":19,"gold_loss":90,"cards_upgraded":["Poisoned Stab"]},{"damage_healed":0,"gold_gain":0,"player_choice":"Simplicity","damage_taken":0,"max_hp_gain":0,"max_hp_loss":0,"event_name":"Back to Basics","floor":30,"gold_loss":0,"cards_upgraded":["Strike_G","Strike_G","Strike_G","Strike_G","Defend_G","Defend_G","Defend_G","Defend_G","Defend_G"]},{"damage_healed":0,"gold_gain":0,"player_choice":"Bought 0 Potions","damage_taken":0,"max_hp_gain":0,"max_hp_loss":0,"event_name":"The Woman in Blue","floor":37,"gold_loss":0}],"is_beta":false,"boss_relics":[{"not_picked":["WristBlade","Astrolabe"],"picked":"Orrery"},{"not_picked":["Fusion Hammer","Sozu"],"picked":"Empty Cage"}],"items_purged_floors":[],"is_endless":false,"potions_floor_spawned":[6,8,13,14,16,21,24,28,29,31,33,39,44,46],"killed_by":"Reptomancer","ascension_level":0}