{"gold_per_floor":[109,119,137,153,172,172,203,215,238,12,12,12,25,25,25,123,123,143,153,103,103,3,38,38,57,57,74,85,85,85,102,102,198,198,212,227,227,241,254,288,288,323,323,323,423,439,459,473,473,473],"floor_reached":50,"playtime":3165,"items_purged":["Strike_R","Strike_R"],"score":655,"play_id":"6a52678e-2647-4618-9ef5-3eedafc3f525","local_time":"20190119011135","is_ascension_mode":false,"campfire_choices":[{"data":"Body Slam","floor":6,"key":"SMITH"},{"data":"Shrug It Off","floor":11,"key":"SMITH"},{"floor":15,"key":"REST"},{"data":"True Grit","floor":24,"key":"SMITH"},{"data":"Body Slam","floor":30,"key":"SMITH"},{"floor":32,"key":"REST"},{"floor":41,"key":"RECALL"},{"data":"Juggernaut","floor":44,"key":"SMITH"},{"data":"J.A.X.","floor":49,"key":"SMITH"}],"neow_cost":"NONE","seed_source_timestamp":187971373182600,"circlet_count":0,"master_deck":["Strike_R","Strike_R","Strike_R","Defend_R","Defend_R","Defend_R","Bash","Juggernaut+1","Shrug It Off+1","Body Slam+1","Iron Wave","Body Slam+1","Thunderclap","Cleave","Pommel Strike","Shrug It Off","Immolate","Shockwave","Flex","True Grit+1","J.A.X.+1","Rampage+1","Evolve","Sword Boomerang+1","Bludgeon","Flex","Impervious","Sword Boomerang","Inflame+1","Warcry+1","Seeing Red+1","Doubt","Sword Boomerang","Wild Strike+1","Battle Trance+1","Ghostly Armor+1"],"relics":["Burning Blood","Paper Frog","Vajra","Bag of Marbles","Pear","Juzu Bracelet","Cursed Key","Strawberry","Sundial","Philosopher\u0027s Stone","Centennial Puzzle","Mango","Thread and Needle"],"potions_floor_usage":[5,7,16,27,28,33,33,33,40,40,47,47],"damage_taken":[{"damage":1,"enemies":"Cultist","floor":1,"turns":3},{"damage":7,"enemies":"Small Slimes","floor":2,"turns":5},{"damage":5,"enemies":"Jaw Worm","floor":3,"turns":5},{"damage":9,"enemies":"Gremlin Gang","floor":4,"turns":7},{"damage":20,"enemies":"Large Slime","floor":5,"turns":10},{"damage":38,"enemies":"Gremlin Nob","floor":7,"turns":5},{"damage":0,"enemies":"Looter","floor":8,"turns":3},{"damage":4,"enemies":"Exordium Thugs","floor":13,"turns":4},{"damage":0,"enemies":"Slime Boss","floor":16,"turns":5},{"damage":0,"enemies":"3 Byrds","floor":18,"turns":3},{"damage":11,"enemies":"2 Thieves","floor":19,"turns":4},{"damage":20,"enemies":"Gremlin Leader","floor":23,"turns":5},{"damage":12,"enemies":"Cultist and Chosen","floor":25,"turns":6},{"damage":8,"enemies":"Chosen and Byrds","floor":27,"turns":4},{"damage":48,"enemies":"Snecko","floor":28,"turns":6},{"damage":3,"enemies":"Centurion and Healer","floor":31,"turns":5},{"damage":84,"enemies":"Collector","floor":33,"turns":8},{"damage":0,"enemies":"Orb Walker","floor":35,"turns":1},{"damage":3,"enemies":"3 Shapes","floor":36,"turns":2},{"damage":20,"enemies":"3 Darklings","floor":38,"turns":4},{"damage":8,"enemies":"Writhing Mass","floor":39,"turns":4},{"damage":11,"enemies":"Reptomancer","floor":40,"turns":6},{"damage":11,"enemies":"Nemesis","floor":42,"turns":5},{"damage":3,"enemies":"Mind Bloom Boss Battle","floor":45,"turns":5},{"damage":17,"enemies":"Maw","floor":46,"turns":6},{"damage":8,"enemies":"Sphere and 2 Shapes","floor":47,"turns":3},{"damage":0,"enemies":"4 Shapes","floor":48,"turns":3},{"damage":95,"enemies":"Awakened One","floor":50,"turns":7}],"seed_played":"7119632232151245545","potions_obtained":[{"floor":2,"key":"GamblersBrew"},{"floor":3,"key":"SkillPotion"},{"floor":4,"key":"Explosive Potion"},{"floor":5,"key":"Regen Potion"},{"floor":8,"key":"AttackPotion"},{"floor":25,"key":"EssenceOfSteel"},{"floor":27,"key":"Regen Potion"},{"floor":28,"key":"PowerPotion"},{"floor":35,"key":"Strength Potion"},{"floor":38,"key":"EssenceOfSteel"},{"floor":46,"key":"Poison Potion"},{"floor":47,"key":"Fruit Juice"}],"is_trial":false,"path_per_floor":["M","M","M","M","M","R","E","M","T","$","R","T","M","?","R","B",null,"M","M","$","?","$","E","R","M","T","M","M","?","R","M","R","B",null,"M","M","?","M","M","E","R","E","T","R","?","M","M","M","R","B"],"character_chosen":"IRONCLAD","items_purchased":["Bag of Marbles","True Grit"],"campfire_rested":2,"item_purchase_floors":[10,20],"current_hp_per_floor":[80,79,80,77,63,63,31,37,37,37,37,47,49,37,64,70,90,90,85,85,85,85,78,78,72,72,70,42,42,42,45,74,11,97,97,97,97,83,81,76,76,85,85,85,88,77,80,86,86,0],"gold":473,"neow_bonus":"ONE_RANDOM_RARE_CARD","is_prod":false,"is_daily":false,"chose_seed":false,"campfire_upgraded":6,"win_rate":0,"timestamp":1547856695,"path_taken":["M","M","M","M","M","R","E","M","T","$","R","?","?","?","R","BOSS","M","M","$","?","$","E","R","M","T","M","M","?","R","M","R","BOSS","M","M","?","M","M","E","R","E","T","R","?","M","M","M","R","BOSS"],"build_version":"2019-01-17v2","purchased_purges":2,"victory":false,"max_hp_per_floor":[80,80,80,80,80,80,80,80,80,80,80,90,90,90,90,90,90,90,90,90,90,90,97,97,97,97,97,97,97,97,97,97,97,97,97,97,97,97,97,97,97,111,111,111,111,111,116,116,116,116],"card_choices":[{"not_picked":["Wild Strike","Heavy Blade"],"picked":"Shrug It Off","floor":1},{"not_picked":["Headbutt","Fire Breathing"],"picked":"Body Slam","floor":2},{"not_picked":["Evolve","Intimidate"],"picked":"Iron Wave","floor":3},{"not_picked":["Heavy Blade","Clothesline"],"picked":"Body Slam","floor":4},{"not_picked":["Sword Boomerang","Blood for Blood"],"picked":"Thunderclap","floor":5},{"not_picked":["Armaments","Hemokinesis"],"picked":"Cleave","floor":7},{"not_picked":["Wild Strike","Flex"],"picked":"Pommel Strike","floor":8},{"not_picked":["Warcry","Dual Wield"],"picked":"Shrug It Off","floor":13},{"not_picked":["Brutality","Demon Form"],"picked":"Immolate","floor":16},{"not_picked":["Twin Strike","Rupture"],"picked":"Shockwave","floor":18},{"not_picked":["Heavy Blade","Pommel Strike"],"picked":"Flex","floor":19},{"not_picked":["Second Wind","Battle Trance"],"picked":"Rampage+1","floor":23},{"not_picked":["Fire Breathing+1","Anger"],"picked":"Evolve","floor":25},{"not_picked":["Havoc+1","Shockwave"],"picked":"Sword Boomerang+1","floor":27},{"not_picked":["Thunderclap+1","Iron Wave"],"picked":"Bludgeon","floor":28},{"not_picked":["Perfected Strike","Bloodletting"],"picked":"Flex","floor":31},{"not_picked":["Fiend Fire","Double Tap"],"picked":"Impervious","floor":33},{"not_picked":["Perfected Strike+1","Wild Strike","Clash+1"],"picked":"SKIP","floor":35},{"not_picked":["Flex+1","Warcry"],"picked":"Sword Boomerang","floor":36},{"not_picked":["Anger+1","True Grit"],"picked":"Inflame+1","floor":38},{"not_picked":["Flex","Intimidate+1"],"picked":"Warcry+1","floor":39},{"not_picked":["Perfected Strike+1","Thunderclap","Headbutt"],"picked":"SKIP","floor":40},{"not_picked":["Shrug It Off","Body Slam"],"picked":"Seeing Red+1","floor":42},{"not_picked":["Bludgeon","Twin Strike"],"picked":"Sword Boomerang","floor":45},{"not_picked":["Armaments","Thunderclap"],"picked":"Wild Strike+1","floor":46},{"not_picked":["Heavy Blade+1","Dual Wield"],"picked":"Battle Trance+1","floor":47},{"not_picked":["Clothesline+1","Hemokinesis"],"picked":"Ghostly Armor+1","floor":48}],"player_experience":197667,"relics_obtained":[{"floor":7,"key":"Paper Frog"},{"floor":9,"key":"Vajra"},{"floor":12,"key":"Pear"},{"floor":23,"key":"Strawberry"},{"floor":26,"key":"Sundial"},{"floor":40,"key":"Centennial Puzzle"},{"floor":42,"key":"Mango"},{"floor":45,"key":"Thread and Needle"}],"event_choices":[{"damage_healed":0,"gold_gain":0,"player_choice":"Success","damage_taken":12,"relics_obtained":["Juzu Bracelet"],"max_hp_gain":0,"max_hp_loss":0,"event_name":"Scrap Ooze","floor":14,"gold_loss":0},{"damage_healed":0,"gold_gain":0,"player_choice":"Obtain J.A.X.","damage_taken":0,"max_hp_gain":0,"max_hp_loss":0,"event_name":"Drug Dealer","floor":21,"gold_loss":0,"cards_obtained":["J.A.X."]},{"cards_removed":["Injury"],"damage_healed":0,"gold_gain":0,"player_choice":"Removed Curses","damage_taken":0,"max_hp_gain":0,"max_hp_loss":0,"event_name":"Fountain of Cleansing","floor":29,"gold_loss":0},{"cards_removed":["Defend_R"],"damage_healed":0,"gold_gain":0,"player_choice":"Removed Skill","damage_taken":0,"max_hp_gain":0,"max_hp_loss":0,"event_name":"Falling","floor":37,"gold_loss":0},{"damage_healed":0,"gold_gain":0,"player_choice":"Fight","damage_taken":0,"max_hp_gain":0,"max_hp_loss":0,"event_name":"MindBloom","floor":45,"gold_loss":0}],"is_beta":false,"boss_relics":[{"not_picked":["Snecko Eye","Coffee Dripper"],"picked":"Cursed Key"},{"not_picked":["Black Star","Runic Dome"],"picked":"Philosopher\u0027s Stone"}],"items_purged_floors":[10,22],"is_endless":false,"potions_floor_spawned":[2,3,4,5,8,25,27,28,35,38,46,47],"killed_by":"Awakened One","ascension_level":0}