{"gold_per_floor":[117,132,145,63,63,63,13,13,13,31,45,57,57,73,73,178,178,190,202,0,16,16],"floor_reached":22,"playtime":1166,"items_purged":[],"score":180,"play_id":"e79575b6-3437-4194-82a7-27aeb257d791","local_time":"20181228233348","is_ascension_mode":false,"campfire_choices":[{"data":"Go for the Eyes","floor":6,"key":"SMITH"},{"data":"Zap","floor":8,"key":"SMITH"},{"data":"Steam","floor":13,"key":"SMITH"},{"data":"Darkness","floor":15,"key":"SMITH"}],"neow_cost":"NONE","seed_source_timestamp":28424560492400,"circlet_count":0,"master_deck":["Strike_B","Strike_B+1","Defend_B","Defend_B","Zap+1","Dualcast","Go for the Eyes","Go for the Eyes+1","Steam+1","FTL+1","Ball Lightning","Leap","Darkness+1","Sweeping Beam","Multi-Cast","Fission+1","Fission+1","Hologram+1","Lockon+1","Steam+1","Hologram","Self Repair","BootSequence"],"relics":["Cracked Core","NeowsBlessing","Whetstone","Astrolabe"],"potions_floor_usage":[16,16,16,18],"damage_taken":[{"damage":0,"enemies":"Small Slimes","floor":1,"turns":1},{"damage":0,"enemies":"2 Louse","floor":2,"turns":1},{"damage":0,"enemies":"Jaw Worm","floor":3,"turns":1},{"damage":4,"enemies":"2 Fungi Beasts","floor":10,"turns":2},{"damage":0,"enemies":"Exordium Wildlife","floor":11,"turns":2},{"damage":4,"enemies":"Red Slaver","floor":12,"turns":2},{"damage":4,"enemies":"2 Fungi Beasts","floor":14,"turns":3},{"damage":12,"enemies":"Hexaghost","floor":16,"turns":7},{"damage":8,"enemies":"Chosen","floor":18,"turns":5},{"damage":4,"enemies":"2 Thieves","floor":19,"turns":3},{"damage":7,"enemies":"Shelled Parasite and Fungi","floor":21,"turns":4},{"damage":12,"enemies":"Centurion and Healer","floor":22,"turns":4}],"seed_played":"8441250136606553371","potions_obtained":[{"floor":3,"key":"SkillPotion"},{"floor":12,"key":"Fire Potion"},{"floor":14,"key":"LiquidBronze"},{"floor":16,"key":"Ancient Potion"},{"floor":18,"key":"Energy Potion"}],"is_trial":false,"path_per_floor":["M","M","M","$","?","R","?","R","T","M","M","M","R","M","R","B",null,"M","M","$","M","M"],"character_chosen":"DEFECT","items_purchased":["FTL","Hologram","Self Repair","Block Potion","SpeedPotion"],"campfire_rested":0,"item_purchase_floors":[4,20,20,20,20],"current_hp_per_floor":[75,75,75,75,80,80,80,80,80,76,76,72,72,68,68,56,80,72,68,68,68,56],"gold":16,"neow_bonus":"THREE_ENEMY_KILL","is_prod":false,"is_daily":false,"chose_seed":false,"campfire_upgraded":4,"win_rate":0,"timestamp":1546036428,"path_taken":["M","M","M","$","?","R","?","R","T","M","M","M","R","M","R","BOSS","M","M","$","M","M"],"build_version":"2018-12-20","purchased_purges":0,"victory":false,"max_hp_per_floor":[75,75,75,75,80,80,80,80,80,80,80,80,80,80,80,80,80,80,80,80,80,80],"card_choices":[{"not_picked":["Stack","Hologram"],"picked":"Go for the Eyes","floor":1},{"not_picked":["Streamline","Hologram"],"picked":"Go for the Eyes","floor":2},{"not_picked":["Rebound","Barrage"],"picked":"Steam","floor":3},{"not_picked":["Chaos","FTL"],"picked":"Ball Lightning","floor":10},{"not_picked":["Go for the Eyes","Hello World"],"picked":"Leap","floor":11},{"not_picked":["White Noise","Recycle"],"picked":"Darkness","floor":12},{"not_picked":["Reboot","Tempest"],"picked":"Sweeping Beam","floor":14},{"not_picked":["Thunder Strike","Amplify"],"picked":"Multi-Cast","floor":16},{"not_picked":["Beam Cell","Rebound"],"picked":"Lockon+1","floor":18},{"not_picked":["Hologram","Storm"],"picked":"Steam+1","floor":19},{"not_picked":["Storm","Ball Lightning"],"picked":"BootSequence","floor":21}],"player_experience":71188,"relics_obtained":[{"floor":9,"key":"Whetstone"}],"event_choices":[{"damage_healed":0,"gold_gain":0,"player_choice":"Donut","damage_taken":0,"max_hp_gain":5,"max_hp_loss":0,"event_name":"Big Fish","floor":5,"gold_loss":0},{"cards_removed":["Defend_B"],"damage_healed":0,"gold_gain":0,"player_choice":"Card Removal","damage_taken":0,"max_hp_gain":0,"max_hp_loss":0,"event_name":"The Cleric","floor":7,"gold_loss":50}],"is_beta":false,"boss_relics":[{"not_picked":["Philosopher\u0027s Stone","Eternal Feather"],"picked":"Astrolabe"}],"items_purged_floors":[],"is_endless":false,"potions_floor_spawned":[3,12,14,16,18],"killed_by":"Centurion and Healer","ascension_level":0}