{"gold_per_floor":[117,136,57,37,47,76,95,95,95,95,106,31,31,46,46,146,146,164,196,106,123,133,133,149,149,149,149,13,13,33,53,53,150,150,167,17,31,45,45,78,78,110,110,110,127,144,44,56,56,56],"floor_reached":50,"playtime":3450,"items_purged":["Defend_R","Parasite"],"score":582,"play_id":"5b22ee12-2b15-4aa6-a6cd-661a54d8b9f9","local_time":"20190221231355","is_ascension_mode":true,"campfire_choices":[{"floor":8,"key":"REST"},{"data":"Strike_R","floor":10,"key":"PURGE"},{"floor":15,"key":"REST"},{"floor":23,"key":"REST"},{"floor":27,"key":"REST"},{"data":"Flame Barrier","floor":29,"key":"SMITH"},{"floor":32,"key":"REST"},{"floor":41,"key":"RECALL"},{"data":"Fiend Fire","floor":44,"key":"SMITH"},{"floor":49,"key":"REST"}],"neow_cost":"NONE","seed_source_timestamp":285305446452800,"circlet_count":0,"master_deck":["Strike_R","Strike_R","Defend_R","Defend_R","Bash","Dark Embrace","Power Through","Havoc","Flame Barrier+1","Reckless Charge","Evolve","Sword Boomerang","Second Wind+1","Infernal Blade","Demon Form","Uppercut","Sword Boomerang+1","Sentinel+1","True Grit","Armaments","Flame Barrier","Immolate","Pommel Strike","Corruption","Fiend Fire+1","Uppercut+1","True Grit+1","Seeing Red","Flame Barrier+1","Rage","Heavy Blade+1","Wild Strike"],"relics":["Burning Blood","Peace Pipe","Dodecahedron","Paper Frog","Snecko Eye","Red Mask","Incense Burner","Empty Cage","Lantern","Anchor","Art of War"],"potions_floor_usage":[6,16,38,40,42,50,50],"damage_taken":[{"damage":2,"enemies":"2 Louse","floor":1,"turns":3},{"damage":6,"enemies":"Jaw Worm","floor":2,"turns":5},{"damage":0,"enemies":"Small Slimes","floor":5,"turns":4},{"damage":59,"enemies":"Lagavulin","floor":6,"turns":12},{"damage":16,"enemies":"2 Fungi Beasts","floor":7,"turns":4},{"damage":2,"enemies":"Red Slaver","floor":11,"turns":6},{"damage":13,"enemies":"3 Louse","floor":14,"turns":5},{"damage":39,"enemies":"Slime Boss","floor":16,"turns":17},{"damage":7,"enemies":"Spheric Guardian","floor":18,"turns":4},{"damage":45,"enemies":"Masked Bandits","floor":19,"turns":5},{"damage":3,"enemies":"Chosen","floor":21,"turns":4},{"damage":41,"enemies":"Snake Plant","floor":22,"turns":5},{"damage":21,"enemies":"Cultist and Chosen","floor":24,"turns":7},{"damage":0,"enemies":"3 Cultists","floor":30,"turns":3},{"damage":18,"enemies":"Chosen and Byrds","floor":31,"turns":5},{"damage":4,"enemies":"Automaton","floor":33,"turns":4},{"damage":24,"enemies":"3 Shapes","floor":35,"turns":3},{"damage":2,"enemies":"3 Darklings","floor":37,"turns":6},{"damage":18,"enemies":"Transient","floor":38,"turns":5},{"damage":16,"enemies":"Reptomancer","floor":40,"turns":5},{"damage":15,"enemies":"Nemesis","floor":42,"turns":7},{"damage":4,"enemies":"Writhing Mass","floor":45,"turns":6},{"damage":0,"enemies":"Maw","floor":46,"turns":5},{"damage":42,"enemies":"Transient","floor":48,"turns":5},{"damage":37,"enemies":"Donu and Deca","floor":50,"turns":7}],"seed_played":"-4131798982061070306","potions_obtained":[{"floor":5,"key":"Ancient Potion"},{"floor":7,"key":"Swift Potion"},{"floor":14,"key":"PowerPotion"},{"floor":19,"key":"LiquidBronze"},{"floor":22,"key":"Ancient Potion"},{"floor":37,"key":"Fire Potion"},{"floor":40,"key":"EssenceOfSteel"},{"floor":42,"key":"Dexterity Potion"},{"floor":45,"key":"Explosive Potion"},{"floor":48,"key":"PowerPotion"}],"is_trial":false,"path_per_floor":["M","M","$","?","M","E","M","R","T","R","M","$","?","M","R","B",null,"M","?","?","M","M","R","M","?","T","R","$","R","M","M","R","B",null,"M","$","M","M","?","E","R","E","T","R","M","M","$","M","R","B"],"character_chosen":"IRONCLAD","items_purchased":["Flame Barrier","Immolate","Lantern"],"campfire_rested":6,"item_purchase_floors":[3,28,36],"current_hp_per_floor":[80,80,80,80,80,27,17,41,41,41,45,45,45,38,62,29,80,79,40,40,43,8,32,17,17,17,41,41,41,47,35,59,61,80,62,62,66,54,54,44,44,35,35,35,37,43,43,7,30,0],"gold":56,"neow_bonus":"ONE_RANDOM_RARE_CARD","is_prod":false,"is_daily":false,"chose_seed":false,"campfire_upgraded":2,"win_rate":0,"timestamp":1550787235,"path_taken":["M","M","$","?","M","E","M","R","T","R","M","$","?","M","R","BOSS","M","?","?","M","M","R","?","?","T","R","$","R","M","?","R","BOSS","M","$","M","M","?","E","R","E","T","R","M","M","$","?","R","BOSS"],"build_version":"2019-01-23","purchased_purges":2,"victory":false,"max_hp_per_floor":[80,80,80,80,80,80,80,80,80,80,80,80,80,80,80,80,80,80,80,80,80,80,80,80,80,80,80,80,80,80,80,80,80,80,80,80,80,80,80,80,80,80,80,80,80,80,77,77,77,77],"card_choices":[{"not_picked":["Flex","Sentinel"],"picked":"Power Through","floor":1},{"not_picked":["Sword Boomerang","Twin Strike"],"picked":"Havoc","floor":2},{"not_picked":["Clash","Headbutt"],"picked":"Reckless Charge","floor":5},{"not_picked":["Thunderclap","Demon Form"],"picked":"Evolve","floor":6},{"not_picked":["Heavy Blade","Anger"],"picked":"Sword Boomerang","floor":7},{"not_picked":["Bloodletting","Hemokinesis"],"picked":"Second Wind","floor":11},{"not_picked":["Havoc","Clash"],"picked":"Infernal Blade","floor":14},{"not_picked":["Double Tap","Limit Break"],"picked":"Demon Form","floor":16},{"not_picked":["Rupture+1","Body Slam"],"picked":"Uppercut","floor":18},{"not_picked":["Twin Strike","Shrug It Off"],"picked":"Sword Boomerang","floor":19},{"not_picked":["Sword Boomerang","Headbutt"],"picked":"Sentinel+1","floor":21},{"not_picked":["Wild Strike","Flex"],"picked":"True Grit","floor":22},{"not_picked":["Anger","Carnage"],"picked":"Armaments","floor":24},{"not_picked":["Havoc","Thunderclap"],"picked":"Pommel Strike","floor":30},{"not_picked":["Disarm+1","Cleave"],"picked":"Corruption","floor":31},{"not_picked":["Offering","Berserk"],"picked":"Fiend Fire","floor":33},{"not_picked":["Thunderclap","Hemokinesis+1"],"picked":"Uppercut+1","floor":35},{"not_picked":["Entrench","Sever Soul"],"picked":"True Grit+1","floor":37},{"not_picked":["Clothesline","Shrug It Off"],"picked":"Seeing Red","floor":38},{"not_picked":["Brutality","Heavy Blade+1"],"picked":"Flame Barrier+1","floor":40},{"not_picked":["Blood for Blood","Corruption+1"],"picked":"Rage","floor":42},{"not_picked":["Warcry+1","Pommel Strike"],"picked":"Heavy Blade+1","floor":45},{"not_picked":["Clash+1","Body Slam+1"],"picked":"Wild Strike","floor":46},{"not_picked":["Sword Boomerang+1","Perfected Strike+1","Fiend Fire"],"picked":"SKIP","floor":48}],"player_experience":233516,"relics_obtained":[{"floor":6,"key":"Peace Pipe"},{"floor":9,"key":"Dodecahedron"},{"floor":19,"key":"Red Mask"},{"floor":26,"key":"Incense Burner"},{"floor":40,"key":"Anchor"},{"floor":42,"key":"Art of War"}],"event_choices":[{"damage_healed":0,"gold_gain":0,"player_choice":"Left Gold","damage_taken":0,"max_hp_gain":0,"max_hp_loss":0,"event_name":"World of Goop","floor":4,"gold_loss":20},{"damage_healed":0,"gold_gain":0,"player_choice":"Searched \u00271\u0027 times","damage_taken":0,"relics_obtained":["Paper Frog"],"max_hp_gain":0,"max_hp_loss":0,"event_name":"Dead Adventurer","floor":13,"gold_loss":0},{"damage_healed":0,"gold_gain":0,"player_choice":"Fought Bandits","damage_taken":0,"max_hp_gain":0,"max_hp_loss":0,"event_name":"Masked Bandits","floor":19,"gold_loss":0},{"cards_removed":["Strike_R"],"damage_healed":0,"gold_gain":0,"player_choice":"Upgrade and Remove","damage_taken":0,"max_hp_gain":0,"max_hp_loss":0,"event_name":"Designer","floor":20,"gold_loss":90,"cards_upgraded":["Sword Boomerang"]},{"damage_healed":0,"gold_gain":0,"player_choice":"Copied","damage_taken":0,"max_hp_gain":0,"max_hp_loss":0,"event_name":"Duplicator","floor":25,"gold_loss":0,"cards_obtained":["Flame Barrier"]},{"damage_healed":0,"gold_gain":0,"player_choice":"Forge","damage_taken":0,"max_hp_gain":0,"max_hp_loss":0,"event_name":"Accursed Blacksmith","floor":39,"gold_loss":0,"cards_upgraded":["Second Wind"]}],"is_beta":false,"boss_relics":[{"not_picked":["Coffee Dripper","Velvet Choker"],"picked":"Snecko Eye"},{"not_picked":["Calling Bell","White Beast Statue"],"picked":"Empty Cage"}],"items_purged_floors":[12,47],"is_endless":false,"potions_floor_spawned":[5,7,14,19,22,24,33,37,40,42,45,48],"killed_by":"Donu and Deca","ascension_level":3}