{"gold_per_floor":[113,132,132,148,73,73,105,128,155,155],"floor_reached":10,"playtime":340,"items_purged":[],"score":116,"play_id":"1c646fde-81f5-452a-b2f1-21e6c355ac4c","local_time":"20190710221558","is_ascension_mode":true,"campfire_choices":[{"data":"Bash","floor":6,"key":"SMITH"}],"neow_cost":"PERCENT_DAMAGE","seed_source_timestamp":15396641393792,"circlet_count":0,"master_deck":["AscendersBane","Strike_R","Strike_R","Strike_R","Defend_R","Defend_R","Defend_R","Defend_R","Bash+1","Metallicize","Headbutt","Offering"],"relics":["Burning Blood","Bird Faced Urn","Art of War","Odd Mushroom","Oddly Smooth Stone"],"potions_floor_usage":[7,8,10],"damage_taken":[{"damage":4,"enemies":"2 Louse","floor":1,"turns":3},{"damage":2,"enemies":"Jaw Worm","floor":2,"turns":5},{"damage":3,"enemies":"Small Slimes","floor":4,"turns":6},{"damage":22,"enemies":"3 Sentries","floor":7,"turns":9},{"damage":24,"enemies":"The Mushroom Lair","floor":8,"turns":9},{"damage":39,"enemies":"Lagavulin","floor":10,"turns":5}],"seed_played":"-7019943925396008003","potions_obtained":[{"floor":1,"key":"Energy Potion"},{"floor":4,"key":"AttackPotion"},{"floor":7,"key":"SteroidPotion"}],"is_trial":false,"path_per_floor":["M","M","?","M","?","R","E","?","T","E"],"character_chosen":"IRONCLAD","items_purchased":[],"campfire_rested":0,"item_purchase_floors":[],"current_hp_per_floor":[52,58,51,56,56,56,42,26,26,0],"gold":155,"neow_bonus":"ONE_RARE_RELIC","is_prod":false,"is_daily":false,"chose_seed":false,"campfire_upgraded":1,"win_rate":0,"timestamp":1562811358,"path_taken":["M","M","?","M","?","R","E","?","T","E"],"build_version":"2019-07-10","purchased_purges":0,"victory":false,"max_hp_per_floor":[75,75,75,75,75,75,75,75,75,75],"card_choices":[{"not_picked":["Rupture","Ghostly Armor"],"picked":"Metallicize","floor":1},{"not_picked":["Body Slam","Seeing Red","Bloodletting"],"picked":"SKIP","floor":2},{"not_picked":["Sentinel","Reckless Charge"],"picked":"Headbutt","floor":4},{"not_picked":["Reckless Charge","Rage","Flex"],"picked":"SKIP","floor":7},{"not_picked":["Clash","Havoc"],"picked":"Offering","floor":8}],"player_experience":2624273,"relics_obtained":[{"floor":7,"key":"Art of War"},{"floor":8,"key":"Odd Mushroom"},{"floor":9,"key":"Oddly Smooth Stone"}],"event_choices":[{"cards_removed":["Strike_R"],"damage_healed":0,"gold_gain":0,"player_choice":"Card Removal","damage_taken":7,"max_hp_gain":0,"max_hp_loss":0,"event_name":"Golden Wing","floor":3,"gold_loss":0},{"cards_removed":["Strike_R"],"damage_healed":0,"gold_gain":0,"player_choice":"Card Removal","damage_taken":0,"max_hp_gain":0,"max_hp_loss":0,"event_name":"The Cleric","floor":5,"gold_loss":75},{"damage_healed":0,"gold_gain":0,"player_choice":"Fought Mushrooms","damage_taken":0,"max_hp_gain":0,"max_hp_loss":0,"event_name":"Mushrooms","floor":8,"gold_loss":0}],"is_beta":true,"boss_relics":[],"items_purged_floors":[],"is_endless":false,"potions_floor_spawned":[1,4,7],"killed_by":"Lagavulin","ascension_level":15}