{"gold_per_floor":[118,118,132,132,150,150,191,191,214,194,209,209,242,257,257,350,350,374,149,172,193,93,126,126,169,195,211,211,245,245,263,263,338,338,357,357,357,457,406,441,441,474,474,500,518,182,197,197,197,197,197,197,48,74,74],"floor_reached":56,"playtime":2300,"items_purged":["Strike_R","Strike_R"],"score":2121,"play_id":"b16e85ee-183c-4e72-b1ed-d93cb5f74406","local_time":"20190717001533","is_ascension_mode":true,"campfire_choices":[{"data":"Cleave","floor":6,"key":"SMITH"},{"data":"Sword Boomerang","floor":8,"key":"SMITH"},{"floor":12,"key":"REST"},{"data":"Uppercut","floor":15,"key":"SMITH"},{"data":"Limit Break","floor":24,"key":"SMITH"},{"data":"True Grit","floor":28,"key":"SMITH"},{"floor":32,"key":"REST"},{"floor":41,"key":"RECALL"},{"data":"Heavy Blade","floor":49,"key":"SMITH"},{"data":"Exhume","floor":52,"key":"SMITH"}],"neow_cost":"NONE","seed_source_timestamp":539034943153010,"circlet_count":0,"master_deck":["AscendersBane","Strike_R","Defend_R","Defend_R","Defend_R","Defend_R","Bash","Exhume+1","Sword Boomerang+1","Cleave+1","Shrug It Off","Uppercut+1","Shockwave","Limit Break+1","Shrug It Off","Anger","Headbutt","True Grit+1","Limit Break","Headbutt+1","Feed","PanicButton","Heavy Blade+1","Reaper","Burning Pact","Offering"],"relics":["Burning Blood","Bloody Idol","Vajra","Happy Flower","Torii","Velvet Choker","Red Skull","Blood Vial","Self Forming Clay","Bag of Preparation","Strawberry","Empty Cage","FossilizedHelix","Dream Catcher","Juzu Bracelet","Charon\u0027s Ashes","ClockworkSouvenir","Sundial"],"potions_floor_usage":[5,7,11,13,16,21,23,29,31,42,55,55],"damage_taken":[{"damage":7,"enemies":"Small Slimes","floor":1,"turns":3},{"damage":11,"enemies":"Cultist","floor":3,"turns":4},{"damage":11,"enemies":"Jaw Worm","floor":5,"turns":4},{"damage":32,"enemies":"Gremlin Nob","floor":7,"turns":4},{"damage":7,"enemies":"Lots of Slimes","floor":11,"turns":2},{"damage":27,"enemies":"3 Sentries","floor":13,"turns":6},{"damage":5,"enemies":"Gremlin Gang","floor":14,"turns":4},{"damage":18,"enemies":"Slime Boss","floor":16,"turns":10},{"damage":12,"enemies":"Chosen","floor":18,"turns":4},{"damage":22,"enemies":"2 Thieves","floor":20,"turns":3},{"damage":1,"enemies":"Snecko","floor":21,"turns":4},{"damage":19,"enemies":"Slavers","floor":23,"turns":3},{"damage":16,"enemies":"Book of Stabbing","floor":25,"turns":4},{"damage":0,"enemies":"Centurion and Healer","floor":27,"turns":3},{"damage":11,"enemies":"Slavers","floor":29,"turns":3},{"damage":1,"enemies":"Snake Plant","floor":31,"turns":3},{"damage":21,"enemies":"Automaton","floor":33,"turns":6},{"damage":14,"enemies":"3 Shapes","floor":35,"turns":10},{"damage":2,"enemies":"Mind Bloom Boss Battle","floor":38,"turns":7},{"damage":15,"enemies":"Nemesis","floor":40,"turns":3},{"damage":60,"enemies":"Reptomancer","floor":42,"turns":10},{"damage":0,"enemies":"Giant Head","floor":44,"turns":5},{"damage":11,"enemies":"Orb Walker","floor":45,"turns":3},{"damage":57,"enemies":"Writhing Mass","floor":47,"turns":5},{"damage":74,"enemies":"Awakened One","floor":50,"turns":9},{"damage":77,"enemies":"Shield and Spear","floor":54,"turns":7},{"damage":41,"enemies":"The Heart","floor":55,"turns":7}],"seed_played":"-7898433240341211718","potions_obtained":[{"floor":4,"key":"Fruit Juice"},{"floor":4,"key":"Weak Potion"},{"floor":5,"key":"Strength Potion"},{"floor":10,"key":"GamblersBrew"},{"floor":11,"key":"Swift Potion"},{"floor":14,"key":"Energy Potion"},{"floor":18,"key":"Explosive Potion"},{"floor":23,"key":"SneckoOil"},{"floor":25,"key":"Block Potion"},{"floor":29,"key":"SkillPotion"},{"floor":31,"key":"LiquidBronze"},{"floor":42,"key":"Weak Potion"}],"is_trial":false,"path_per_floor":["M","?","M","?","M","R","E","R","T","?","M","R","E","M","R","B",null,"M","$","M","M","$","E","R","E","T","M","R","E","?","M","R","B",null,"M","?","?","?","$","E","R","E","T","E","M","$","M","?","R","B",null,"R","$","E","B",null],"character_chosen":"IRONCLAD","items_purchased":["Red Skull","SteroidPotion","Reaper","ClockworkSouvenir","Offering"],"campfire_rested":2,"item_purchase_floors":[19,39,46,46,53],"current_hp_per_floor":[67,67,62,62,62,62,36,36,36,36,35,56,35,36,36,24,61,55,55,39,44,44,31,31,23,23,31,31,35,35,47,71,63,76,81,71,71,85,85,83,83,39,39,55,57,57,47,47,47,56,88,88,88,54,87],"gold":74,"neow_bonus":"ONE_RANDOM_RARE_CARD","is_prod":false,"is_daily":false,"chose_seed":false,"campfire_upgraded":7,"win_rate":0,"timestamp":1563336933,"path_taken":["M","?","M","?","?","R","E","R","T","?","M","R","E","M","R","BOSS","M","?","?","?","$","E","R","E","T","M","R","E","?","M","R","BOSS","M","?","?","?","?","E","R","E","T","E","M","$","M","?","R","BOSS","R","$","E","BOSS"],"build_version":"2019-07-05","purchased_purges":2,"victory":true,"max_hp_per_floor":[75,68,68,68,73,73,73,73,73,73,73,73,73,73,73,73,73,73,73,73,73,73,73,73,73,73,73,73,80,80,80,80,80,80,86,86,86,89,89,89,89,92,92,95,95,95,95,95,95,98,98,98,98,98,98],"card_choices":[{"not_picked":["Ghostly Armor","Perfected Strike"],"picked":"Sword Boomerang","floor":1},{"not_picked":["Dual Wield","Reckless Charge"],"picked":"Cleave","floor":3},{"not_picked":["Flex","Infernal Blade"],"picked":"Shrug It Off","floor":5},{"not_picked":["Flex","Dropkick","Fire Breathing"],"picked":"SKIP","floor":7},{"not_picked":["Searing Blow","Wild Strike"],"picked":"Uppercut","floor":11},{"not_picked":["Warcry","Dropkick"],"picked":"Shockwave","floor":13},{"not_picked":["Burning Pact","Wild Strike","Iron Wave"],"picked":"SKIP","floor":14},{"not_picked":["Exhume","Double Tap"],"picked":"Limit Break","floor":16},{"not_picked":["Clothesline","Sentinel"],"picked":"Shrug It Off","floor":18},{"not_picked":["Twin Strike","Barricade"],"picked":"Anger","floor":20},{"not_picked":["Reckless Charge","Anger"],"picked":"Headbutt","floor":21},{"not_picked":["Havoc","Dual Wield"],"picked":"True Grit","floor":23},{"not_picked":["Wild Strike","Pommel Strike","Cleave"],"picked":"SKIP","floor":25},{"not_picked":["Rupture","Warcry","Juggernaut"],"picked":"SKIP","floor":27},{"not_picked":["Pommel Strike","Anger"],"picked":"Limit Break","floor":29},{"not_picked":["Clash","Reckless Charge"],"picked":"Headbutt+1","floor":31},{"not_picked":["Juggernaut","Limit Break"],"picked":"Feed","floor":33},{"not_picked":["Uppercut","Cleave","Body Slam"],"picked":"SKIP","floor":35},{"not_picked":["Trip","Impatience"],"picked":"PanicButton","floor":36},{"not_picked":["Barricade","Berserk","Anger"],"picked":"SKIP","floor":40},{"not_picked":["Infernal Blade","Havoc+1"],"picked":"Heavy Blade","floor":42},{"not_picked":["Thunderclap+1","Rupture","Body Slam"],"picked":"SKIP","floor":44},{"not_picked":["Armaments","Iron Wave","Body Slam"],"picked":"SKIP","floor":45},{"not_picked":["Evolve","Iron Wave"],"picked":"Burning Pact","floor":47},{"not_picked":["Seeing Red","Perfected Strike+1","Fire Breathing+1"],"picked":"SKIP","floor":54}],"player_experience":2593784,"relics_obtained":[{"floor":7,"key":"Vajra"},{"floor":9,"key":"Happy Flower"},{"floor":13,"key":"Torii"},{"floor":23,"key":"Blood Vial"},{"floor":25,"key":"Self Forming Clay"},{"floor":26,"key":"Bag of Preparation"},{"floor":29,"key":"Strawberry"},{"floor":38,"key":"FossilizedHelix"},{"floor":40,"key":"Dream Catcher"},{"floor":42,"key":"Juzu Bracelet"},{"floor":44,"key":"Charon\u0027s Ashes"},{"floor":54,"key":"Sundial"}],"event_choices":[{"damage_healed":0,"gold_gain":0,"player_choice":"Lose Max HP","damage_taken":0,"relics_obtained":["Golden Idol"],"max_hp_gain":0,"max_hp_loss":7,"event_name":"Golden Idol","floor":2,"gold_loss":0},{"damage_healed":0,"gold_gain":0,"player_choice":"Got Potions","damage_taken":0,"max_hp_gain":0,"max_hp_loss":0,"event_name":"Lab","floor":4,"gold_loss":0},{"damage_healed":0,"gold_gain":0,"player_choice":"Bought 1 Potion","damage_taken":0,"max_hp_gain":0,"max_hp_loss":0,"event_name":"The Woman in Blue","floor":10,"gold_loss":0},{"damage_healed":0,"gold_gain":0,"player_choice":"Gave Idol","damage_taken":0,"relics_obtained":["Bloody Idol"],"max_hp_gain":0,"max_hp_loss":0,"event_name":"Forgotten Altar","floor":30,"relics_lost":["Golden Idol"],"gold_loss":0},{"damage_healed":0,"gold_gain":0,"player_choice":"Memory 3","damage_taken":10,"max_hp_gain":0,"max_hp_loss":0,"event_name":"SensoryStone","floor":36,"gold_loss":0},{"damage_healed":0,"gold_gain":0,"player_choice":"Ignored","damage_taken":0,"max_hp_gain":0,"max_hp_loss":0,"event_name":"Tomb of Lord Red Mask","floor":37,"gold_loss":0},{"damage_healed":0,"gold_gain":0,"player_choice":"Fight","damage_taken":0,"max_hp_gain":0,"max_hp_loss":0,"event_name":"MindBloom","floor":38,"gold_loss":0},{"damage_healed":0,"gold_gain":0,"player_choice":"Ignored","damage_taken":0,"max_hp_gain":0,"max_hp_loss":0,"event_name":"The Moai Head","floor":48,"gold_loss":0}],"is_beta":false,"boss_relics":[{"not_picked":["Astrolabe","Pandora\u0027s Box"],"picked":"Velvet Choker"},{"not_picked":["Coffee Dripper","Busted Crown"],"picked":"Empty Cage"}],"items_purged_floors":[19,22],"is_endless":false,"potions_floor_spawned":[5,11,14,18,23,25,29,31,35,42,44],"ascension_level":15}