{"gold_per_floor":[111,130,148,70,90,90,124,140,140,171,171,189,189,115,115,216,516,533,546,556,29,47,47],"floor_reached":23,"playtime":3520,"items_purged":["Writhe"],"score":205,"play_id":"8816e9be-1ecd-4dd6-8033-c52673ad24b8","local_time":"20190824191941","is_ascension_mode":false,"campfire_choices":[{"data":"Backflip","floor":6.0,"key":"SMITH"},{"data":"Backflip","floor":13.0,"key":"SMITH"},{"data":"Acrobatics","floor":15.0,"key":"SMITH"}],"neow_cost":"NONE","seed_source_timestamp":58757809891600,"circlet_count":0,"master_deck":["Strike_G","Strike_G","Strike_G","Strike_G","Defend_G","Defend_G","Defend_G","Defend_G","Defend_G","Survivor","Neutralize","Backstab","Flying Knee","Backflip+1","Dagger Throw","Dagger Throw","Underhanded Strike","Well Laid Plans","Backflip+1","Acrobatics+1","Expertise","Adrenaline","Injury","Parasite","Acrobatics+1","Blur","Dagger Spray","Glass Knife","All Out Attack","Prepared+1"],"special_seed":0,"relics":["Ring of the Snake","NeowsBlessing","Letter Opener","Meat on the Bone","Pear","Calling Bell","Bag of Preparation","Question Card","Old Coin","Tingsha"],"potions_floor_usage":[20,23],"damage_taken":[{"damage":0.0,"enemies":"Small Slimes","floor":1.0,"turns":1.0},{"damage":0.0,"enemies":"Cultist","floor":2.0,"turns":1.0},{"damage":0.0,"enemies":"Jaw Worm","floor":3.0,"turns":1.0},{"damage":0.0,"enemies":"Large Slime","floor":5.0,"turns":6.0},{"damage":3.0,"enemies":"Gremlin Nob","floor":7.0,"turns":4.0},{"damage":0.0,"enemies":"Looter","floor":8.0,"turns":3.0},{"damage":5.0,"enemies":"3 Sentries","floor":10.0,"turns":8.0},{"damage":0.0,"enemies":"Blue Slaver","floor":12.0,"turns":3.0},{"damage":50.0,"enemies":"Slime Boss","floor":16.0,"turns":18.0},{"damage":1.0,"enemies":"2 Thieves","floor":18.0,"turns":4.0},{"damage":0,"enemies":"3 Byrds","floor":19,"turns":6},{"damage":29,"enemies":"Snake Plant","floor":20,"turns":6},{"damage":2,"enemies":"Sentry and Sphere","floor":22,"turns":4},{"damage":52,"enemies":"Book of Stabbing","floor":23,"turns":7}],"seed_played":"1466310907753538568","potions_obtained":[{"floor":1.0,"key":"Swift Potion"},{"floor":7.0,"key":"Energy Potion"},{"floor":10.0,"key":"Poison Potion"},{"floor":12.0,"key":"Dexterity Potion"},{"floor":19,"key":"Fire Potion"}],"is_trial":false,"path_per_floor":["M","M","M","$","M","R","E","M","T","E","?","M","R","$","R","B",null,"M","M","M","$","M","E"],"character_chosen":"THE_SILENT","items_purchased":["Backflip","Dagger Throw","Expertise","Tingsha","Glass Knife","All Out Attack"],"campfire_rested":0,"item_purchase_floors":[4,4,14,21,21,21],"current_hp_per_floor":[70,70,70,70,70,70,67,67,67,72,72,72,72,72,72,34,80,79,79,50,50,48,0],"gold":47,"neow_bonus":"THREE_ENEMY_KILL","is_prod":false,"is_daily":false,"chose_seed":false,"campfire_upgraded":3,"win_rate":0.0,"timestamp":1566688781,"path_taken":["M","M","M","$","M","R","E","M","T","E","?","M","R","$","R","BOSS","M","M","?","$","M","E"],"build_version":"2019-07-17","purchased_purges":1,"victory":false,"max_hp_per_floor":[70,70,70,70,70,70,70,70,70,80,80,80,80,80,80,80,80,80,80,80,80,80,80],"card_choices":[{"not_picked":["Dodge and Roll","Slice"],"picked":"Backstab","floor":1.0},{"not_picked":["Outmaneuver","Dagger Spray"],"picked":"Flying Knee","floor":2.0},{"not_picked":["Bouncing Flask","Poisoned Stab","Masterful Stab"],"picked":"SKIP","floor":3.0},{"not_picked":["Backstab","Choke"],"picked":"Dagger Throw","floor":5.0},{"not_picked":["Slice","Dagger Throw"],"picked":"Underhanded Strike","floor":7.0},{"not_picked":["Reflex","Eviscerate"],"picked":"Well Laid Plans","floor":8.0},{"not_picked":["Choke","Night Terror"],"picked":"Backflip","floor":10.0},{"not_picked":["Slice","Deadly Poison"],"picked":"Acrobatics","floor":12.0},{"not_picked":["Envenom","Bullet Time"],"picked":"Adrenaline","floor":16.0},{"not_picked":["Blur","Expertise","Choke"],"picked":"Acrobatics+1","floor":18.0},{"not_picked":["Slice+1","Underhanded Strike","Prepared"],"picked":"Blur","floor":19},{"not_picked":["Outmaneuver","Heel Hook","Bane"],"picked":"Dagger Spray","floor":20},{"not_picked":["Bane","Poisoned Stab","Flying Knee"],"picked":"Prepared+1","floor":22}],"player_experience":43546,"relics_obtained":[{"floor":7.0,"key":"Letter Opener"},{"floor":9.0,"key":"Meat on the Bone"},{"floor":10.0,"key":"Pear"},{"floor":17.0,"key":"Bag of Preparation"},{"floor":17.0,"key":"Question Card"},{"floor":17.0,"key":"Old Coin"}],"event_choices":[{"cards_removed":["Strike_G"],"damage_healed":0.0,"max_hp_gain":0.0,"max_hp_loss":0.0,"gold_gain":0.0,"event_name":"Purifier","player_choice":"Purged","floor":11.0,"gold_loss":0.0,"damage_taken":0.0}],"is_beta":false,"boss_relics":[{"not_picked":["HoveringKite","Fusion Hammer"],"picked":"Calling Bell"}],"items_purged_floors":[21],"is_endless":false,"potions_floor_spawned":[1,7,10,12,19],"killed_by":"Book of Stabbing","ascension_level":0}