{"gold_per_floor":[119,138,153,171,246,281,281,332,407,417,450,450,474,14,14,14],"floor_reached":16,"playtime":973,"items_purged":[],"score":116,"play_id":"3f0fff41-cead-45b9-805b-c57295b86505","local_time":"20190815162422","is_ascension_mode":true,"campfire_choices":[{"floor":7,"key":"RECALL"},{"floor":12,"key":"REST"},{"floor":15,"key":"REST"}],"neow_cost":"NONE","seed_source_timestamp":13706714597200,"circlet_count":0,"master_deck":["Strike_G","Strike_G","Strike_G","Strike_G","Strike_G","Defend_G","Defend_G","Defend_G","Defend_G","Defend_G","Survivor","Neutralize","Poisoned Stab","Deadly Poison","Quick Slash","Blur","All Out Attack","Blade Dance","Prepared"],"relics":["Ring of the Snake","Ice Cream","Oddly Smooth Stone","Bag of Preparation","Tiny Chest","Orichalcum","HandDrill"],"potions_floor_usage":[6,6,11],"damage_taken":[{"damage":2,"enemies":"2 Louse","floor":1,"turns":3},{"damage":0,"enemies":"Jaw Worm","floor":2,"turns":4},{"damage":7,"enemies":"Small Slimes","floor":3,"turns":3},{"damage":10,"enemies":"Exordium Thugs","floor":4,"turns":5},{"damage":16,"enemies":"3 Sentries","floor":6,"turns":8},{"damage":4,"enemies":"Blue Slaver","floor":10,"turns":4},{"damage":36,"enemies":"Gremlin Nob","floor":11,"turns":5},{"damage":56,"enemies":"Slime Boss","floor":16,"turns":11}],"seed_played":"4103018976024060811","potions_obtained":[{"floor":1,"key":"Explosive Potion"},{"floor":3,"key":"Regen Potion"},{"floor":6,"key":"Dexterity Potion"}],"is_trial":false,"path_per_floor":["M","M","M","M","?","E","R","?","T","M","E","R","T","$","R","B"],"character_chosen":"THE_SILENT","items_purchased":["Tiny Chest","Orichalcum","HandDrill"],"campfire_rested":2,"item_purchase_floors":[14,14,14],"current_hp_per_floor":[75,75,68,58,47,46,46,46,46,42,6,29,29,29,52,0],"gold":14,"neow_bonus":"TEN_PERCENT_HP_BONUS","is_prod":false,"is_daily":false,"chose_seed":false,"campfire_upgraded":0,"win_rate":0,"timestamp":1565879062,"path_taken":["M","M","M","M","?","E","R","?","T","M","E","R","?","$","R","BOSS"],"build_version":"2019-07-17","purchased_purges":0,"victory":false,"max_hp_per_floor":[77,77,77,77,77,77,77,77,77,77,77,77,77,77,77,77],"card_choices":[{"not_picked":["Footwork","Flechettes"],"picked":"Poisoned Stab","floor":1},{"not_picked":["Reflex","Poisoned Stab"],"picked":"Deadly Poison","floor":2},{"not_picked":["Backstab","Deflect"],"picked":"Quick Slash","floor":3},{"not_picked":["Flying Knee","Tactician"],"picked":"Blur","floor":4},{"not_picked":["Escape Plan","Die Die Die"],"picked":"All Out Attack","floor":6},{"not_picked":["Quick Slash","Prepared"],"picked":"Blade Dance","floor":10},{"not_picked":["Bane","Infinite Blades"],"picked":"Prepared","floor":11}],"player_experience":87858,"relics_obtained":[{"floor":6,"key":"Ice Cream"},{"floor":11,"key":"Oddly Smooth Stone"},{"floor":13,"key":"Bag of Preparation"}],"event_choices":[{"damage_healed":0,"gold_gain":75,"player_choice":"Gather Gold","damage_taken":11,"max_hp_gain":0,"max_hp_loss":0,"event_name":"World of Goop","floor":5,"gold_loss":0},{"damage_healed":0,"gold_gain":51,"player_choice":"Gained Gold","damage_taken":0,"max_hp_gain":0,"max_hp_loss":0,"event_name":"Golden Wing","floor":8,"gold_loss":0}],"is_beta":false,"boss_relics":[],"items_purged_floors":[],"is_endless":false,"potions_floor_spawned":[1,3,6],"killed_by":"Slime Boss","ascension_level":1}