{"gold_per_floor":[10,25,38,38,56,83,83,83,83,97,117,137,137,13,13,116,116,135,150,150,165,176,176,188,188],"floor_reached":25,"playtime":1933,"items_purged":["Bash"],"score":209,"play_id":"a5203165-e5be-4f0a-a3a1-b4ccc976b691","local_time":"20181226024551","is_ascension_mode":false,"campfire_choices":[{"data":"Dual Wield","floor":8,"key":"SMITH"},{"floor":13,"key":"REST"},{"data":"Perfected Strike","floor":15,"key":"SMITH"},{"floor":23,"key":"REST"}],"neow_cost":"NO_GOLD","seed_source_timestamp":404064736307600,"circlet_count":0,"master_deck":["Strike_R","Strike_R","Strike_R","Strike_R","Strike_R","Defend_R","Defend_R","Defend_R","Perfected Strike+1","Twin Strike","Dual Wield+1","Rage","Seeing Red+1","Iron Wave","Perfected Strike","Fire Breathing","Anger","Berserk","Perfected Strike","Thunderclap","Rage"],"relics":["Black Blood","Nunchaku","Regal Pillow","Anchor"],"potions_floor_usage":[6,10,16,16,22,22],"damage_taken":[{"damage":9,"enemies":"Cultist","floor":1,"turns":4},{"damage":5,"enemies":"Jaw Worm","floor":2,"turns":4},{"damage":0,"enemies":"Small Slimes","floor":3,"turns":4},{"damage":12,"enemies":"Blue Slaver","floor":5,"turns":2},{"damage":44,"enemies":"Lagavulin","floor":6,"turns":6},{"damage":4,"enemies":"Gremlin Gang","floor":10,"turns":4},{"damage":0,"enemies":"Lots of Slimes","floor":11,"turns":4},{"damage":3,"enemies":"2 Fungi Beasts","floor":12,"turns":3},{"damage":47,"enemies":"Hexaghost","floor":16,"turns":7},{"damage":21,"enemies":"Shell Parasite","floor":18,"turns":5},{"damage":24,"enemies":"Chosen","floor":19,"turns":5},{"damage":39,"enemies":"Shelled Parasite and Fungi","floor":21,"turns":6},{"damage":0,"enemies":"Snecko","floor":22,"turns":3},{"damage":39,"enemies":"Snake Plant","floor":24,"turns":6},{"damage":52,"enemies":"Slavers","floor":25,"turns":3}],"seed_played":"8669209778815857718","potions_obtained":[{"floor":1,"key":"Fire Potion"},{"floor":2,"key":"Regen Potion"},{"floor":10,"key":"SteroidPotion"},{"floor":11,"key":"SkillPotion"},{"floor":18,"key":"AttackPotion"},{"floor":21,"key":"Swift Potion"},{"floor":22,"key":"SpeedPotion"}],"is_trial":false,"path_per_floor":["M","M","M","?","M","E","?","R","T","M","M","M","R","$","R","B",null,"M","M","?","M","M","R","M","E"],"character_chosen":"IRONCLAD","items_purchased":["Energy Potion"],"campfire_rested":2,"item_purchase_floors":[14],"current_hp_per_floor":[77,78,80,80,74,45,45,45,45,47,53,56,80,80,80,39,80,69,55,55,26,36,75,46,0],"gold":188,"neow_bonus":"ONE_RARE_RELIC","is_prod":false,"is_daily":false,"chose_seed":false,"campfire_upgraded":2,"win_rate":0.0,"timestamp":1545788751,"path_taken":["M","M","M","?","M","E","?","R","T","M","M","?","R","?","R","BOSS","M","M","?","M","M","R","?","E"],"build_version":"2018-12-20","purchased_purges":1,"victory":false,"max_hp_per_floor":[80,80,80,80,80,80,80,80,80,80,80,80,80,80,80,80,80,80,80,80,80,80,80,80,80],"card_choices":[{"not_picked":["Rupture","Armaments"],"picked":"Perfected Strike","floor":1},{"not_picked":["Corruption","Pommel Strike"],"picked":"Twin Strike","floor":2},{"not_picked":["Twin Strike","Disarm"],"picked":"Dual Wield","floor":3},{"not_picked":["Clothesline","Feed"],"picked":"Rage","floor":5},{"not_picked":["Shockwave","Rampage"],"picked":"Seeing Red","floor":6},{"not_picked":["Pommel Strike","Anger"],"picked":"Perfected Strike","floor":10},{"not_picked":["Cleave","Pummel"],"picked":"Fire Breathing","floor":11},{"not_picked":["Headbutt","Heavy Blade"],"picked":"Anger","floor":12},{"not_picked":["Feed","Bludgeon"],"picked":"Berserk","floor":16},{"not_picked":["True Grit","Reckless Charge"],"picked":"Perfected Strike","floor":18},{"not_picked":["Body Slam","Iron Wave"],"picked":"Thunderclap","floor":19},{"not_picked":["Heavy Blade+1","Power Through","Seeing Red"],"picked":"SKIP","floor":21},{"not_picked":["Uppercut+1","Clash+1"],"picked":"Rage","floor":22},{"not_picked":["Cleave","Thunderclap+1","Heavy Blade"],"picked":"SKIP","floor":24}],"player_experience":15684,"relics_obtained":[{"floor":6,"key":"Regal Pillow"},{"floor":9,"key":"Anchor"}],"event_choices":[{"damage_healed":0,"gold_gain":0,"player_choice":"Ignored","damage_taken":0,"max_hp_gain":0,"max_hp_loss":0,"event_name":"Liars Game","floor":4,"gold_loss":0},{"cards_removed":["Defend_R"],"damage_healed":0,"gold_gain":0,"player_choice":"Took Card","damage_taken":0,"max_hp_gain":0,"max_hp_loss":0,"event_name":"NoteForYourself","floor":7,"gold_loss":0,"cards_obtained":["Iron Wave"]},{"damage_healed":0,"gold_gain":0,"player_choice":"Forge","damage_taken":0,"max_hp_gain":0,"max_hp_loss":0,"event_name":"Accursed Blacksmith","floor":20,"gold_loss":0,"cards_upgraded":["Seeing Red"]}],"is_beta":false,"boss_relics":[{"not_picked":["Coffee Dripper","Runic Dome"],"picked":"Black Blood"}],"items_purged_floors":[14],"is_endless":false,"potions_floor_spawned":[1,2,10,11,18,21,22],"killed_by":"Slavers","ascension_level":0}