{"gold_per_floor":[116,23,42,56,6,35,35,47,127,45,64,83,142,155,155,257,257,247,18,34,34,44,44,44],"floor_reached":24,"playtime":2957,"items_purged":["Defend_G"],"score":200,"play_id":"2b8906b7-594a-402b-93e1-4c6a6442c5c0","local_time":"20181226012220","is_ascension_mode":false,"campfire_choices":[{"floor":7,"key":"REST"},{"floor":15,"key":"REST"},{"floor":23,"key":"REST"}],"neow_cost":"NONE","seed_source_timestamp":398029731649600,"circlet_count":0,"master_deck":["Defend_G+1","Defend_G+1","Defend_G+1","Defend_G+1","Strike_G+1","Strike_G+1","Strike_G+1","Strike_G+1","Neutralize","Dagger Spray","Finesse","Dodge and Roll","Poisoned Stab","Tactician","Footwork","Backflip","Poisoned Stab","Terror+1","Flechettes+1","Wraith Form v2+1","Deadly Poison","Slice","Underhanded Strike+1"],"relics":["Ring of the Snake","NeowsBlessing","Torii","Ornamental Fan","Snake Skull","Astrolabe","Happy Flower"],"potions_floor_usage":[24],"damage_taken":[{"damage":0,"enemies":"Small Slimes","floor":1,"turns":1},{"damage":0,"enemies":"2 Louse","floor":3,"turns":1},{"damage":0,"enemies":"Jaw Worm","floor":4,"turns":1},{"damage":19,"enemies":"3 Sentries","floor":6,"turns":12},{"damage":18,"enemies":"Large Slime","floor":8,"turns":9},{"damage":0,"enemies":"Blue Slaver","floor":11,"turns":5},{"damage":0,"enemies":"3 Louse","floor":12,"turns":3},{"damage":12,"enemies":"3 Sentries","floor":13,"turns":17},{"damage":16,"enemies":"Gremlin Gang","floor":14,"turns":9},{"damage":7,"enemies":"The Guardian","floor":16,"turns":16},{"damage":1,"enemies":"2 Thieves","floor":18,"turns":4},{"damage":27,"enemies":"Spheric Guardian","floor":20,"turns":7},{"damage":27,"enemies":"Chosen and Byrds","floor":22,"turns":7},{"damage":41,"enemies":"Gremlin Leader","floor":24,"turns":6}],"seed_played":"-6844132888181083007","potions_obtained":[{"floor":8,"key":"Swift Potion"},{"floor":11,"key":"Strength Potion"},{"floor":12,"key":"SkillPotion"},{"floor":20,"key":"Weak Potion"}],"is_trial":false,"path_per_floor":["M","$","M","M","?","E","R","M","T","$","M","M","?","M","R","B",null,"M","$","M","?","M","R","E"],"character_chosen":"THE_SILENT","items_purchased":["Finesse","Blur","Happy Flower"],"campfire_rested":3,"item_purchase_floors":[2,10,19],"current_hp_per_floor":[70,70,70,70,70,51,70,52,52,52,52,52,40,24,45,38,70,69,69,42,42,15,36,0],"gold":44,"neow_bonus":"THREE_ENEMY_KILL","is_prod":false,"is_daily":false,"chose_seed":false,"campfire_upgraded":0,"win_rate":0.0,"timestamp":1545783740,"path_taken":["M","$","M","M","?","E","R","M","T","$","M","M","?","M","R","BOSS","M","$","M","?","M","R","E"],"build_version":"2018-12-20","purchased_purges":1,"victory":false,"max_hp_per_floor":[70,70,70,70,70,70,70,70,70,70,70,70,70,70,70,70,70,70,70,70,70,70,70,70],"card_choices":[{"not_picked":["Reflex","Backflip"],"picked":"Dagger Spray","floor":1},{"not_picked":["Backflip","Slice"],"picked":"Dodge and Roll","floor":3},{"not_picked":["Acrobatics","Dodge and Roll"],"picked":"Poisoned Stab","floor":4},{"not_picked":["Calculated Gamble","Eviscerate"],"picked":"Tactician","floor":6},{"not_picked":["Eviscerate","Terror"],"picked":"Footwork","floor":8},{"not_picked":["All Out Attack","Dodge and Roll"],"picked":"Backflip","floor":11},{"not_picked":["Calculated Gamble","Footwork","Backflip"],"picked":"SKIP","floor":12},{"not_picked":["Reflex","Noxious Fumes"],"picked":"Poisoned Stab","floor":13},{"not_picked":["Acrobatics","Dodge and Roll","Sucker Punch"],"picked":"SKIP","floor":14},{"not_picked":["Phantasmal Killer","Wraith Form v2"],"picked":"Bullet Time","floor":16},{"not_picked":["Footwork+1","Prepared+1"],"picked":"Deadly Poison","floor":18},{"not_picked":["Quick Slash","PiercingWail"],"picked":"Slice","floor":20},{"not_picked":["Eviscerate","Blade Dance"],"picked":"Underhanded Strike+1","floor":22}],"player_experience":9775,"relics_obtained":[{"floor":6,"key":"Torii"},{"floor":9,"key":"Ornamental Fan"},{"floor":13,"key":"Snake Skull"}],"event_choices":[{"cards_removed":["Strike_G"],"damage_healed":0,"gold_gain":0,"player_choice":"Card Removal","damage_taken":0,"max_hp_gain":0,"max_hp_loss":0,"event_name":"The Cleric","floor":5,"gold_loss":50},{"damage_healed":0,"gold_gain":30,"player_choice":"Searched \u00272\u0027 times","damage_taken":0,"max_hp_gain":0,"max_hp_loss":0,"event_name":"Dead Adventurer","floor":13,"gold_loss":0},{"damage_healed":0,"gold_gain":0,"player_choice":"Simplicity","damage_taken":0,"max_hp_gain":0,"max_hp_loss":0,"event_name":"Back to Basics","floor":21,"gold_loss":0,"cards_upgraded":["Defend_G","Defend_G","Defend_G","Defend_G","Strike_G","Strike_G","Strike_G","Strike_G"]}],"is_beta":false,"boss_relics":[{"not_picked":["HoveringKite","Lizard Tail"],"picked":"Astrolabe"}],"items_purged_floors":[19],"is_endless":false,"potions_floor_spawned":[8,11,12,20],"killed_by":"Gremlin Leader","ascension_level":0}