{"gold_per_floor":[117,129,142,162,146,146,181,181,181,18,0,26,26,53,53,53],"floor_reached":16,"playtime":993,"items_purged":["Defend_G"],"score":121,"play_id":"7211e549-cf36-4bd0-a43c-c8993958fd04","local_time":"20190824154135","is_ascension_mode":true,"campfire_choices":[{"data":"Neutralize","floor":6.0,"key":"SMITH"},{"floor":13.0,"key":"REST"},{"data":"Footwork","floor":15.0,"key":"SMITH"}],"neow_cost":"NONE","seed_source_timestamp":788239525893600,"circlet_count":0,"master_deck":["Strike_G","Strike_G","Strike_G","Strike_G+1","Defend_G","Defend_G","Defend_G","Defend_G+1","Survivor","Neutralize+1","Dodge and Roll","Dagger Spray","PiercingWail","Footwork+1","Dagger Throw","Prepared","Sucker Punch","Panacea","Bane"],"special_seed":0,"relics":["Ring of the Snake","Anchor","Turnip","Boot","Blue Candle"],"potions_floor_usage":[16],"damage_taken":[{"damage":2.0,"enemies":"Cultist","floor":1.0,"turns":4.0},{"damage":4.0,"enemies":"2 Louse","floor":2.0,"turns":4.0},{"damage":5.0,"enemies":"Small Slimes","floor":3.0,"turns":4.0},{"damage":2.0,"enemies":"Blue Slaver","floor":4.0,"turns":5.0},{"damage":14.0,"enemies":"Exordium Thugs","floor":5.0,"turns":6.0},{"damage":24.0,"enemies":"3 Sentries","floor":7.0,"turns":12.0},{"damage":3.0,"enemies":"Lagavulin","floor":14.0,"turns":8.0},{"damage":23,"enemies":"Hexaghost","floor":16,"turns":16}],"seed_played":"-8844127739265630378","potions_obtained":[{"floor":2.0,"key":"Weak Potion"},{"floor":3.0,"key":"FearPotion"},{"floor":7.0,"key":"Swift Potion"}],"is_trial":false,"path_per_floor":["M","M","M","M","M","R","E","?","T","$","?","T","R","E","R","B"],"character_chosen":"THE_SILENT","items_purchased":["Panacea"],"campfire_rested":1,"item_purchase_floors":[10],"current_hp_per_floor":[68,64,59,57,43,43,19,5,5,5,5,5,26,23,23,0],"gold":53,"neow_bonus":"TRANSFORM_CARD","is_prod":false,"is_daily":false,"chose_seed":false,"campfire_upgraded":2,"win_rate":0,"timestamp":1566654095,"path_taken":["M","M","M","M","?","R","E","?","T","$","?","?","R","E","R","BOSS"],"build_version":"2019-07-17","purchased_purges":1,"victory":false,"max_hp_per_floor":[70,70,70,70,70,70,70,70,70,70,70,70,70,70,70,70],"card_choices":[{"not_picked":["Dagger Throw","Eviscerate"],"picked":"Dagger Spray","floor":1.0},{"not_picked":["Flying Knee","Tactician"],"picked":"PiercingWail","floor":2.0},{"not_picked":["Flechettes","Cloak And Dagger"],"picked":"Footwork","floor":3.0},{"not_picked":["Acrobatics","Deflect"],"picked":"Dagger Throw","floor":4.0},{"not_picked":["Grand Finale","Slice"],"picked":"Prepared","floor":5.0},{"not_picked":["Outmaneuver","Storm of Steel"],"picked":"Sucker Punch","floor":7.0},{"not_picked":["A Thousand Cuts","Expertise"],"picked":"Bane","floor":14.0}],"player_experience":177881,"relics_obtained":[{"floor":7.0,"key":"Anchor"},{"floor":9.0,"key":"Turnip"},{"floor":12.0,"key":"Boot"},{"floor":14.0,"key":"Blue Candle"}],"event_choices":[{"damage_healed":0.0,"max_hp_gain":0.0,"max_hp_loss":0.0,"gold_gain":0.0,"event_name":"Shining Light","player_choice":"Entered Light","floor":8.0,"gold_loss":0.0,"damage_taken":14.0,"cards_upgraded":["Defend_G","Strike_G"]},{"damage_healed":0.0,"max_hp_gain":0.0,"max_hp_loss":0.0,"gold_gain":0.0,"event_name":"World of Goop","player_choice":"Left Gold","floor":11.0,"gold_loss":18.0,"damage_taken":0.0}],"is_beta":false,"boss_relics":[],"items_purged_floors":[10],"is_endless":false,"potions_floor_spawned":[2,3,7],"killed_by":"Hexaghost","ascension_level":2}