{"gold_per_floor":[118,118,128,141,152,152,186,186,210,245,170,185,185,217,217,289,289,304,165,181,205,220,220,220],"floor_reached":24,"playtime":1023,"items_purged":[],"score":422,"play_id":"3960e88e-2e86-40b5-b068-4def52855ed0","local_time":"20190716233649","is_ascension_mode":true,"campfire_choices":[{"data":"Armaments","floor":6,"key":"SMITH"},{"data":"Fiend Fire","floor":8,"key":"SMITH"},{"data":"Uppercut","floor":15,"key":"SMITH"},{"floor":23,"key":"REST"}],"neow_cost":"NONE","seed_source_timestamp":538001371294124,"circlet_count":0,"master_deck":["AscendersBane","Strike_R+1","Defend_R+1","Defend_R","Defend_R+1","Defend_R","Pommel Strike","Armaments+1","Corruption","Clothesline+1","Fiend Fire+1","Uppercut+1","Headbutt","Battle Trance","Barricade","Uppercut+1","Pommel Strike+1","Double Tap+1","Inflame","PanicButton","Shrug It Off","Entrench"],"relics":["Burning Blood","Whetstone","Ancient Tea Set","Blood Vial","FaceOfCleric","War Paint","Astrolabe","PreservedInsect"],"potions_floor_usage":[7,10,12,14,24],"damage_taken":[{"damage":6,"enemies":"Cultist","floor":1,"turns":4},{"damage":2,"enemies":"Jaw Worm","floor":3,"turns":3},{"damage":0,"enemies":"2 Louse","floor":4,"turns":3},{"damage":8,"enemies":"Red Slaver","floor":5,"turns":4},{"damage":3,"enemies":"Lagavulin","floor":7,"turns":7},{"damage":27,"enemies":"3 Sentries","floor":10,"turns":7},{"damage":31,"enemies":"Gremlin Gang","floor":12,"turns":6},{"damage":0,"enemies":"Gremlin Nob","floor":14,"turns":2},{"damage":21,"enemies":"The Guardian","floor":16,"turns":12},{"damage":32,"enemies":"3 Byrds","floor":18,"turns":8},{"damage":18,"enemies":"Spheric Guardian","floor":20,"turns":4},{"damage":37,"enemies":"Chosen and Byrds","floor":22,"turns":6},{"damage":37,"enemies":"Slavers","floor":24,"turns":3}],"seed_played":"-6111385661732250998","potions_obtained":[{"floor":3,"key":"Dexterity Potion"},{"floor":4,"key":"SkillPotion"},{"floor":7,"key":"FearPotion"},{"floor":10,"key":"Regen Potion"}],"is_trial":false,"path_per_floor":["M","$","M","M","M","R","E","R","T","E","?","M","?","E","R","B",null,"M","$","M","T","M","R","E"],"character_chosen":"IRONCLAD","items_purchased":["PowerPotion","PanicButton"],"campfire_rested":1,"item_purchase_floors":[19,19],"current_hp_per_floor":[68,68,72,75,73,73,75,75,75,54,54,45,45,54,54,42,68,45,45,36,36,8,32,0],"gold":220,"neow_bonus":"REMOVE_CARD","is_prod":false,"is_daily":false,"chose_seed":false,"campfire_upgraded":3,"win_rate":0,"timestamp":1563334609,"path_taken":["M","$","M","M","?","R","E","R","T","E","?","M","?","E","R","BOSS","M","$","M","?","?","R","E"],"build_version":"2019-07-05","purchased_purges":0,"victory":false,"max_hp_per_floor":[75,75,75,75,75,75,75,75,75,75,75,75,75,76,76,77,77,78,78,79,79,80,80,80],"card_choices":[{"not_picked":["Perfected Strike","Flex"],"picked":"Pommel Strike","floor":1},{"not_picked":["Flex","Pummel"],"picked":"Armaments","floor":3},{"not_picked":["Perfected Strike","Rage"],"picked":"Corruption","floor":4},{"not_picked":["Dropkick","Clash"],"picked":"Clothesline","floor":5},{"not_picked":["Clash","Shockwave"],"picked":"Fiend Fire","floor":7},{"not_picked":["Cleave","Iron Wave"],"picked":"Uppercut","floor":10},{"not_picked":["Clash","Combust"],"picked":"Headbutt","floor":12},{"not_picked":["Wild Strike","Double Tap"],"picked":"Battle Trance","floor":14},{"not_picked":["Juggernaut","Berserk"],"picked":"Barricade","floor":16},{"not_picked":["Clash","Ghostly Armor"],"picked":"Inflame","floor":18},{"not_picked":["Rampage","Twin Strike"],"picked":"Shrug It Off","floor":20},{"not_picked":["Spot Weakness","Dual Wield+1"],"picked":"Entrench","floor":22}],"player_experience":2592761,"relics_obtained":[{"floor":7,"key":"Whetstone"},{"floor":9,"key":"Ancient Tea Set"},{"floor":10,"key":"Blood Vial"},{"floor":14,"key":"War Paint"},{"floor":21,"key":"PreservedInsect"}],"event_choices":[{"cards_removed":["Strike_R"],"damage_healed":0,"gold_gain":0,"player_choice":"Card Removal","damage_taken":0,"max_hp_gain":0,"max_hp_loss":0,"event_name":"The Cleric","floor":11,"gold_loss":75},{"damage_healed":0,"gold_gain":0,"player_choice":"Trade","damage_taken":0,"relics_obtained":["FaceOfCleric"],"max_hp_gain":0,"max_hp_loss":0,"event_name":"FaceTrader","floor":13,"gold_loss":0}],"is_beta":false,"boss_relics":[{"not_picked":["White Beast Statue","Black Star"],"picked":"Astrolabe"}],"items_purged_floors":[],"is_endless":false,"potions_floor_spawned":[3,4,7,10],"killed_by":"Slavers","ascension_level":15}