{"gold_per_floor":[113,113,38,38,57,57,57,92,146,163,188,188,207,225,225,298,298,314,314,364,380,305,305,330,330,330,347,364,399,411,443,443,517,517,535,535,554,554,554,478,493,527,551,571,267,300,300,330,330,330,330,330,1,32,32],"floor_reached":56,"playtime":2209,"items_purged":["Strike_R"],"score":2124,"play_id":"8be3c07c-2024-44fd-9a3e-469de10d7a8d","local_time":"20190731205448","is_ascension_mode":true,"campfire_choices":[{"floor":6.0,"key":"REST"},{"data":"Infernal Blade","floor":12.0,"key":"SMITH"},{"data":"Combust","floor":15.0,"key":"SMITH"},{"data":"Hemokinesis","floor":23.0,"key":"SMITH"},{"data":"Flame Barrier","floor":25.0,"key":"SMITH"},{"data":"Uppercut","floor":32.0,"key":"SMITH"},{"floor":49.0,"key":"RECALL"},{"data":"Inflame","floor":52.0,"key":"SMITH"}],"neow_cost":"NONE","seed_source_timestamp":0,"circlet_count":0,"master_deck":["AscendersBane","Defend_R","Defend_R+1","Defend_R","Defend_R","Bash","Infernal Blade+1","Flame Barrier+1","Hemokinesis+1","Uppercut+1","Shrug It Off","Evolve","Reaper","Sentinel+1","Clothesline","Shrug It Off","Uppercut+1","Reaper","Armaments+1","Flame Barrier+1","Impervious","Blood for Blood+1","Fiend Fire+1","Impervious+1","Metamorphosis","Inflame+1","Corruption","Shrug It Off","Reaper","Shrug It Off","Feel No Pain"],"special_seed":0,"relics":["Burning Blood","Orichalcum","Centennial Puzzle","Oddly Smooth Stone","Whetstone","Snecko Eye","Dream Catcher","Regal Pillow","Red Skull","Astrolabe","Potion Belt","Bronze Scales","Anchor","Vajra","Paper Frog","Strawberry","Thread and Needle"],"potions_floor_usage":[55,55],"damage_taken":[{"damage":11.0,"enemies":"Cultist","floor":1.0,"turns":4.0},{"damage":6.0,"enemies":"Jaw Worm","floor":5.0,"turns":3.0},{"damage":12.0,"enemies":"3 Sentries","floor":8.0,"turns":6.0},{"damage":6.0,"enemies":"Small Slimes","floor":10.0,"turns":3.0},{"damage":3.0,"enemies":"Gremlin Nob","floor":11.0,"turns":2.0},{"damage":3.0,"enemies":"Blue Slaver","floor":13.0,"turns":3.0},{"damage":1.0,"enemies":"2 Fungi Beasts","floor":14.0,"turns":3.0},{"damage":16.0,"enemies":"Slime Boss","floor":16.0,"turns":7.0},{"damage":6.0,"enemies":"Chosen","floor":18.0,"turns":4.0},{"damage":11.0,"enemies":"Shell Parasite","floor":21.0,"turns":4.0},{"damage":13.0,"enemies":"Gremlin Leader","floor":24.0,"turns":6.0},{"damage":19.0,"enemies":"Snake Plant","floor":27.0,"turns":4.0},{"damage":9.0,"enemies":"Chosen and Byrds","floor":28.0,"turns":6.0},{"damage":11.0,"enemies":"Book of Stabbing","floor":29.0,"turns":4.0},{"damage":21.0,"enemies":"Shelled Parasite and Fungi","floor":30.0,"turns":4.0},{"damage":14.0,"enemies":"Gremlin Leader","floor":31.0,"turns":5.0},{"damage":69.0,"enemies":"Champ","floor":33.0,"turns":10.0},{"damage":0.0,"enemies":"Orb Walker","floor":35.0,"turns":2.0},{"damage":13.0,"enemies":"3 Darklings","floor":37.0,"turns":8.0},{"damage":31.0,"enemies":"Spire Growth","floor":41.0,"turns":6.0},{"damage":36.0,"enemies":"Nemesis","floor":42.0,"turns":7.0},{"damage":20.0,"enemies":"Maw","floor":44.0,"turns":8.0},{"damage":50.0,"enemies":"Giant Head","floor":46.0,"turns":10.0},{"damage":2.0,"enemies":"Nemesis","floor":48.0,"turns":3.0},{"damage":38.0,"enemies":"Donu and Deca","floor":50.0,"turns":9.0},{"damage":19.0,"enemies":"Shield and Spear","floor":54.0,"turns":7.0},{"damage":3,"enemies":"The Heart","floor":55,"turns":7}],"seed_played":"1344936198878138260","potions_obtained":[{"floor":5.0,"key":"Explosive Potion"},{"floor":10.0,"key":"Weak Potion"},{"floor":16.0,"key":"AttackPotion"},{"floor":21.0,"key":"SkillPotion"},{"floor":24.0,"key":"Strength Potion"},{"floor":28.0,"key":"LiquidBronze"},{"floor":33.0,"key":"Ancient Potion"},{"floor":35.0,"key":"Regen Potion"},{"floor":44.0,"key":"GamblersBrew"},{"floor":48.0,"key":"EssenceOfSteel"}],"is_trial":false,"path_per_floor":["M","?","$","?","M","R","?","E","T","M","E","R","M","M","R","B",null,"M","?","?","M","?","R","E","R","T","M","M","E","M","E","R","B",null,"M","?","M","?","?","$","M","E","T","M","$","E","?","E","R","B",null,"R","$","E","B",null],"character_chosen":"IRONCLAD","items_purchased":["Inflame","Anchor","Reaper","SmokeBomb","Strength Potion","Strawberry","Shrug It Off"],"campfire_rested":1,"item_purchase_floors":[40,45,45,53,53,53,53],"current_hp_per_floor":[70,45,45,10,10,34,61,55,55,55,58,58,61,66,66,56,76,82,58,58,57,57,57,62,62,62,50,57,52,47,57,57,13,69,75,75,87,83,73,73,76,46,46,41,41,51,51,75,75,68,79,79,86,82,90],"gold":32,"neow_bonus":"TEN_PERCENT_HP_BONUS","is_prod":false,"is_daily":false,"chose_seed":false,"campfire_upgraded":6,"win_rate":0,"timestamp":1564620888,"path_taken":["M","?","$","?","M","R","?","E","T","M","E","R","M","M","R","BOSS","M","?","?","M","?","R","E","R","T","M","?","E","M","E","R","BOSS","M","?","M","?","?","$","M","E","T","M","$","E","?","E","R","BOSS","R","$","E","BOSS"],"build_version":"2019-07-17","purchased_purges":1,"victory":true,"max_hp_per_floor":[82,82,82,82,82,82,82,82,82,82,82,82,82,82,82,82,82,82,87,87,87,87,87,87,87,87,87,87,87,87,87,87,87,87,87,87,87,83,83,83,83,83,83,83,83,83,83,83,83,83,83,83,90,90,90],"card_choices":[{"not_picked":["Clothesline","Headbutt"],"picked":"Combust","floor":1.0},{"not_picked":["Second Wind","Thunderclap"],"picked":"Infernal Blade","floor":5.0},{"not_picked":["Ghostly Armor","Power Through"],"picked":"Flame Barrier","floor":8.0},{"not_picked":["Metallicize","Twin Strike"],"picked":"Hemokinesis","floor":10.0},{"not_picked":["Blood for Blood","Shrug It Off"],"picked":"Uppercut","floor":11.0},{"not_picked":["Seeing Red","Warcry"],"picked":"Shrug It Off","floor":13.0},{"not_picked":["Anger","Wild Strike"],"picked":"Evolve","floor":14.0},{"not_picked":["Demon Form","Limit Break"],"picked":"Reaper","floor":16.0},{"not_picked":["Infernal Blade","Ghostly Armor","Rampage"],"picked":"SKIP","floor":18.0},{"not_picked":["Iron Wave","Ghostly Armor"],"picked":"Sentinel+1","floor":21.0},{"not_picked":["Rampage","Disarm"],"picked":"Clothesline","floor":24.0},{"not_picked":["Entrench","Second Wind"],"picked":"Shrug It Off","floor":27.0},{"not_picked":["Sentinel","Thunderclap+1"],"picked":"Uppercut","floor":28.0},{"not_picked":["Limit Break","Rage"],"picked":"Reaper","floor":29.0},{"not_picked":["Heavy Blade","Wild Strike+1"],"picked":"Armaments+1","floor":30.0},{"not_picked":["Uppercut","Reckless Charge"],"picked":"Flame Barrier+1","floor":31.0},{"not_picked":["Brutality","Immolate"],"picked":"Impervious","floor":33.0},{"not_picked":["Anger+1","Bloodletting+1","Pummel"],"picked":"SKIP","floor":35.0},{"not_picked":["Sword Boomerang","Anger","Cleave"],"picked":"SKIP","floor":37.0},{"not_picked":["Mayhem","HandOfGreed"],"picked":"Metamorphosis","floor":39.0},{"not_picked":["Twin Strike","True Grit","Sword Boomerang"],"picked":"SKIP","floor":41.0},{"not_picked":["Combust","Second Wind"],"picked":"Corruption","floor":42.0},{"not_picked":["Perfected Strike","Reckless Charge"],"picked":"Shrug It Off","floor":44.0},{"not_picked":["Headbutt","Heavy Blade","Wild Strike"],"picked":"SKIP","floor":46.0},{"not_picked":["Rupture","Iron Wave","Brutality"],"picked":"SKIP","floor":48.0},{"not_picked":["Power Through","Wild Strike+1"],"picked":"Feel No Pain","floor":54.0}],"player_experience":2629336,"relics_obtained":[{"floor":8.0,"key":"Centennial Puzzle"},{"floor":9.0,"key":"Oddly Smooth Stone"},{"floor":11.0,"key":"Whetstone"},{"floor":24.0,"key":"Dream Catcher"},{"floor":29.0,"key":"Regal Pillow"},{"floor":31.0,"key":"Red Skull"},{"floor":42.0,"key":"Potion Belt"},{"floor":43.0,"key":"Bronze Scales"},{"floor":46.0,"key":"Vajra"},{"floor":48.0,"key":"Paper Frog"},{"floor":54.0,"key":"Thread and Needle"}],"event_choices":[{"damage_healed":0.0,"max_hp_gain":0.0,"max_hp_loss":0.0,"gold_gain":0.0,"event_name":"Shining Light","player_choice":"Entered Light","floor":2.0,"gold_loss":0.0,"damage_taken":25.0,"cards_upgraded":["Strike_R","Defend_R"]},{"damage_healed":0.0,"max_hp_gain":0.0,"max_hp_loss":0.0,"gold_gain":0.0,"event_name":"Scrap Ooze","player_choice":"Success","floor":4.0,"gold_loss":0.0,"damage_taken":35.0,"relics_obtained":["Orichalcum"]},{"damage_healed":27.0,"max_hp_gain":0.0,"max_hp_loss":0.0,"gold_gain":0.0,"event_name":"Big Fish","player_choice":"Banana","floor":7.0,"gold_loss":0.0,"damage_taken":0.0},{"damage_healed":0.0,"max_hp_gain":5.0,"max_hp_loss":0.0,"gold_gain":0.0,"event_name":"Forgotten Altar","player_choice":"Shed Blood","floor":19.0,"gold_loss":0.0,"damage_taken":29.0},{"damage_healed":0.0,"max_hp_gain":0.0,"max_hp_loss":0.0,"gold_gain":50.0,"event_name":"Nest","player_choice":"Stole From Cult","floor":20.0,"gold_loss":0.0,"damage_taken":0.0},{"cards_removed":["Strike_R"],"damage_healed":0.0,"max_hp_gain":0.0,"max_hp_loss":0.0,"gold_gain":0.0,"event_name":"Beggar","player_choice":"Gave Gold","floor":22.0,"gold_loss":75.0,"damage_taken":0.0},{"cards_removed":["Combust"],"damage_healed":0.0,"max_hp_gain":0.0,"max_hp_loss":0.0,"gold_gain":0.0,"event_name":"Falling","player_choice":"Removed Power","floor":36.0,"gold_loss":0.0,"damage_taken":0.0},{"damage_healed":0.0,"max_hp_gain":0.0,"max_hp_loss":4.0,"gold_gain":0.0,"event_name":"Winding Halls","player_choice":"Max HP","floor":38.0,"gold_loss":0.0,"damage_taken":0.0},{"damage_healed":0.0,"max_hp_gain":0.0,"max_hp_loss":0.0,"gold_gain":0.0,"event_name":"SensoryStone","player_choice":"Memory 3","floor":39.0,"gold_loss":0.0,"damage_taken":10.0},{"damage_healed":0.0,"max_hp_gain":0.0,"max_hp_loss":0.0,"gold_gain":0.0,"event_name":"Match and Keep!","player_choice":"0 cards matched","floor":47.0,"gold_loss":0.0,"damage_taken":0.0,"cards_obtained":[]}],"is_beta":false,"boss_relics":[{"not_picked":["Calling Bell","Pandora\u0027s Box"],"picked":"Snecko Eye"},{"not_picked":["White Beast Statue","Velvet Choker"],"picked":"Astrolabe"}],"items_purged_floors":[3],"is_endless":false,"potions_floor_spawned":[5,10,13,16,21,24,27,28,33,35,44,48],"ascension_level":15}