{"gold_per_floor":[112,126,126,201,3,34,34,57,82,111,111,37,53,33,33,107,107,107,107,15,15,15,15,15,15,15,15,15,15,15,15,15,15,15,15,15,15,15,15,15,15,15,15,15,15,15,15,15,15,15,15,15,15,15,15],"floor_reached":56,"playtime":2139,"items_purged":["Strike_R","Strike_R"],"score":2103,"play_id":"92a24414-0f7b-480b-91b8-0a7394d9f807","local_time":"20190709222417","is_ascension_mode":true,"campfire_choices":[{"floor":7.0,"key":"REST"},{"floor":11.0,"key":"REST"},{"data":"Juggernaut","floor":15.0,"key":"SMITH"},{"data":"Armaments","floor":23.0,"key":"SMITH"},{"data":"Feel No Pain","floor":28.0,"key":"SMITH"},{"floor":32.0,"key":"REST"},{"floor":40.0,"key":"RECALL"},{"floor":49.0,"key":"REST"},{"data":"Feel No Pain","floor":52.0,"key":"SMITH"}],"neow_cost":"NONE","seed_source_timestamp":431899668257151,"circlet_count":0,"master_deck":["AscendersBane","Strike_R","Strike_R","Strike_R","Defend_R+1","Defend_R","Defend_R+1","Defend_R","Bash+1","Pummel+1","Headbutt","Juggernaut+1","Feel No Pain+1","Bludgeon","True Grit+1","Shrug It Off","Battle Trance","Havoc","Armaments+1","Fiend Fire+1","Body Slam","Limit Break","Barricade","Blood for Blood+1","Entrench","Uppercut+1","Shrug It Off","Metallicize","Shockwave+1","Feel No Pain+1","Entrench+1"],"special_seed":0,"relics":["Burning Blood","War Paint","Membership Card","Blue Candle","Bag of Preparation","Happy Flower","Bag of Marbles","Ectoplasm","Whetstone","Calipers","Question Card","Gremlin Horn","Snecko Eye","Boot","Anchor","Omamori","Pear"],"potions_floor_usage":[55,55],"damage_taken":[{"damage":10.0,"enemies":"Jaw Worm","floor":1.0,"turns":5.0},{"damage":10.0,"enemies":"2 Louse","floor":2.0,"turns":3.0},{"damage":46.0,"enemies":"Lagavulin","floor":6.0,"turns":7.0},{"damage":20.0,"enemies":"Gremlin Nob","floor":10.0,"turns":4.0},{"damage":0.0,"enemies":"Small Slimes","floor":13.0,"turns":5.0},{"damage":28.0,"enemies":"Hexaghost","floor":16.0,"turns":9.0},{"damage":35.0,"enemies":"Shell Parasite","floor":18.0,"turns":5.0},{"damage":0.0,"enemies":"Chosen","floor":19.0,"turns":4.0},{"damage":4.0,"enemies":"3 Cultists","floor":21.0,"turns":5.0},{"damage":11.0,"enemies":"Slavers","floor":24.0,"turns":6.0},{"damage":3.0,"enemies":"Cultist and Chosen","floor":25.0,"turns":5.0},{"damage":2.0,"enemies":"Colosseum Slavers","floor":27.0,"turns":3.0},{"damage":7.0,"enemies":"Colosseum Nobs","floor":27.0,"turns":4.0},{"damage":10.0,"enemies":"Centurion and Healer","floor":29.0,"turns":4.0},{"damage":0.0,"enemies":"Gremlin Leader","floor":30.0,"turns":2.0},{"damage":19.0,"enemies":"Collector","floor":33.0,"turns":8.0},{"damage":0.0,"enemies":"3 Darklings","floor":35.0,"turns":4.0},{"damage":0.0,"enemies":"Orb Walker","floor":36.0,"turns":2.0},{"damage":0.0,"enemies":"Transient","floor":38.0,"turns":5.0},{"damage":8.0,"enemies":"Giant Head","floor":41.0,"turns":6.0},{"damage":22.0,"enemies":"3 Darklings","floor":42.0,"turns":4.0},{"damage":0.0,"enemies":"Maw","floor":44.0,"turns":5.0},{"damage":30.0,"enemies":"Reptomancer","floor":45.0,"turns":7.0},{"damage":0.0,"enemies":"Sphere and 2 Shapes","floor":46.0,"turns":3.0},{"damage":0.0,"enemies":"Jaw Worm Horde","floor":48.0,"turns":2.0},{"damage":40.0,"enemies":"Donu and Deca","floor":50.0,"turns":10.0},{"damage":32,"enemies":"Shield and Spear","floor":54,"turns":5},{"damage":0,"enemies":"The Heart","floor":55,"turns":12}],"seed_played":"-4879141537911422426","potions_obtained":[{"floor":10.0,"key":"Ancient Potion"},{"floor":13.0,"key":"SteroidPotion"},{"floor":19.0,"key":"Fire Potion"},{"floor":21.0,"key":"SkillPotion"},{"floor":25.0,"key":"EssenceOfSteel"},{"floor":30.0,"key":"Fire Potion"},{"floor":36.0,"key":"Ancient Potion"},{"floor":54,"key":"Block Potion"}],"is_trial":false,"path_per_floor":["M","M","?","?","$","E","R","T","T","E","R","$","M","?","R","B",null,"M","M","$","M","$","R","E","M","T","?","R","M","E","?","R","B",null,"M","M","?","M","?","R","E","M","T","M","E","M","?","M","R","B",null,"R","$","E","B",null],"character_chosen":"IRONCLAD","items_purchased":["Membership Card","Feel No Pain","Battle Trance","Havoc"],"campfire_rested":4,"item_purchase_floors":[5,12,20,20],"current_hp_per_floor":[64,60,60,49,49,9,31,31,31,17,39,39,45,45,45,23,62,33,39,39,41,41,41,36,39,39,42,42,38,44,23,47,34,69,75,80,80,80,76,76,74,58,58,64,40,46,46,52,74,40,67,67,67,51,57],"gold":15,"neow_bonus":"RANDOM_COMMON_RELIC","is_prod":false,"is_daily":false,"chose_seed":false,"campfire_upgraded":4,"win_rate":0,"timestamp":1562725457,"path_taken":["M","M","?","?","?","E","R","?","T","E","R","$","M","?","R","BOSS","M","M","$","?","$","R","E","M","T","?","R","M","E","?","R","BOSS","M","M","?","?","?","R","E","M","T","M","E","M","?","M","R","BOSS","R","$","E","BOSS"],"build_version":"2019-07-03","purchased_purges":2,"victory":true,"max_hp_per_floor":[75,75,75,75,75,75,75,75,75,75,75,75,75,75,75,75,75,75,75,75,75,75,75,75,75,75,75,75,75,75,80,80,80,80,80,80,80,80,76,76,76,76,76,76,76,76,76,76,76,76,76,76,76,86,86],"card_choices":[{"not_picked":["True Grit","Iron Wave"],"picked":"Pummel","floor":1.0},{"not_picked":["Corruption","Sword Boomerang"],"picked":"Headbutt","floor":2.0},{"not_picked":["Perfected Strike","Rampage"],"picked":"Juggernaut","floor":6.0},{"not_picked":["Heavy Blade","Headbutt","True Grit"],"picked":"SKIP","floor":10.0},{"not_picked":["Entrench","Clash","Searing Blow"],"picked":"SKIP","floor":13.0},{"not_picked":["Dark Embrace","Berserk"],"picked":"Bludgeon","floor":16.0},{"not_picked":["Warcry","Rupture"],"picked":"True Grit+1","floor":18.0},{"not_picked":["Warcry","Twin Strike"],"picked":"Shrug It Off","floor":19.0},{"not_picked":["Rupture","Heavy Blade"],"picked":"Armaments","floor":21.0},{"not_picked":["Uppercut","Sentinel"],"picked":"Fiend Fire","floor":24.0},{"not_picked":["Blood for Blood","Clothesline","Iron Wave"],"picked":"SKIP","floor":25.0},{"not_picked":["Sword Boomerang+1","Reckless Charge","Dropkick"],"picked":"Body Slam","floor":29.0},{"not_picked":["Second Wind","Infernal Blade","Seeing Red+1"],"picked":"Limit Break","floor":30.0},{"not_picked":["Limit Break","Immolate","Exhume"],"picked":"Barricade","floor":33.0},{"not_picked":["True Grit","Armaments","Iron Wave"],"picked":"Uppercut","floor":35.0},{"not_picked":["Flex","Body Slam","Anger"],"picked":"Blood for Blood+1","floor":36.0},{"not_picked":["Armaments","Body Slam","Fire Breathing","Intimidate"],"picked":"SKIP","floor":38.0},{"not_picked":["Second Wind+1","Hemokinesis","Warcry"],"picked":"Uppercut+1","floor":41.0},{"not_picked":["Cleave","Whirlwind","Power Through"],"picked":"Shrug It Off","floor":42.0},{"not_picked":["Havoc","Perfected Strike","Headbutt"],"picked":"Metallicize","floor":44.0},{"not_picked":["Bludgeon","Seeing Red","Headbutt+1"],"picked":"Shockwave+1","floor":45.0},{"not_picked":["Reckless Charge","Warcry+1","Clothesline"],"picked":"Feel No Pain","floor":46.0},{"not_picked":["Metallicize","Clothesline","Iron Wave","Clash+1"],"picked":"SKIP","floor":48.0},{"not_picked":["Feel No Pain","Shrug It Off","Seeing Red"],"picked":"Entrench+1","floor":54}],"player_experience":2622134,"relics_obtained":[{"floor":6.0,"key":"Blue Candle"},{"floor":8.0,"key":"Bag of Preparation"},{"floor":9.0,"key":"Happy Flower"},{"floor":10.0,"key":"Bag of Marbles"},{"floor":24.0,"key":"Whetstone"},{"floor":27.0,"key":"Calipers"},{"floor":27.0,"key":"Question Card"},{"floor":30.0,"key":"Gremlin Horn"},{"floor":41.0,"key":"Boot"},{"floor":43.0,"key":"Anchor"},{"floor":45.0,"key":"Omamori"},{"floor":54,"key":"Pear"}],"event_choices":[{"damage_healed":0.0,"max_hp_gain":0.0,"max_hp_loss":0.0,"gold_gain":0.0,"event_name":"Living Wall","player_choice":"Grow","floor":3.0,"gold_loss":0.0,"damage_taken":0.0,"cards_upgraded":["Bash"]},{"damage_healed":0.0,"max_hp_gain":0.0,"max_hp_loss":0.0,"gold_gain":75.0,"event_name":"World of Goop","player_choice":"Gather Gold","floor":4.0,"gold_loss":0.0,"damage_taken":11.0},{"damage_healed":0.0,"max_hp_gain":0.0,"max_hp_loss":0.0,"gold_gain":0.0,"event_name":"The Woman in Blue","player_choice":"Bought 1 Potion","floor":14.0,"gold_loss":0.0,"damage_taken":0.0},{"damage_healed":0.0,"max_hp_gain":0.0,"max_hp_loss":0.0,"gold_gain":0.0,"event_name":"Colosseum","player_choice":"Fight","floor":27.0,"gold_loss":0.0,"damage_taken":0.0},{"damage_healed":0.0,"max_hp_gain":0.0,"max_hp_loss":0.0,"gold_gain":0.0,"event_name":"Colosseum","player_choice":"Fought Nobs","floor":27.0,"gold_loss":0.0,"damage_taken":0.0},{"damage_healed":0.0,"max_hp_gain":5.0,"max_hp_loss":0.0,"gold_gain":0.0,"event_name":"Forgotten Altar","player_choice":"Shed Blood","floor":31.0,"gold_loss":0.0,"damage_taken":26.0},{"damage_healed":0.0,"max_hp_gain":0.0,"max_hp_loss":0.0,"gold_gain":0.0,"event_name":"Match and Keep!","player_choice":"1 cards matched","floor":37.0,"gold_loss":0.0,"damage_taken":0.0,"cards_obtained":["Entrench"]},{"damage_healed":0.0,"max_hp_gain":0.0,"max_hp_loss":4.0,"gold_gain":0.0,"event_name":"Winding Halls","player_choice":"Max HP","floor":39.0,"gold_loss":0.0,"damage_taken":0.0},{"cards_removed":["Uppercut"],"damage_healed":0.0,"max_hp_gain":0.0,"max_hp_loss":0.0,"gold_gain":0.0,"event_name":"Falling","player_choice":"Removed Attack","floor":47.0,"gold_loss":0.0,"damage_taken":0.0}],"is_beta":true,"boss_relics":[{"not_picked":["Coffee Dripper","Runic Dome"],"picked":"Ectoplasm"},{"not_picked":["Fusion Hammer","Black Blood"],"picked":"Snecko Eye"}],"items_purged_floors":[12,20],"is_endless":false,"potions_floor_spawned":[10,13,19,21,25,30,36,42,46,48,54],"ascension_level":15}