{"gold_per_floor":[110,110,27,39,53,53,87,105,132,132,161,191,191,207,207,310,310,325,343,360,28,28,28,40,57,57,57,69,0,0,14,14,14],"floor_reached":33,"playtime":2528,"items_purged":[],"score":272,"play_id":"6860d6af-d714-42b4-bbe3-a093caa7e096","local_time":"20181231152830","is_ascension_mode":true,"campfire_choices":[{"data":"Redo","floor":6,"key":"SMITH"},{"data":"Zap","floor":10,"key":"SMITH"},{"data":"Redo","floor":13,"key":"SMITH"},{"data":"Darkness","floor":15,"key":"SMITH"},{"floor":23,"key":"REST"},{"floor":27,"key":"REST"},{"data":"Conserve Battery","floor":30,"key":"SMITH"},{"floor":32,"key":"REST"}],"neow_cost":"NONE","seed_source_timestamp":181720237163400,"circlet_count":0,"master_deck":["Defend_B","Defend_B","Defend_B","Defend_B","Zap+1","Dualcast","Sweeping Beam","Rebound","Darkness+1","Sweeping Beam","Ball Lightning","Redo+1","Gash","Stack","Sunder","Redo+1","Streamline","Fission","Multi-Cast+1","Fusion+1","Meteor Strike+1","Barrage+1","Darkness","Barrage+1","Leap","Multi-Cast+1","Conserve Battery+1","Stack+1","Gash","Self Repair","Conserve Battery","Glacier","Glacier","Beam Cell"],"relics":["Cracked Core","Oddly Smooth Stone","Bag of Preparation","Odd Mushroom","Dream Catcher","Astrolabe","ClockworkSouvenir","Kunai"],"potions_floor_usage":[7,16,33,33],"damage_taken":[{"damage":0,"enemies":"Cultist","floor":1,"turns":4},{"damage":7,"enemies":"2 Louse","floor":4,"turns":2},{"damage":0,"enemies":"Small Slimes","floor":5,"turns":2},{"damage":13,"enemies":"3 Sentries","floor":7,"turns":4},{"damage":0,"enemies":"2 Fungi Beasts","floor":8,"turns":3},{"damage":0,"enemies":"The Mushroom Lair","floor":11,"turns":3},{"damage":6,"enemies":"Gremlin Nob","floor":12,"turns":3},{"damage":0,"enemies":"3 Louse","floor":14,"turns":2},{"damage":39,"enemies":"Hexaghost","floor":16,"turns":9},{"damage":30,"enemies":"2 Thieves","floor":18,"turns":5},{"damage":0,"enemies":"Spheric Guardian","floor":19,"turns":2},{"damage":34,"enemies":"Shelled Parasite and Fungi","floor":20,"turns":5},{"damage":0,"enemies":"Cultist and Chosen","floor":24,"turns":6},{"damage":6,"enemies":"Sentry and Sphere","floor":25,"turns":4},{"damage":0,"enemies":"Centurion and Healer","floor":28,"turns":7},{"damage":43,"enemies":"3 Cultists","floor":31,"turns":7},{"damage":46,"enemies":"Collector","floor":33,"turns":12}],"seed_played":"-2689386873801509675","potions_obtained":[{"floor":1,"key":"Fire Potion"},{"floor":8,"key":"Swift Potion"},{"floor":12,"key":"SkillPotion"},{"floor":16,"key":"LiquidBronze"},{"floor":19,"key":"SneckoOil"},{"floor":20,"key":"FocusPotion"}],"is_trial":false,"path_per_floor":["M","?","$","M","M","R","E","M","T","R","?","E","R","M","R","B",null,"M","M","M","$","?","R","M","M","T","R","M","$","R","M","R","B"],"character_chosen":"DEFECT","items_purchased":["Darkness","Sweeping Beam","ClockworkSouvenir","Leap","EssenceOfSteel","Glacier"],"campfire_rested":3,"item_purchase_floors":[3,3,21,21,21,29],"current_hp_per_floor":[75,75,75,68,68,68,55,55,55,55,55,49,49,49,49,10,75,45,45,11,11,11,33,33,27,27,49,56,56,56,20,42,0],"gold":14,"neow_bonus":"THREE_CARDS","is_prod":false,"is_daily":false,"chose_seed":false,"campfire_upgraded":5,"win_rate":0,"timestamp":1546266510,"path_taken":["M","?","$","?","M","R","E","M","T","R","?","E","R","M","R","BOSS","M","M","M","$","?","R","M","M","T","R","M","$","R","?","R","BOSS"],"build_version":"2018-12-20","purchased_purges":0,"victory":false,"max_hp_per_floor":[75,75,75,75,75,75,75,75,75,75,75,75,75,75,75,75,75,75,75,75,75,75,75,75,75,75,75,75,75,75,75,75,75],"card_choices":[{"not_picked":["Compile Driver","Barrage"],"picked":"Sweeping Beam","floor":0},{"not_picked":["Lockon","Force Field"],"picked":"Rebound","floor":1},{"not_picked":["Beam Cell","Sweeping Beam"],"picked":"Ball Lightning","floor":4},{"not_picked":["Turbo","Sweeping Beam"],"picked":"Redo","floor":5},{"not_picked":["Storm","Hello World"],"picked":"Gash","floor":7},{"not_picked":["Blizzard","Static Discharge"],"picked":"Stack","floor":8},{"not_picked":["Self Repair","Multi-Cast"],"picked":"Sunder","floor":11},{"not_picked":["Stack","Consume"],"picked":"Redo","floor":12},{"not_picked":["Heatsinks","Aggregate"],"picked":"Streamline","floor":14},{"not_picked":["Hyperbeam","All For One"],"picked":"Fission","floor":16},{"not_picked":["Scrape+1","Compile Driver"],"picked":"Barrage+1","floor":18},{"not_picked":["Reprogram","Tempest"],"picked":"Darkness","floor":19},{"not_picked":["Compile Driver","Recycle"],"picked":"Barrage+1","floor":20},{"not_picked":["Heatsinks","Blizzard"],"picked":"Conserve Battery","floor":23},{"not_picked":["Heatsinks","Rebound"],"picked":"Stack+1","floor":24},{"not_picked":["Stack+1","Hologram"],"picked":"Gash","floor":25},{"not_picked":["Blizzard","Capacitor"],"picked":"Self Repair","floor":27},{"not_picked":["Stack","Ball Lightning"],"picked":"Conserve Battery","floor":28},{"not_picked":["Sweeping Beam","Heatsinks+1"],"picked":"Glacier","floor":31},{"not_picked":["BootSequence+1","Compile Driver"],"picked":"Beam Cell","floor":32}],"player_experience":89307,"relics_obtained":[{"floor":7,"key":"Oddly Smooth Stone"},{"floor":9,"key":"Bag of Preparation"},{"floor":11,"key":"Odd Mushroom"},{"floor":12,"key":"Dream Catcher"},{"floor":26,"key":"Kunai"}],"event_choices":[{"cards_removed":["Strike_B"],"damage_healed":0,"gold_gain":0,"player_choice":"Offered Basic","damage_taken":0,"max_hp_gain":0,"max_hp_loss":0,"event_name":"Bonfire Elementals","floor":2,"gold_loss":0},{"damage_healed":0,"gold_gain":0,"player_choice":"Fought Mushrooms","damage_taken":0,"max_hp_gain":0,"max_hp_loss":0,"event_name":"Mushrooms","floor":11,"gold_loss":0},{"damage_healed":0,"gold_gain":0,"player_choice":"Copied","damage_taken":0,"max_hp_gain":0,"max_hp_loss":0,"event_name":"Duplicator","floor":22,"gold_loss":0,"cards_obtained":["Multi-Cast"]}],"is_beta":false,"boss_relics":[{"not_picked":["Calling Bell","Ectoplasm"],"picked":"Astrolabe"}],"items_purged_floors":[],"is_endless":false,"potions_floor_spawned":[1,8,12,16,19,20],"killed_by":"Collector","ascension_level":1}