{"gold_per_floor":[110,22,22,36,56,56,74,74,74,106,125,141,66,66,66,66],"floor_reached":16,"playtime":1240,"items_purged":["Defend_R"],"score":117,"play_id":"c5d6b2ed-60bb-4ced-989a-a86d6774e436","local_time":"20190630201938","is_ascension_mode":true,"campfire_choices":[{"data":"Searing Blow","floor":6,"key":"SMITH"},{"data":"Feel No Pain","floor":8,"key":"SMITH"},{"data":"Searing Blow+1","floor":15,"key":"SMITH"}],"neow_cost":"NONE","seed_source_timestamp":784060279582000,"circlet_count":0,"master_deck":["Strike_R","Strike_R+1","Strike_R","Strike_R","Defend_R","Defend_R","Defend_R","Bash+1","Shrug It Off","Feel No Pain+1","Searing Blow+2","Reaper","Sever Soul+1","Power Through","Dropkick","Clothesline"],"relics":["Burning Blood","Torii","Meat on the Bone","Whetstone"],"potions_floor_usage":[12,16],"damage_taken":[{"damage":7,"enemies":"Jaw Worm","floor":1,"turns":3},{"damage":0,"enemies":"Cultist","floor":4,"turns":3},{"damage":1,"enemies":"Small Slimes","floor":5,"turns":3},{"damage":7,"enemies":"Looter","floor":7,"turns":4},{"damage":18,"enemies":"3 Sentries","floor":10,"turns":12},{"damage":33,"enemies":"Exordium Wildlife","floor":11,"turns":6},{"damage":8,"enemies":"Gremlin Gang","floor":12,"turns":5},{"damage":71,"enemies":"Slime Boss","floor":16,"turns":9}],"seed_played":"-1325726143608788824","potions_obtained":[{"floor":5,"key":"AttackPotion"},{"floor":11,"key":"Swift Potion"}],"is_trial":false,"path_per_floor":["M","$","?","M","M","R","M","R","T","E","M","M","$","?","R","B"],"character_chosen":"IRONCLAD","items_purchased":["Feel No Pain","True Grit"],"campfire_rested":0,"item_purchase_floors":[2,2],"current_hp_per_floor":[79,79,79,80,80,80,79,79,79,79,54,68,68,61,61,0],"gold":66,"neow_bonus":"UPGRADE_CARD","is_prod":false,"is_daily":false,"chose_seed":false,"campfire_upgraded":3,"win_rate":0,"timestamp":1561918778,"path_taken":["M","$","?","M","M","R","M","R","T","E","?","M","$","?","R","BOSS"],"build_version":"2019-01-23","purchased_purges":1,"victory":false,"max_hp_per_floor":[80,80,80,80,80,80,80,80,80,80,80,80,80,80,80,80],"card_choices":[{"not_picked":["Evolve","Flame Barrier"],"picked":"Shrug It Off","floor":1},{"not_picked":["Clash","Heavy Blade"],"picked":"Searing Blow","floor":4},{"not_picked":["Wild Strike","Clash"],"picked":"Reaper","floor":5},{"not_picked":["Shockwave","Wild Strike"],"picked":"Sever Soul","floor":7},{"not_picked":["Flex","Pommel Strike"],"picked":"Power Through","floor":10},{"not_picked":["Evolve","Wild Strike"],"picked":"Dropkick","floor":11},{"not_picked":["Iron Wave","Headbutt"],"picked":"Clothesline","floor":12}],"player_experience":296841,"relics_obtained":[{"floor":9,"key":"Meat on the Bone"},{"floor":10,"key":"Whetstone"}],"event_choices":[{"cards_removed":["True Grit"],"damage_healed":0,"gold_gain":0,"player_choice":"Gave Card","damage_taken":0,"relics_obtained":["Torii"],"max_hp_gain":0,"max_hp_loss":0,"event_name":"WeMeetAgain","floor":3,"gold_loss":0},{"cards_removed":["Strike_R"],"damage_healed":0,"gold_gain":0,"player_choice":"Card Removal","damage_taken":7,"max_hp_gain":0,"max_hp_loss":0,"event_name":"Golden Wing","floor":14,"gold_loss":0}],"is_beta":false,"boss_relics":[],"items_purged_floors":[13],"is_endless":false,"potions_floor_spawned":[5,11],"killed_by":"Slime Boss","ascension_level":3}