{"gold_per_floor":[119,119,119,137,149,149,164,189,212,212,17,17,28,62,62,139,139,157,168,61,77,91,91,120,120,120,145,2,13,13,32,32,106,156,170,170,182,182,182,182,199,199,272,300,300,300,300,300,300,300,300,300,28,59,59],"floor_reached":56,"playtime":1788,"items_purged":["Strike_R"],"score":2134,"play_id":"9f1c3cfa-b805-41d4-8bbb-eb1f2faa6292","local_time":"20190630225307","is_ascension_mode":true,"campfire_choices":[{"data":"Anger","floor":6.0,"key":"SMITH"},{"floor":10.0,"key":"REST"},{"data":"Whirlwind","floor":12.0,"key":"SMITH"},{"data":"Bash","floor":15.0,"key":"SMITH"},{"data":"Barricade","floor":23,"key":"SMITH"},{"data":"Entrench","floor":25,"key":"SMITH"},{"data":"Entrench","floor":30,"key":"SMITH"},{"data":"Rage","floor":32,"key":"SMITH"},{"floor":40,"key":"RECALL"},{"data":"Dark Embrace","floor":42,"key":"SMITH"},{"data":"Entrench","floor":45,"key":"SMITH"},{"data":"Impervious","floor":49,"key":"SMITH"},{"floor":52,"key":"REST"}],"neow_cost":"TEN_PERCENT_HP_LOSS","seed_source_timestamp":1478236405886375,"circlet_count":0,"master_deck":["AscendersBane","Strike_R","Strike_R","Strike_R+1","Defend_R","Defend_R","Defend_R","Bash+1","Anger+1","Shrug It Off+1","Shrug It Off","Cleave","Whirlwind+1","Pummel","Immolate","Barricade+1","Rage+1","Shockwave","Entrench+1","Entrench+1","Twin Strike+1","Corruption+1","Body Slam+1","Dark Embrace+1","Impervious+1","Entrench+1","Disarm"],"special_seed":0,"relics":["Burning Blood","Gambling Chip","Happy Flower","Lantern","Vajra","Anchor","Black Star","Molten Egg 2","Potion Belt","Bag of Preparation","Meat on the Bone","Regal Pillow","Tiny House","Ice Cream","Mercury Hourglass","Centennial Puzzle","Art of War","Oddly Smooth Stone"],"potions_floor_usage":[41,50,55,55,55,55],"damage_taken":[{"damage":12.0,"enemies":"Small Slimes","floor":1.0,"turns":5.0},{"damage":3.0,"enemies":"2 Louse","floor":4.0,"turns":2.0},{"damage":6.0,"enemies":"Cultist","floor":5.0,"turns":3.0},{"damage":0.0,"enemies":"2 Fungi Beasts","floor":7.0,"turns":3.0},{"damage":39.0,"enemies":"3 Sentries","floor":8.0,"turns":12.0},{"damage":1.0,"enemies":"Looter","floor":13.0,"turns":3.0},{"damage":2.0,"enemies":"Gremlin Nob","floor":14.0,"turns":3.0},{"damage":27.0,"enemies":"Hexaghost","floor":16.0,"turns":9.0},{"damage":11.0,"enemies":"Spheric Guardian","floor":18.0,"turns":3.0},{"damage":0.0,"enemies":"Chosen","floor":19.0,"turns":3.0},{"damage":0.0,"enemies":"3 Cultists","floor":21.0,"turns":4.0},{"damage":12,"enemies":"Snake Plant","floor":22,"turns":3},{"damage":14,"enemies":"Slavers","floor":24,"turns":5},{"damage":18,"enemies":"Gremlin Leader","floor":27,"turns":8},{"damage":0,"enemies":"Centurion and Healer","floor":29,"turns":6},{"damage":0,"enemies":"Shelled Parasite and Fungi","floor":31,"turns":3},{"damage":0,"enemies":"Automaton","floor":33,"turns":9},{"damage":0,"enemies":"3 Darklings","floor":35,"turns":6},{"damage":9,"enemies":"3 Shapes","floor":37,"turns":5},{"damage":9,"enemies":"Spire Growth","floor":41,"turns":4},{"damage":0,"enemies":"Nemesis","floor":44,"turns":5},{"damage":72,"enemies":"Donu and Deca","floor":50,"turns":7},{"damage":1,"enemies":"Shield and Spear","floor":54,"turns":6},{"damage":0,"enemies":"The Heart","floor":55,"turns":11}],"seed_played":"-5354869429203313877","potions_obtained":[{"floor":7.0,"key":"Poison Potion"},{"floor":8.0,"key":"SkillPotion"},{"floor":16.0,"key":"Fire Potion"},{"floor":19.0,"key":"Ancient Potion"},{"floor":29,"key":"Fruit Juice"},{"floor":33,"key":"AttackPotion"},{"floor":34,"key":"GamblersBrew"},{"floor":44,"key":"Dexterity Potion"}],"is_trial":false,"path_per_floor":["M","?","?","M","M","R","M","E","T","R","$","R","M","E","R","B",null,"M","M","$","M","M","R","E","R","T","E","$","M","R","M","R","B",null,"M","?","M","$","?","R","M","R","T","E","R","?","?","$","R","B",null,"R","$","E","B",null],"character_chosen":"IRONCLAD","items_purchased":["Vajra","Whirlwind","Shockwave","Entrench","Corruption","Swift Potion","Centennial Puzzle","Disarm"],"campfire_rested":2,"item_purchase_floors":[11,11,20,20,28,53,53,53],"current_hp_per_floor":[62,42,42,45,45,45,51,18,18,38,38,38,43,47,47,26,58,53,59,59,65,59,59,51,51,51,39,39,45,45,51,51,57,70,73,73,70,70,70,70,67,67,67,73,73,73,73,73,73,24,65,78,78,78,78],"gold":59,"neow_bonus":"ONE_RARE_RELIC","is_prod":false,"is_daily":false,"chose_seed":false,"campfire_upgraded":10,"win_rate":0,"timestamp":1561949587,"path_taken":["M","?","?","M","M","R","M","E","T","R","$","R","?","E","R","BOSS","M","M","$","M","M","R","E","R","T","E","$","M","R","M","R","BOSS","M","?","M","$","?","R","M","R","T","E","R","?","?","$","R","BOSS","R","$","E","BOSS"],"build_version":"2019-06-29","purchased_purges":1,"victory":true,"max_hp_per_floor":[68,68,68,68,68,68,68,68,68,68,68,68,68,68,68,68,68,68,68,68,68,68,68,68,68,68,68,68,68,68,68,68,68,73,73,73,73,73,73,73,73,73,73,73,73,73,73,73,73,78,78,78,78,78,78],"card_choices":[{"not_picked":["Clothesline","Shrug It Off"],"picked":"Anger","floor":1.0},{"not_picked":["Sword Boomerang","Combust"],"picked":"Shrug It Off","floor":4.0},{"not_picked":["Rupture","Anger","Heavy Blade"],"picked":"SKIP","floor":5.0},{"not_picked":["Heavy Blade","Wild Strike"],"picked":"Shrug It Off","floor":7.0},{"not_picked":["Pummel","Perfected Strike"],"picked":"Cleave","floor":8.0},{"not_picked":["Flex","Dropkick"],"picked":"Pummel","floor":13.0},{"not_picked":["Burning Pact","Wild Strike"],"picked":"Immolate","floor":14.0},{"not_picked":["Berserk","Immolate"],"picked":"Barricade","floor":16.0},{"not_picked":["Clothesline","Body Slam","Clash"],"picked":"SKIP","floor":18.0},{"not_picked":["Havoc","Metallicize"],"picked":"Rage","floor":19.0},{"not_picked":["Pommel Strike","Power Through"],"picked":"Entrench","floor":21.0},{"not_picked":["Sever Soul","Body Slam"],"picked":"Twin Strike+1","floor":22},{"not_picked":["Sentinel","Cleave","Havoc"],"picked":"SKIP","floor":24},{"not_picked":["Blood for Blood+1","Clash+1","Infernal Blade+1"],"picked":"SKIP","floor":27},{"not_picked":["Shrug It Off","Cleave+1"],"picked":"Body Slam+1","floor":29},{"not_picked":["Brutality","Dual Wield","True Grit"],"picked":"SKIP","floor":31},{"not_picked":["Immolate+1","Demon Form"],"picked":"Dark Embrace","floor":33},{"not_picked":["Havoc","Pommel Strike+1","Cleave+1"],"picked":"SKIP","floor":35},{"not_picked":["Iron Wave+1","Clothesline+1","Hemokinesis+1"],"picked":"SKIP","floor":37},{"not_picked":["Headbutt+1","Metallicize"],"picked":"Impervious","floor":41},{"not_picked":["Havoc","Armaments"],"picked":"Entrench","floor":44},{"not_picked":["Warcry","Rupture","True Grit"],"picked":"SKIP","floor":54}],"player_experience":2581159,"relics_obtained":[{"floor":8.0,"key":"Happy Flower"},{"floor":9.0,"key":"Lantern"},{"floor":14.0,"key":"Anchor"},{"floor":24,"key":"Molten Egg 2"},{"floor":24,"key":"Potion Belt"},{"floor":26,"key":"Bag of Preparation"},{"floor":27,"key":"Meat on the Bone"},{"floor":27,"key":"Regal Pillow"},{"floor":44,"key":"Ice Cream"},{"floor":44,"key":"Mercury Hourglass"},{"floor":54,"key":"Art of War"},{"floor":54,"key":"Oddly Smooth Stone"}],"event_choices":[{"damage_healed":0.0,"max_hp_gain":0.0,"max_hp_loss":0.0,"gold_gain":0.0,"event_name":"Shining Light","player_choice":"Entered Light","floor":2.0,"gold_loss":0.0,"damage_taken":20.0,"cards_upgraded":["Strike_R","Defend_R"]},{"cards_removed":["Strike_R"],"damage_healed":0.0,"max_hp_gain":0.0,"max_hp_loss":0.0,"gold_gain":0.0,"event_name":"Bonfire Elementals","player_choice":"Offered Basic","floor":3.0,"gold_loss":0.0,"damage_taken":0.0},{"damage_healed":0,"gold_gain":0,"player_choice":"Ignored","damage_taken":0,"max_hp_gain":0,"max_hp_loss":0,"event_name":"Mysterious Sphere","floor":36,"gold_loss":0},{"damage_healed":0,"gold_gain":0,"player_choice":"Ignored","damage_taken":0,"max_hp_gain":0,"max_hp_loss":0,"event_name":"Tomb of Lord Red Mask","floor":39,"gold_loss":0},{"cards_removed":["Defend_R"],"damage_healed":0,"gold_gain":0,"player_choice":"Removed Skill","damage_taken":0,"max_hp_gain":0,"max_hp_loss":0,"event_name":"Falling","floor":46,"gold_loss":0},{"damage_healed":0,"gold_gain":0,"player_choice":"Upgraded","damage_taken":0,"max_hp_gain":0,"max_hp_loss":0,"event_name":"Upgrade Shrine","floor":47,"gold_loss":0,"cards_upgraded":["Corruption"]}],"is_beta":true,"boss_relics":[{"not_picked":["Calling Bell","Orrery"],"picked":"Black Star"},{"not_picked":["Pandora\u0027s Box","White Beast Statue"],"picked":"Tiny House"}],"items_purged_floors":[28],"is_endless":false,"potions_floor_spawned":[7,8,16,19,29,33,44],"ascension_level":15}