{"gold_per_floor":[110,127,140,154,7,7,7,40,67,67,83,102,68,104,104,224,224,240,34,34,47,70,70,70,70,93,133,45,45],"floor_reached":29,"playtime":2044,"items_purged":["Strike_B","Doubt"],"score":394,"play_id":"9783604e-63b5-450a-a260-3b81e0e2e039","local_time":"20190128194118","is_ascension_mode":true,"campfire_choices":[{"data":"Zap","floor":6.0,"key":"SMITH"},{"floor":10.0,"key":"REST"},{"data":"Loop","floor":15.0,"key":"SMITH"},{"data":"Buffer","floor":23,"key":"SMITH"},{"data":"White Noise","floor":25,"key":"SMITH"}],"neow_cost":"NONE","seed_source_timestamp":0,"circlet_count":0,"master_deck":["Strike_B","Strike_B","Defend_B+1","Defend_B","Defend_B","Zap+1","Dualcast","Coolheaded","Consume","Glacier","Sweeping Beam","Loop+1","Injury","Turbo+1","Beam Cell","Chill","Fusion","Leap","Meteor Strike","Loop","Stack","Buffer+1","Beam Cell","White Noise+1","Leap","Tempest","Darkness"],"special_seed":0,"relics":["Cracked Core","Art of War","Golden Idol","Odd Mushroom","Bronze Scales","Blood Vial","Cursed Key","War Paint","Oddly Smooth Stone","MawBank"],"potions_floor_usage":[27],"damage_taken":[{"damage":0.0,"enemies":"Small Slimes","floor":1.0,"turns":3.0},{"damage":3.0,"enemies":"2 Louse","floor":2.0,"turns":4.0},{"damage":2.0,"enemies":"Jaw Worm","floor":3.0,"turns":4.0},{"damage":25.0,"enemies":"Gremlin Gang","floor":4.0,"turns":7.0},{"damage":14.0,"enemies":"The Mushroom Lair","floor":8.0,"turns":6.0},{"damage":13.0,"enemies":"3 Louse","floor":11.0,"turns":3.0},{"damage":8.0,"enemies":"Lots of Slimes","floor":12.0,"turns":4.0},{"damage":2.0,"enemies":"Lagavulin","floor":14.0,"turns":6.0},{"damage":19.0,"enemies":"Slime Boss","floor":16.0,"turns":20.0},{"damage":9,"enemies":"Spheric Guardian","floor":18,"turns":6},{"damage":0,"enemies":"3 Byrds","floor":21,"turns":3},{"damage":15,"enemies":"Centurion and Healer","floor":22,"turns":12},{"damage":55,"enemies":"Gremlin Leader","floor":27,"turns":11},{"damage":7,"enemies":"Book of Stabbing","floor":29,"turns":1}],"seed_played":"-4595116785968248322","potions_obtained":[{"floor":2.0,"key":"Ancient Potion"},{"floor":4.0,"key":"SkillPotion"},{"floor":11.0,"key":"Dexterity Potion"},{"floor":18,"key":"AttackPotion"}],"is_trial":false,"path_per_floor":["M","M","M","M","$","R","?","?","T","R","M","M","$","E","R","B",null,"M","$","?","M","M","R","?","R","T","E","$","E"],"character_chosen":"DEFECT","items_purchased":["Loop","Fusion","War Paint","Stack"],"campfire_rested":1,"item_purchase_floors":[5,13,19,19],"current_hp_per_floor":[75,72,70,45,45,45,45,31,31,53,40,32,32,30,30,13,75,66,66,66,68,55,55,55,55,55,2,2,0],"gold":45,"neow_bonus":"RANDOM_COMMON_RELIC","is_prod":false,"is_daily":false,"chose_seed":false,"campfire_upgraded":4,"win_rate":0,"timestamp":1548700878,"path_taken":["M","M","M","M","$","R","?","?","T","R","M","M","$","E","R","BOSS","M","$","?","M","M","R","?","R","T","E","$","E"],"build_version":"2019-01-23","purchased_purges":2,"victory":false,"max_hp_per_floor":[75,75,75,75,75,75,75,75,75,75,75,75,75,75,75,75,75,75,75,75,75,75,75,75,75,75,75,75,75],"card_choices":[{"not_picked":["Barrage","Redo"],"picked":"Coolheaded","floor":1.0},{"not_picked":["Aggregate","Force Field"],"picked":"Consume","floor":2.0},{"not_picked":["Coolheaded","Hologram"],"picked":"Glacier","floor":3.0},{"not_picked":["Cold Snap","Lockon"],"picked":"Sweeping Beam","floor":4.0},{"not_picked":["Sweeping Beam","Doom and Gloom"],"picked":"Turbo","floor":8.0},{"not_picked":["Reboot","Streamline"],"picked":"Beam Cell","floor":11.0},{"not_picked":["Steam","Leap"],"picked":"Chill","floor":12.0},{"not_picked":["BootSequence","Recycle"],"picked":"Leap","floor":14.0},{"not_picked":["Reboot","Thunder Strike"],"picked":"Meteor Strike","floor":16.0},{"not_picked":["Barrage","Beam Cell"],"picked":"Loop","floor":18},{"not_picked":["Reprogram","Genetic Algorithm"],"picked":"White Noise","floor":21},{"not_picked":["Compile Driver","Stack"],"picked":"Leap","floor":22},{"not_picked":["Chaos","Hologram"],"picked":"Darkness","floor":27}],"player_experience":213353,"relics_obtained":[{"floor":8.0,"key":"Odd Mushroom"},{"floor":9.0,"key":"Bronze Scales"},{"floor":14.0,"key":"Blood Vial"},{"floor":26,"key":"Oddly Smooth Stone"},{"floor":27,"key":"MawBank"}],"event_choices":[{"damage_healed":0.0,"max_hp_gain":0.0,"max_hp_loss":0.0,"gold_gain":0.0,"event_name":"Golden Idol","player_choice":"Take Wound","floor":7.0,"gold_loss":0.0,"damage_taken":0.0,"relics_obtained":["Golden Idol"],"cards_obtained":["Injury"]},{"damage_healed":0.0,"max_hp_gain":0.0,"max_hp_loss":0.0,"gold_gain":0.0,"event_name":"Mushrooms","player_choice":"Fought Mushrooms","floor":8.0,"gold_loss":0.0,"damage_taken":0.0},{"damage_healed":0,"gold_gain":0,"cards_transformed":["Defend_B","Strike_B"],"player_choice":"Became Test Subject","damage_taken":0,"max_hp_gain":0,"max_hp_loss":0,"event_name":"Drug Dealer","floor":20,"gold_loss":0,"cards_obtained":["Buffer","Beam Cell"]},{"damage_healed":0,"gold_gain":0,"player_choice":"Read","damage_taken":0,"max_hp_gain":0,"max_hp_loss":0,"event_name":"The Library","floor":24,"gold_loss":0,"cards_obtained":["Tempest"]}],"is_beta":false,"boss_relics":[{"not_picked":["Velvet Choker","Eternal Feather"],"picked":"Cursed Key"}],"items_purged_floors":[5,28],"is_endless":false,"potions_floor_spawned":[2,4,11,18],"killed_by":"Book of Stabbing","ascension_level":3}