{"gold_per_floor":[114,134,22,34,34,34,61,61,138,154,165,165,178,217,217,310,310,333,371,39,58,58,58,96,96,150,194,229,280,311,337,349,455,467,493,505,850,476,486,519,519,531,531,566,566],"floor_reached":45,"playtime":2298,"items_purged":["Strike_G"],"score":975,"play_id":"93510a8b-ff17-4cd1-99eb-46eed90efe7a","local_time":"20190611225236","is_ascension_mode":true,"campfire_choices":[{"data":"Neutralize","floor":6,"key":"SMITH"},{"data":"Footwork","floor":8,"key":"SMITH"},{"floor":15,"key":"REST"},{"floor":23,"key":"REST"},{"data":"Well Laid Plans","floor":25,"key":"SMITH"},{"data":"Deadly Poison","floor":32,"key":"SMITH"},{"data":"Footwork","floor":41,"key":"SMITH"}],"neow_cost":"NONE","seed_source_timestamp":123676120923270,"circlet_count":0,"master_deck":["AscendersBane","Strike_G","Strike_G","Strike_G","Defend_G","Defend_G","Defend_G","Defend_G","Defend_G","Survivor","Neutralize+1","Terror","All Out Attack","Footwork+1","Flying Knee","Footwork+1","Deadly Poison+1","PiercingWail","Sucker Punch+1","Glass Knife+1","Predator+1","Cloak And Dagger+1","Well Laid Plans+1","Backstab+1","Dash+1","Dodge and Roll","Master of Strategy","Crippling Poison","Reflex","Escape Plan+1"],"relics":["Ring of the Snake","Potion Belt","Molten Egg 2","Tingsha","Sozu","Red Mask","Meat on the Bone","Pen Nib","Anchor","MawBank","Bag of Preparation","HoveringKite","Vajra","Regal Pillow","Ornamental Fan","Dodecahedron"],"potions_floor_usage":[16,33],"damage_taken":[{"damage":1,"enemies":"Cultist","floor":1,"turns":4},{"damage":2,"enemies":"2 Louse","floor":2,"turns":4},{"damage":3,"enemies":"Small Slimes","floor":4,"turns":4},{"damage":24,"enemies":"Gremlin Nob","floor":7,"turns":5},{"damage":7,"enemies":"3 Louse","floor":10,"turns":3},{"damage":7,"enemies":"Large Slime","floor":11,"turns":10},{"damage":6,"enemies":"Gremlin Gang","floor":13,"turns":4},{"damage":10,"enemies":"Lagavulin","floor":14,"turns":6},{"damage":22,"enemies":"Hexaghost","floor":16,"turns":12},{"damage":0,"enemies":"Chosen","floor":18,"turns":4},{"damage":34,"enemies":"Masked Bandits","floor":19,"turns":5},{"damage":0,"enemies":"Shell Parasite","floor":21,"turns":4},{"damage":5,"enemies":"Gremlin Leader","floor":24,"turns":6},{"damage":8,"enemies":"Book of Stabbing","floor":27,"turns":6},{"damage":10,"enemies":"Shelled Parasite and Fungi","floor":28,"turns":5},{"damage":6,"enemies":"Slavers","floor":29,"turns":5},{"damage":0,"enemies":"Snake Plant","floor":30,"turns":2},{"damage":0,"enemies":"Chosen and Byrds","floor":31,"turns":3},{"damage":37,"enemies":"Collector","floor":33,"turns":12},{"damage":0,"enemies":"3 Darklings","floor":35,"turns":7},{"damage":0,"enemies":"Orb Walker","floor":39,"turns":1},{"damage":26,"enemies":"Nemesis","floor":40,"turns":9},{"damage":24,"enemies":"Spire Growth","floor":42,"turns":5},{"damage":4,"enemies":"Giant Head","floor":44,"turns":8},{"damage":38,"enemies":"2 Orb Walkers","floor":45,"turns":5}],"seed_played":"1223852205501586490","potions_obtained":[{"floor":4,"key":"Dexterity Potion"},{"floor":10,"key":"GamblersBrew"},{"floor":13,"key":"Ancient Potion"},{"floor":16,"key":"Ancient Potion"}],"is_trial":false,"path_per_floor":["M","M","$","M","?","R","E","R","T","M","M","?","M","E","R","B",null,"M","?","$","M","?","R","E","R","T","E","M","E","M","M","R","B",null,"M","T","?","$","M","E","R","M","T","E","?"],"character_chosen":"THE_SILENT","items_purchased":["Terror","All Out Attack","Meat on the Bone","Well Laid Plans","Master of Strategy","Vajra"],"campfire_rested":2,"item_purchase_floors":[3,3,20,20,38,38],"current_hp_per_floor":[64,62,62,59,59,59,35,35,35,28,21,21,15,5,24,2,49,49,15,15,27,27,46,41,41,41,33,35,41,41,41,41,16,53,53,53,53,53,53,39,39,27,27,35,0],"gold":566,"neow_bonus":"TEN_PERCENT_HP_BONUS","is_prod":false,"is_daily":false,"chose_seed":false,"campfire_upgraded":5,"win_rate":0,"timestamp":1560307956,"path_taken":["M","M","?","M","?","R","E","R","T","?","?","?","M","E","R","BOSS","M","?","$","M","?","R","E","R","T","E","M","E","?","M","R","BOSS","M","?","?","$","M","E","R","M","T","E","?"],"build_version":"2019-06-10","purchased_purges":1,"victory":false,"max_hp_per_floor":[72,72,72,72,72,72,72,72,72,72,72,65,65,65,65,65,65,65,65,65,65,65,65,65,65,65,65,65,65,65,65,65,65,65,65,65,65,65,65,65,65,65,65,65,65],"card_choices":[{"not_picked":["Prepared","Deflect","Slice"],"picked":"SKIP","floor":1},{"not_picked":["Heel Hook","Dodge and Roll","Expertise"],"picked":"SKIP","floor":2},{"not_picked":["Flechettes","Leg Sweep"],"picked":"Footwork","floor":4},{"not_picked":["Blade Dance","Flying Knee"],"picked":"Footwork","floor":7},{"not_picked":["Acrobatics","Terror","Underhanded Strike+1"],"picked":"SKIP","floor":10},{"not_picked":["Grand Finale+1","Flechettes+1"],"picked":"Deadly Poison","floor":11},{"not_picked":["Bouncing Flask","Dodge and Roll"],"picked":"PiercingWail","floor":13},{"not_picked":["Heel Hook+1","Riddle With Holes+1"],"picked":"Sucker Punch+1","floor":14},{"not_picked":["Adrenaline","Grand Finale+1"],"picked":"Glass Knife+1","floor":16},{"not_picked":["Eviscerate+1","Dagger Spray+1"],"picked":"Predator+1","floor":18},{"not_picked":["Distraction","PiercingWail"],"picked":"Cloak And Dagger+1","floor":19},{"not_picked":["Outmaneuver","Poisoned Stab+1","Sucker Punch+1"],"picked":"SKIP","floor":21},{"not_picked":["Bouncing Flask","Escape Plan"],"picked":"Backstab+1","floor":24},{"not_picked":["Underhanded Strike+1","Dagger Throw+1","Bane+1"],"picked":"SKIP","floor":27},{"not_picked":["Dagger Throw+1","Underhanded Strike+1","Predator+1"],"picked":"SKIP","floor":28},{"not_picked":["Heel Hook+1","Night Terror"],"picked":"Dash+1","floor":29},{"not_picked":["Flying Knee+1","Poisoned Stab+1","Escape Plan"],"picked":"SKIP","floor":30},{"not_picked":["Slice+1","Prepared"],"picked":"Dodge and Roll","floor":31},{"not_picked":["Outmaneuver","Terror","Sucker Punch+1"],"picked":"SKIP","floor":35},{"not_picked":["Outmaneuver+1","Flying Knee+1"],"picked":"Crippling Poison","floor":39},{"not_picked":["Sucker Punch+1","Catalyst"],"picked":"Reflex","floor":40},{"not_picked":["Poisoned Stab+1","Bouncing Flask"],"picked":"Escape Plan+1","floor":42},{"not_picked":["Dagger Throw+1","Distraction+1","Sucker Punch+1"],"picked":"SKIP","floor":44}],"player_experience":2535836,"relics_obtained":[{"floor":7,"key":"Potion Belt"},{"floor":9,"key":"Molten Egg 2"},{"floor":14,"key":"Tingsha"},{"floor":19,"key":"Red Mask"},{"floor":24,"key":"Pen Nib"},{"floor":26,"key":"Anchor"},{"floor":27,"key":"MawBank"},{"floor":29,"key":"Bag of Preparation"},{"floor":40,"key":"Regal Pillow"},{"floor":43,"key":"Ornamental Fan"},{"floor":44,"key":"Dodecahedron"}],"event_choices":[{"damage_healed":0,"gold_gain":0,"cards_transformed":["Strike_G"],"player_choice":"Transformed","damage_taken":0,"max_hp_gain":0,"max_hp_loss":0,"event_name":"Transmorgrifier","floor":5,"gold_loss":0,"cards_obtained":["Flying Knee"]},{"damage_healed":0,"gold_gain":0,"player_choice":"Lose Max HP","damage_taken":0,"relics_obtained":["Golden Idol"],"max_hp_gain":0,"max_hp_loss":7,"event_name":"Golden Idol","floor":12,"gold_loss":0},{"damage_healed":0,"gold_gain":0,"player_choice":"Fought Bandits","damage_taken":0,"max_hp_gain":0,"max_hp_loss":0,"event_name":"Masked Bandits","floor":19,"gold_loss":0},{"damage_healed":0,"gold_gain":0,"player_choice":"Got Potions","damage_taken":0,"max_hp_gain":0,"max_hp_loss":0,"event_name":"Lab","floor":22,"gold_loss":0},{"damage_healed":0,"gold_gain":333,"player_choice":"Gave Idol","damage_taken":0,"max_hp_gain":0,"max_hp_loss":0,"event_name":"The Moai Head","floor":37,"relics_lost":["Golden Idol"],"gold_loss":0},{"damage_healed":0,"gold_gain":0,"player_choice":"Fight","damage_taken":0,"max_hp_gain":0,"max_hp_loss":0,"event_name":"Mysterious Sphere","floor":45,"gold_loss":0}],"is_beta":true,"boss_relics":[{"not_picked":["Runic Dome","Calling Bell"],"picked":"Sozu"},{"not_picked":["Cursed Key","Philosopher\u0027s Stone"],"picked":"HoveringKite"}],"items_purged_floors":[38],"is_endless":false,"potions_floor_spawned":[4,10,13,16,19,24,29,30,35,40],"killed_by":"2 Orb Walkers","ascension_level":15}