{"gold_per_floor":[209,220,220,236,8,8,34,309,378,391,391,53,87,87,87,162,162,174,189,2,2,20,20,52,62,62,78,113,131,46,65,65,144,144,154,154,178,178,178,178,198,198,198,225,245,245],"floor_reached":46,"playtime":1290,"items_purged":["Strike_R","Regret"],"score":872,"play_id":"58165238-6e3a-4060-b750-50b9f6c51003","local_time":"20190823200829","is_ascension_mode":true,"campfire_choices":[{"data":"Whirlwind","floor":6.0,"key":"SMITH"},{"data":"Inflame","floor":11.0,"key":"SMITH"},{"data":"Bash","floor":15.0,"key":"SMITH"},{"floor":23.0,"key":"RECALL"},{"data":"Juggernaut","floor":32.0,"key":"SMITH"},{"data":"Inflame","floor":40,"key":"SMITH"}],"neow_cost":"NONE","seed_source_timestamp":778146014546611,"circlet_count":0,"master_deck":["AscendersBane","Strike_R","Strike_R","Strike_R","Strike_R","Defend_R","Defend_R","Defend_R","Defend_R","Bash+1","Cleave","Armaments+1","Whirlwind+1","Inflame+1","Apotheosis+1","Juggernaut+1","Inflame+1","Shrug It Off","Clothesline","Body Slam+1","Warcry+1","Heavy Blade","Iron Wave","Disarm","True Grit","Inflame+1","Reaper","Headbutt+1"],"special_seed":0,"relics":["Burning Blood","Boot","PreservedInsect","Centennial Puzzle","Self Forming Clay","Happy Flower","War Paint","Velvet Choker","Mercury Hourglass","Gremlin Horn","Black Star","Ancient Tea Set","Toxic Egg 2","Orichalcum","Kunai"],"potions_floor_usage":[44],"damage_taken":[{"damage":0.0,"enemies":"2 Louse","floor":1.0,"turns":4.0},{"damage":1.0,"enemies":"Cultist","floor":2.0,"turns":4.0},{"damage":10.0,"enemies":"Small Slimes","floor":4.0,"turns":4.0},{"damage":16.0,"enemies":"Gremlin Nob","floor":7.0,"turns":3.0},{"damage":3.0,"enemies":"3 Louse","floor":10.0,"turns":2.0},{"damage":5.0,"enemies":"3 Sentries","floor":13.0,"turns":2.0},{"damage":47.0,"enemies":"Hexaghost","floor":16.0,"turns":10.0},{"damage":3.0,"enemies":"3 Byrds","floor":18.0,"turns":3.0},{"damage":11.0,"enemies":"Shell Parasite","floor":19.0,"turns":4.0},{"damage":18.0,"enemies":"Shelled Parasite and Fungi","floor":22.0,"turns":6.0},{"damage":11.0,"enemies":"Gremlin Leader","floor":24.0,"turns":4.0},{"damage":1.0,"enemies":"Centurion and Healer","floor":25.0,"turns":4.0},{"damage":4.0,"enemies":"Sentry and Sphere","floor":27.0,"turns":5.0},{"damage":2.0,"enemies":"Slavers","floor":28.0,"turns":3.0},{"damage":13.0,"enemies":"Snake Plant","floor":29.0,"turns":3.0},{"damage":2.0,"enemies":"3 Cultists","floor":31.0,"turns":4.0},{"damage":21.0,"enemies":"Champ","floor":33.0,"turns":9.0},{"damage":19,"enemies":"3 Darklings","floor":35,"turns":4},{"damage":6,"enemies":"Orb Walker","floor":41,"turns":3},{"damage":69,"enemies":"Giant Head","floor":44,"turns":8},{"damage":29,"enemies":"Spire Growth","floor":45,"turns":4},{"damage":16,"enemies":"4 Shapes","floor":46,"turns":1}],"seed_played":"-4697648650183217390","potions_obtained":[{"floor":4.0,"key":"Explosive Potion"},{"floor":13.0,"key":"Strength Potion"},{"floor":22.0,"key":"Fire Potion"},{"floor":27.0,"key":"Weak Potion"},{"floor":28.0,"key":"BloodPotion"},{"floor":33.0,"key":"BloodPotion"},{"floor":41,"key":"Ancient Potion"}],"is_trial":false,"path_per_floor":["M","M","?","M","$","R","E","?","T","M","R","$","E","?","R","B",null,"M","M","$","?","M","R","E","M","T","M","E","M","$","M","R","B",null,"M","$","T","?","?","R","M","?","T","E","M","M"],"character_chosen":"IRONCLAD","items_purchased":["PreservedInsect","Happy Flower","Apotheosis","Inflame","Shrug It Off","True Grit","Inflame"],"campfire_rested":0,"item_purchase_floors":[5,12,12,20,20,30,30],"current_hp_per_floor":[74,75,64,60,60,60,50,50,50,53,53,53,54,54,54,13,60,63,58,58,58,46,46,41,46,46,48,52,45,45,49,49,34,65,70,70,70,70,60,60,60,60,60,37,14,0],"gold":245,"neow_bonus":"HUNDRED_GOLD","is_prod":false,"is_daily":false,"chose_seed":false,"campfire_upgraded":5,"win_rate":0,"timestamp":1566605309,"path_taken":["M","M","?","M","$","R","E","?","T","?","R","$","E","?","R","BOSS","M","M","$","?","M","R","E","M","T","?","E","M","$","M","R","BOSS","M","$","?","?","?","R","M","?","T","E","M","M"],"build_version":"2019-07-17","purchased_purges":2,"victory":false,"max_hp_per_floor":[75,75,75,75,75,75,75,75,75,75,75,75,75,75,75,75,75,75,75,75,75,75,75,75,75,75,75,75,75,75,75,75,75,75,75,75,75,71,71,71,71,71,71,71,71,71],"card_choices":[{"not_picked":["Iron Wave","Sword Boomerang"],"picked":"Cleave","floor":1.0},{"not_picked":["Sword Boomerang","Clash"],"picked":"Armaments","floor":2.0},{"not_picked":["Uppercut","Blood for Blood"],"picked":"Whirlwind","floor":4.0},{"not_picked":["Iron Wave","Entrench"],"picked":"Inflame","floor":7.0},{"not_picked":["Twin Strike","Reckless Charge","Havoc"],"picked":"SKIP","floor":10.0},{"not_picked":["Pommel Strike","Rupture","Dropkick"],"picked":"SKIP","floor":13.0},{"not_picked":["Impervious","Exhume"],"picked":"Juggernaut","floor":16.0},{"not_picked":["Heavy Blade","Clash","Sever Soul"],"picked":"SKIP","floor":18.0},{"not_picked":["Rupture","Armaments","Thunderclap"],"picked":"SKIP","floor":19.0},{"not_picked":["Pummel","Second Wind"],"picked":"Clothesline","floor":22.0},{"not_picked":["Infernal Blade","True Grit"],"picked":"Body Slam+1","floor":24.0},{"not_picked":["Pommel Strike+1","Burning Pact"],"picked":"Warcry+1","floor":25.0},{"not_picked":["Perfected Strike","Anger"],"picked":"Heavy Blade","floor":27.0},{"not_picked":["Body Slam","Fiend Fire"],"picked":"Iron Wave","floor":28.0},{"not_picked":["Headbutt","Flame Barrier"],"picked":"Disarm","floor":29.0},{"not_picked":["Sever Soul","Cleave+1"],"picked":"Headbutt","floor":31.0},{"not_picked":["Immolate","Brutality"],"picked":"Reaper","floor":33.0},{"not_picked":["Whirlwind+1","Havoc","Wild Strike"],"picked":"SKIP","floor":35},{"not_picked":["Bloodletting","Thunderclap","Body Slam+1"],"picked":"SKIP","floor":41},{"not_picked":["Rupture","Inflame"],"picked":"Headbutt+1","floor":44},{"not_picked":["Evolve","Wild Strike","Dropkick"],"picked":"SKIP","floor":45}],"player_experience":2730273,"relics_obtained":[{"floor":7.0,"key":"Centennial Puzzle"},{"floor":9.0,"key":"Self Forming Clay"},{"floor":13.0,"key":"War Paint"},{"floor":24.0,"key":"Mercury Hourglass"},{"floor":28.0,"key":"Gremlin Horn"},{"floor":37,"key":"Ancient Tea Set"},{"floor":43,"key":"Toxic Egg 2"},{"floor":44,"key":"Orichalcum"},{"floor":44,"key":"Kunai"}],"event_choices":[{"damage_healed":0.0,"max_hp_gain":0.0,"max_hp_loss":0.0,"gold_gain":0.0,"event_name":"Scrap Ooze","player_choice":"Success","floor":3.0,"gold_loss":0.0,"damage_taken":11.0,"relics_obtained":["Boot"]},{"damage_healed":0.0,"max_hp_gain":0.0,"max_hp_loss":0.0,"gold_gain":275.0,"event_name":"Golden Shrine","player_choice":"Desecrate","floor":8.0,"gold_loss":0.0,"damage_taken":0.0,"cards_obtained":["Regret"]},{"damage_healed":0.0,"max_hp_gain":0.0,"max_hp_loss":0.0,"gold_gain":0.0,"event_name":"Shining Light","player_choice":"Ignored","floor":14.0,"gold_loss":0.0,"damage_taken":0.0},{"damage_healed":0.0,"max_hp_gain":0.0,"max_hp_loss":0.0,"gold_gain":0.0,"event_name":"Accursed Blacksmith","player_choice":"Forge","floor":21.0,"gold_loss":0.0,"damage_taken":0.0,"cards_upgraded":["Inflame"]},{"damage_healed":0,"gold_gain":0,"player_choice":"Max HP","damage_taken":0,"max_hp_gain":0,"max_hp_loss":4,"event_name":"Winding Halls","floor":38,"gold_loss":0},{"damage_healed":0,"gold_gain":0,"player_choice":"Memory 3","damage_taken":10,"max_hp_gain":0,"max_hp_loss":0,"event_name":"SensoryStone","floor":39,"gold_loss":0},{"cards_removed":["Headbutt"],"damage_healed":0,"gold_gain":0,"player_choice":"Removed Attack","damage_taken":0,"max_hp_gain":0,"max_hp_loss":0,"event_name":"Falling","floor":42,"gold_loss":0}],"is_beta":false,"boss_relics":[{"not_picked":["Ectoplasm","Sozu"],"picked":"Velvet Choker"},{"not_picked":["Runic Dome","Tiny House"],"picked":"Black Star"}],"items_purged_floors":[5,20],"is_endless":false,"potions_floor_spawned":[4,13,16,18,22,27,28,29,33,35,41],"killed_by":"4 Shapes","ascension_level":15}