{"gold_per_floor":[360,510,510,168,186,203,203,235,280,295,311,311,328,357,357,435,435,445,445,464,464,464],"floor_reached":22,"playtime":782,"items_purged":["Doubt"],"score":343,"play_id":"266a57ef-3f86-4366-ae97-1c4a07d2bb05","local_time":"20190802185404","is_ascension_mode":true,"campfire_choices":[{"data":"Hemokinesis","floor":7.0,"key":"SMITH"},{"data":"Disarm","floor":12.0,"key":"SMITH"},{"data":"Clothesline","floor":15.0,"key":"SMITH"}],"neow_cost":"CURSE","seed_source_timestamp":1990187100859132,"circlet_count":0,"master_deck":["AscendersBane","Bash","Carnage","Disarm+1","Feel No Pain","Hemokinesis+1","Clothesline+1","Headbutt","Disarm","Offering","Metallicize","Whirlwind","Blood for Blood","Hemokinesis","True Grit","Entrench","Body Slam","Feel No Pain","Spot Weakness"],"special_seed":0,"relics":["Burning Blood","PreservedInsect","Potion Belt","Lantern","Gremlin Horn","Pandora\u0027s Box","Enchiridion"],"potions_floor_usage":[22,22],"damage_taken":[{"damage":7.0,"enemies":"Small Slimes","floor":1.0,"turns":4.0},{"damage":0.0,"enemies":"2 Louse","floor":5.0,"turns":2.0},{"damage":10.0,"enemies":"Jaw Worm","floor":6.0,"turns":3.0},{"damage":13.0,"enemies":"3 Sentries","floor":8.0,"turns":8.0},{"damage":2.0,"enemies":"Looter","floor":10.0,"turns":4.0},{"damage":2.0,"enemies":"Exordium Wildlife","floor":11.0,"turns":3.0},{"damage":0.0,"enemies":"Gremlin Gang","floor":13.0,"turns":1.0},{"damage":12.0,"enemies":"Gremlin Nob","floor":14.0,"turns":3.0},{"damage":32.0,"enemies":"The Guardian","floor":16.0,"turns":15.0},{"damage":15.0,"enemies":"3 Byrds","floor":18.0,"turns":5.0},{"damage":31.0,"enemies":"2 Thieves","floor":20.0,"turns":4.0},{"damage":12,"enemies":"Sentry and Sphere","floor":22,"turns":2}],"seed_played":"-2172994639771781841","potions_obtained":[{"floor":1.0,"key":"AttackPotion"},{"floor":5.0,"key":"FearPotion"},{"floor":10.0,"key":"SteroidPotion"},{"floor":16.0,"key":"Explosive Potion"},{"floor":20.0,"key":"AttackPotion"}],"is_trial":false,"path_per_floor":["M","?","?","$","M","M","R","E","T","M","M","R","M","E","R","B",null,"M","?","M","?","M"],"character_chosen":"IRONCLAD","items_purchased":["PreservedInsect","Disarm","Feel No Pain"],"campfire_rested":0,"item_purchase_floors":[4,4,4],"current_hp_per_floor":[67,67,60,60,66,62,62,55,55,59,63,63,69,63,63,37,66,57,36,11,11,0],"gold":464,"neow_bonus":"TWO_FIFTY_GOLD","is_prod":false,"is_daily":false,"chose_seed":false,"campfire_upgraded":3,"win_rate":0,"timestamp":1564786444,"path_taken":["M","?","?","$","M","M","R","E","T","M","M","R","M","E","R","BOSS","M","?","M","?","M"],"build_version":"2019-07-17","purchased_purges":1,"victory":false,"max_hp_per_floor":[75,75,75,75,75,75,75,75,75,75,75,75,75,75,75,75,75,75,75,75,75,75],"card_choices":[{"not_picked":["Rampage","Headbutt"],"picked":"Carnage","floor":1.0},{"not_picked":["Pummel","Rupture"],"picked":"Hemokinesis","floor":5.0},{"not_picked":["Havoc","Sentinel","Body Slam"],"picked":"SKIP","floor":6.0},{"not_picked":["Sentinel","Rage"],"picked":"Clothesline","floor":8.0},{"not_picked":["Carnage","Dropkick"],"picked":"Headbutt","floor":10.0},{"not_picked":["True Grit","Heavy Blade","Thunderclap"],"picked":"SKIP","floor":11.0},{"not_picked":["True Grit","Hemokinesis","Perfected Strike"],"picked":"SKIP","floor":13.0},{"not_picked":["Cleave","Rampage"],"picked":"Disarm","floor":14.0},{"not_picked":["Impervious","Berserk"],"picked":"Offering","floor":16.0},{"not_picked":["Twin Strike","Body Slam","Clothesline+1"],"picked":"SKIP","floor":18.0},{"not_picked":["Dual Wield","Wild Strike"],"picked":"Spot Weakness","floor":20.0}],"player_experience":2633352,"relics_obtained":[{"floor":8.0,"key":"Potion Belt"},{"floor":9.0,"key":"Lantern"},{"floor":14.0,"key":"Gremlin Horn"},{"floor":19.0,"key":"Enchiridion"}],"event_choices":[{"damage_healed":0.0,"max_hp_gain":0.0,"max_hp_loss":0.0,"gold_gain":150.0,"event_name":"Liars Game","player_choice":"AGREE","floor":2.0,"gold_loss":0.0,"damage_taken":0.0,"cards_obtained":["Doubt"]},{"cards_removed":["Doubt"],"damage_healed":0.0,"max_hp_gain":0.0,"max_hp_loss":0.0,"gold_gain":0.0,"event_name":"Golden Wing","player_choice":"Card Removal","floor":3.0,"gold_loss":0.0,"damage_taken":7.0},{"damage_healed":0.0,"max_hp_gain":0.0,"max_hp_loss":0.0,"gold_gain":0.0,"event_name":"Cursed Tome","player_choice":"Obtained Book","floor":19.0,"gold_loss":0.0,"damage_taken":21.0},{"cards_removed":["Twin Strike"],"damage_healed":0,"gold_gain":0,"player_choice":"Elegance","damage_taken":0,"max_hp_gain":0,"max_hp_loss":0,"event_name":"Back to Basics","floor":21,"gold_loss":0}],"is_beta":false,"boss_relics":[{"not_picked":["Busted Crown","Sozu"],"picked":"Pandora\u0027s Box"}],"items_purged_floors":[4],"is_endless":false,"potions_floor_spawned":[1,5,10,16,20],"killed_by":"Sentry and Sphere","ascension_level":15}