{"gold_per_floor":[116,41,54,69,69,94,111,111,111,111,139,139,154,180,180,180],"floor_reached":16,"playtime":636,"items_purged":["Defend_R"],"score":120,"play_id":"af6004fc-9466-4f7a-9e09-a22324445b88","local_time":"20190824223718","is_ascension_mode":false,"campfire_choices":[{"data":"Power Through","floor":8.0,"key":"SMITH"},{"data":"Perfected Strike","floor":12,"key":"SMITH"},{"data":"Perfected Strike","floor":15,"key":"SMITH"}],"neow_cost":"NONE","seed_source_timestamp":15871859381700,"circlet_count":0,"master_deck":["Strike_R","Strike_R","Strike_R","Strike_R","Strike_R","Defend_R","Defend_R","Defend_R","Bash","Perfected Strike","Shrug It Off","Perfected Strike+1","Power Through+1","Perfected Strike+1","Warcry","Evolve","Impatience","Sword Boomerang","Twin Strike","Feed"],"special_seed":0,"relics":["Burning Blood","Centennial Puzzle","Ornamental Fan","Thread and Needle","Bottled Lightning"],"potions_floor_usage":[],"damage_taken":[{"damage":5.0,"enemies":"Cultist","floor":1.0,"turns":4.0},{"damage":11.0,"enemies":"2 Louse","floor":3.0,"turns":3.0},{"damage":12.0,"enemies":"Small Slimes","floor":4.0,"turns":3.0},{"damage":8.0,"enemies":"Gremlin Nob","floor":6.0,"turns":5.0},{"damage":1.0,"enemies":"3 Louse","floor":7.0,"turns":3.0},{"damage":32,"enemies":"3 Sentries","floor":11,"turns":9},{"damage":1,"enemies":"Looter","floor":13,"turns":3},{"damage":14,"enemies":"Lagavulin","floor":14,"turns":5},{"damage":44,"enemies":"Hexaghost","floor":16,"turns":9}],"seed_played":"2594998716949152505","potions_obtained":[{"floor":1.0,"key":"FearPotion"},{"floor":4.0,"key":"Weak Potion"},{"floor":6.0,"key":"Explosive Potion"},{"floor":13,"key":"LiquidBronze"}],"is_trial":false,"path_per_floor":["M","$","M","M","?","E","M","R","T","?","E","R","M","E","R","B"],"character_chosen":"IRONCLAD","items_purchased":[],"campfire_rested":0,"item_purchase_floors":[],"current_hp_per_floor":[80,80,75,69,69,67,72,72,72,72,46,46,51,43,43,0],"gold":180,"neow_bonus":"THREE_CARDS","is_prod":false,"is_daily":false,"chose_seed":false,"campfire_upgraded":3,"win_rate":0,"timestamp":1566679038,"path_taken":["M","$","M","?","?","E","M","R","T","?","E","R","M","E","R","BOSS"],"build_version":"2019-07-17","purchased_purges":1,"victory":false,"max_hp_per_floor":[80,80,80,80,80,80,80,80,80,80,80,80,80,80,80,80],"card_choices":[{"not_picked":["Headbutt","Sword Boomerang"],"picked":"Perfected Strike","floor":0.0},{"not_picked":["Blood for Blood","Pommel Strike"],"picked":"Shrug It Off","floor":1.0},{"not_picked":["Infernal Blade","Entrench"],"picked":"Perfected Strike","floor":3.0},{"not_picked":["Flame Barrier","Clothesline"],"picked":"Power Through","floor":4.0},{"not_picked":["Burning Pact","Clash"],"picked":"Perfected Strike","floor":6.0},{"not_picked":["Anger","Uppercut"],"picked":"Warcry","floor":7.0},{"not_picked":["Cleave","Carnage","Evolve"],"picked":"SKIP","floor":11},{"not_picked":["Clash","Pommel Strike"],"picked":"Twin Strike","floor":13},{"not_picked":["Sword Boomerang","Headbutt"],"picked":"Feed","floor":14}],"player_experience":364614,"relics_obtained":[{"floor":6.0,"key":"Centennial Puzzle"},{"floor":9.0,"key":"Ornamental Fan"},{"floor":11,"key":"Thread and Needle"},{"floor":14,"key":"Bottled Lightning"}],"event_choices":[{"damage_healed":0.0,"max_hp_gain":0.0,"max_hp_loss":0.0,"gold_gain":0.0,"event_name":"Liars Game","player_choice":"Ignored","floor":5.0,"gold_loss":0.0,"damage_taken":0.0},{"damage_healed":0,"gold_gain":0,"player_choice":"3 cards matched","damage_taken":0,"max_hp_gain":0,"max_hp_loss":0,"event_name":"Match and Keep!","floor":10,"gold_loss":0,"cards_obtained":["Evolve","Impatience","Sword Boomerang"]}],"is_beta":false,"boss_relics":[],"items_purged_floors":[2],"is_endless":false,"potions_floor_spawned":[1,4,6,13],"killed_by":"Hexaghost","ascension_level":0}