{"gold_per_floor":[112,112,124,49,66,66,66,94,94,94,114,124,189,207,207,278,278,260,273,273,285,295,295,329,345,371,385,385,402,416,167,167,241,241,252,252,270,270,270],"floor_reached":39,"playtime":1298,"items_purged":["Doubt","Strike_R"],"score":730,"play_id":"721ab8f0-776c-4c84-bceb-2a4d461f02a3","local_time":"20190720223158","is_ascension_mode":true,"campfire_choices":[{"data":"Inflame","floor":6.0,"key":"SMITH"},{"data":"Armaments","floor":10.0,"key":"SMITH"},{"data":"True Grit","floor":15.0,"key":"SMITH"},{"floor":23.0,"key":"REST"},{"floor":28,"key":"REST"},{"floor":32,"key":"REST"}],"neow_cost":"CURSE","seed_source_timestamp":879399504758081,"circlet_count":0,"master_deck":["AscendersBane","Strike_R","Strike_R","Strike_R","Defend_R","Defend_R","Defend_R","Defend_R","Bash","Twin Strike","Inflame+1","Armaments+1","Spot Weakness","True Grit+1","Whirlwind","Impervious","Carnage","Headbutt","Dual Wield+1","Uppercut","Disarm","Flame Barrier","Sword Boomerang+1","Offering","Barricade","Shrug It Off","Blood for Blood+1"],"special_seed":0,"relics":["Burning Blood","StoneCalendar","Letter Opener","Ornamental Fan","Self Forming Clay","Tiny Chest","Fusion Hammer","Question Card","Thread and Needle","Pen Nib","Snecko Eye"],"potions_floor_usage":[24,30,33,35],"damage_taken":[{"damage":2.0,"enemies":"2 Louse","floor":1.0,"turns":3.0},{"damage":11.0,"enemies":"Cultist","floor":3.0,"turns":4.0},{"damage":0.0,"enemies":"Small Slimes","floor":5.0,"turns":3.0},{"damage":25.0,"enemies":"3 Sentries","floor":8.0,"turns":7.0},{"damage":10.0,"enemies":"Gremlin Gang","floor":11.0,"turns":5.0},{"damage":1.0,"enemies":"2 Fungi Beasts","floor":12.0,"turns":3.0},{"damage":13.0,"enemies":"Gremlin Nob","floor":13.0,"turns":4.0},{"damage":0.0,"enemies":"3 Louse","floor":14.0,"turns":1.0},{"damage":20.0,"enemies":"The Guardian","floor":16.0,"turns":14.0},{"damage":13.0,"enemies":"2 Thieves","floor":18.0,"turns":4.0},{"damage":6.0,"enemies":"Shell Parasite","floor":19.0,"turns":6.0},{"damage":25.0,"enemies":"Chosen and Byrds","floor":21.0,"turns":6.0},{"damage":20.0,"enemies":"Shelled Parasite and Fungi","floor":22.0,"turns":5.0},{"damage":17,"enemies":"Gremlin Leader","floor":24,"turns":7},{"damage":12,"enemies":"Centurion and Healer","floor":25,"turns":5},{"damage":16,"enemies":"Snake Plant","floor":27,"turns":5},{"damage":11,"enemies":"Shelled Parasite and Fungi","floor":29,"turns":6},{"damage":3,"enemies":"Snecko","floor":30,"turns":4},{"damage":49,"enemies":"Collector","floor":33,"turns":10},{"damage":29,"enemies":"3 Darklings","floor":35,"turns":5},{"damage":7,"enemies":"Orb Walker","floor":37,"turns":5},{"damage":45,"enemies":"Spire Growth","floor":39,"turns":5}],"seed_played":"-1335772835593006907","potions_obtained":[{"floor":8.0,"key":"Poison Potion"},{"floor":12.0,"key":"GamblersBrew"},{"floor":13.0,"key":"Energy Potion"},{"floor":16.0,"key":"EssenceOfSteel"},{"floor":22.0,"key":"Poison Potion"},{"floor":27,"key":"Explosive Potion"},{"floor":33,"key":"Weak Potion"}],"is_trial":false,"path_per_floor":["M","?","M","$","M","R","?","E","T","R","M","M","E","M","R","B",null,"M","M","T","M","M","R","E","M","T","M","R","M","M","$","R","B",null,"M","?","M","?","M"],"character_chosen":"IRONCLAD","items_purchased":["Offering"],"campfire_rested":3,"item_purchase_floors":[31],"current_hp_per_floor":[72,68,63,63,69,69,69,50,50,50,46,51,44,50,50,36,65,58,58,58,39,25,47,36,30,30,20,42,37,40,40,62,19,61,38,38,37,37,0],"gold":270,"neow_bonus":"ONE_RARE_RELIC","is_prod":false,"is_daily":false,"chose_seed":false,"campfire_upgraded":3,"win_rate":0,"timestamp":1563676318,"path_taken":["M","?","M","$","?","R","?","E","T","R","M","M","E","M","R","BOSS","M","M","?","M","M","R","E","M","T","?","R","M","M","$","R","BOSS","M","?","?","?","M"],"build_version":"2019-07-17","purchased_purges":2,"victory":false,"max_hp_per_floor":[75,75,75,75,75,75,75,75,75,75,75,75,75,75,75,75,75,75,75,75,75,75,75,75,75,75,75,75,75,75,75,75,75,75,75,75,75,75,75],"card_choices":[{"not_picked":["Perfected Strike","Warcry"],"picked":"Twin Strike","floor":1.0},{"not_picked":["Rampage","Iron Wave"],"picked":"Inflame","floor":3.0},{"not_picked":["Body Slam","Havoc"],"picked":"Thunderclap","floor":5.0},{"not_picked":["Reckless Charge","Infernal Blade"],"picked":"Armaments","floor":8.0},{"not_picked":["Seeing Red","True Grit"],"picked":"Spot Weakness","floor":11.0},{"not_picked":["Anger","Body Slam"],"picked":"True Grit","floor":12.0},{"not_picked":["Barricade","True Grit"],"picked":"Whirlwind","floor":13.0},{"not_picked":["Wild Strike","Anger","Heavy Blade"],"picked":"SKIP","floor":14.0},{"not_picked":["Double Tap","Berserk"],"picked":"Impervious","floor":16.0},{"not_picked":["Wild Strike","Blood for Blood","Dual Wield"],"picked":"SKIP","floor":18.0},{"not_picked":["Wild Strike","Rage"],"picked":"Carnage","floor":19.0},{"not_picked":["Carnage","Second Wind","Blood for Blood"],"picked":"Headbutt","floor":21.0},{"not_picked":["Combust","Carnage","Thunderclap"],"picked":"Dual Wield+1","floor":22.0},{"not_picked":["Rampage+1","Clash+1","Cleave+1"],"picked":"Uppercut","floor":24},{"not_picked":["Rage","True Grit","Warcry"],"picked":"Disarm","floor":25},{"not_picked":["Heavy Blade","Whirlwind+1","Brutality"],"picked":"Flame Barrier","floor":27},{"not_picked":["Warcry","True Grit","Cleave"],"picked":"Sword Boomerang+1","floor":29},{"not_picked":["Fire Breathing","Headbutt","Warcry","Wild Strike"],"picked":"SKIP","floor":30},{"not_picked":["Fiend Fire","Exhume","Immolate"],"picked":"Barricade","floor":33},{"not_picked":["Heavy Blade","Thunderclap","Sever Soul"],"picked":"Shrug It Off","floor":35},{"not_picked":["Bloodletting","Wild Strike","Cleave"],"picked":"Blood for Blood+1","floor":37}],"player_experience":2609227,"relics_obtained":[{"floor":8.0,"key":"Ornamental Fan"},{"floor":9.0,"key":"Self Forming Clay"},{"floor":13.0,"key":"Tiny Chest"},{"floor":20.0,"key":"Question Card"},{"floor":24,"key":"Thread and Needle"},{"floor":26,"key":"Pen Nib"}],"event_choices":[{"damage_healed":0.0,"max_hp_gain":0.0,"max_hp_loss":0.0,"gold_gain":0.0,"event_name":"The Woman in Blue","player_choice":"Bought 0 Potions","floor":2.0,"gold_loss":0.0,"damage_taken":0.0},{"cards_removed":["Thunderclap"],"damage_healed":0.0,"max_hp_gain":0.0,"max_hp_loss":0.0,"gold_gain":0.0,"event_name":"WeMeetAgain","player_choice":"Gave Card","floor":7.0,"gold_loss":0.0,"damage_taken":0.0,"relics_obtained":["Letter Opener"]},{"cards_removed":["Strike_R"],"damage_healed":0,"gold_gain":0,"player_choice":"Purged","damage_taken":0,"max_hp_gain":0,"max_hp_loss":0,"event_name":"Purifier","floor":36,"gold_loss":0},{"damage_healed":0,"gold_gain":0,"player_choice":"Ignored","damage_taken":0,"max_hp_gain":0,"max_hp_loss":0,"event_name":"The Moai Head","floor":38,"gold_loss":0}],"is_beta":false,"boss_relics":[{"not_picked":["White Beast Statue","Cursed Key"],"picked":"Fusion Hammer"},{"not_picked":["Busted Crown","Tiny House"],"picked":"Snecko Eye"}],"items_purged_floors":[4,31],"is_endless":false,"potions_floor_spawned":[8,12,13,14,16,18,22,27,29,33],"killed_by":"Spire Growth","ascension_level":15}