{"gold_per_floor":[115,115,21,40,58,58,58,69,69,87,114,125,2,19,19,19],"floor_reached":16,"playtime":1358,"items_purged":["Eviscerate"],"score":104,"play_id":"c66b3911-ecaa-44f1-b8a2-b5cd9688f4f6","local_time":"20181226222635","is_ascension_mode":false,"campfire_choices":[{"data":"Cloak And Dagger","floor":6,"key":"SMITH"},{"data":"Dodge and Roll","floor":15,"key":"SMITH"}],"neow_cost":"NONE","seed_source_timestamp":34688482406500,"circlet_count":0,"master_deck":["Defend_G","Defend_G","Defend_G","Defend_G","Defend_G","Strike_G","Strike_G","Strike_G","Strike_G","Strike_G","Survivor","Neutralize","Dagger Throw","Accuracy","Dodge and Roll+1","Cloak And Dagger+1","Dagger Throw","PiercingWail","Deflect","Cloak And Dagger","Burst","Dodge and Roll"],"relics":["Lizard Tail","Question Card","Bottled Lightning","Torii"],"potions_floor_usage":[11,11,16],"damage_taken":[{"damage":3,"enemies":"2 Louse","floor":1,"turns":3},{"damage":0,"enemies":"Cultist","floor":4,"turns":4},{"damage":0,"enemies":"Jaw Worm","floor":5,"turns":7},{"damage":0,"enemies":"Lots of Slimes","floor":8,"turns":6},{"damage":1,"enemies":"Blue Slaver","floor":10,"turns":5},{"damage":10,"enemies":"Gremlin Nob","floor":11,"turns":5},{"damage":3,"enemies":"Exordium Thugs","floor":12,"turns":8},{"damage":0,"enemies":"Gremlin Gang","floor":14,"turns":7},{"damage":74,"enemies":"Hexaghost","floor":16,"turns":23}],"seed_played":"-9142084388429363721","potions_obtained":[{"floor":4,"key":"FearPotion"},{"floor":10,"key":"EssenceOfSteel"},{"floor":12,"key":"Swift Potion"}],"is_trial":false,"path_per_floor":["M","?","$","M","M","R","T","M","T","M","E","M","$","M","R","B"],"character_chosen":"THE_SILENT","items_purchased":["Dodge and Roll","Cloak And Dagger","Fire Potion"],"campfire_rested":0,"item_purchase_floors":[3,3,13],"current_hp_per_floor":[67,67,67,67,67,67,67,67,67,66,56,53,53,53,53,24],"gold":19,"neow_bonus":"BOSS_RELIC","is_prod":false,"is_daily":false,"chose_seed":false,"campfire_upgraded":2,"win_rate":0.0,"timestamp":1545859595,"path_taken":["M","?","?","M","M","R","?","M","T","M","E","?","$","M","R","BOSS"],"build_version":"2018-12-20","purchased_purges":1,"victory":false,"max_hp_per_floor":[70,70,70,70,70,70,70,70,70,70,70,70,70,70,70,70],"card_choices":[{"not_picked":["Bane","Quick Slash"],"picked":"Dagger Throw","floor":1},{"not_picked":["Flying Knee","Well Laid Plans"],"picked":"Dagger Throw","floor":4},{"not_picked":["Quick Slash","Catalyst"],"picked":"PiercingWail","floor":5},{"not_picked":["Bane","Deadly Poison","Sucker Punch"],"picked":"Deflect","floor":8},{"not_picked":["Sucker Punch","Unload","Backflip"],"picked":"Cloak And Dagger","floor":10},{"not_picked":["Poisoned Stab","Backflip","Dagger Spray"],"picked":"Eviscerate","floor":11},{"not_picked":["PiercingWail","Escape Plan","Catalyst"],"picked":"Burst","floor":12},{"not_picked":["Deadly Poison","Underhanded Strike","Dagger Throw"],"picked":"Dodge and Roll","floor":14}],"player_experience":50124,"relics_obtained":[{"floor":7,"key":"Question Card"},{"floor":9,"key":"Bottled Lightning"},{"floor":11,"key":"Torii"}],"event_choices":[{"damage_healed":0,"gold_gain":0,"player_choice":"1 cards matched","damage_taken":0,"max_hp_gain":0,"max_hp_loss":0,"event_name":"Match and Keep!","floor":2,"gold_loss":0,"cards_obtained":["Accuracy"]}],"is_beta":false,"boss_relics":[],"items_purged_floors":[13],"is_endless":false,"potions_floor_spawned":[4,10,12],"killed_by":"Hexaghost","ascension_level":0}