{"gold_per_floor":[169,234,10,10,10,10,125,190,190,255,255,33,33,10,10,335,335,400,445,138,183,12,77,167,232,257,322,367,17,82,147,147,447,447,492,537,262,262,340,430,430,134,134,244,289,334,334,379,379,379],"floor_reached":51,"playtime":5564,"items_purged":[],"score":981,"play_id":"424f2317-69d3-4cbe-8a64-719b1e868413","local_time":"20190101184619","daily_mods":["Allstar","Hoarder","Midas"],"is_ascension_mode":false,"campfire_choices":[{"floor":6,"key":"REST"},{"floor":13,"key":"REST"},{"floor":15,"key":"REST"},{"floor":32,"key":"REST"}],"neow_cost":"","seed_source_timestamp":268888578938500,"circlet_count":0,"master_deck":["Strike_R","Strike_R","Strike_R","Strike_R","Strike_R","Defend_R","Defend_R","Defend_R","Bash","Bandage Up","Bandage Up","Bandage Up","HandOfGreed","HandOfGreed","HandOfGreed","Chrysalis","Chrysalis","Chrysalis","Finesse","Finesse","Finesse","Cleave","Cleave","Cleave","Havoc","Havoc","Havoc","True Grit","True Grit","True Grit","Second Wind","Second Wind","Second Wind","Master of Strategy","Master of Strategy","Master of Strategy","Flex","Flex","Flex","Shrug It Off","Shrug It Off","Shrug It Off","Reaper","Reaper","Reaper","Violence+1","Violence+1","Violence+1","Violence+1","Violence+1","Violence+1","Panache+1","Panache+1","Panache+1","Finesse","Finesse","Finesse","Flame Barrier","Flame Barrier","Flame Barrier","Dramatic Entrance","Dramatic Entrance","Dramatic Entrance","Body Slam+1","Body Slam+1","Body Slam+1","Rage","Rage","Rage","Feed+1","Feed+1","Feed+1","Impervious","Impervious","Impervious","Armaments+1","Armaments+1","Armaments+1","Deep Breath","Deep Breath","Spot Weakness+1","Spot Weakness+1","Spot Weakness+1","Dramatic Entrance+1","Dramatic Entrance+1","Dramatic Entrance+1"],"special_seed":17897,"relics":["Burning Blood","Membership Card","Happy Flower","Kunai","Dodecahedron","Juzu Bracelet","Blood Vial","Astrolabe","Tiny Chest","Lantern","OrangePellets","Molten Egg 2","Paper Frog","Red Skull","MealTicket","Bottled Flame","Ornamental Fan","Coffee Dripper","Centennial Puzzle","Toy Ornithopter","Omamori","Unceasing Top","Ancient Tea Set","Frozen Egg 2","Bottled Lightning","The Courier","Shuriken"],"potions_floor_usage":[18,19,24,24,25,31,40,40,50],"damage_taken":[{"damage":11,"enemies":"Small Slimes","floor":1,"turns":6},{"damage":1,"enemies":"2 Louse","floor":2,"turns":2},{"damage":21,"enemies":"3 Sentries","floor":7,"turns":7},{"damage":7,"enemies":"Jaw Worm","floor":8,"turns":5},{"damage":0,"enemies":"Blue Slaver","floor":10,"turns":4},{"damage":11,"enemies":"Slime Boss","floor":16,"turns":5},{"damage":8,"enemies":"2 Thieves","floor":18,"turns":4},{"damage":6,"enemies":"3 Byrds","floor":19,"turns":4},{"damage":14,"enemies":"Snecko","floor":21,"turns":6},{"damage":25,"enemies":"Snake Plant","floor":23,"turns":4},{"damage":24,"enemies":"Gremlin Leader","floor":24,"turns":6},{"damage":14,"enemies":"Centurion and Healer","floor":25,"turns":5},{"damage":0,"enemies":"3 Cultists","floor":27,"turns":2},{"damage":28,"enemies":"Snecko","floor":28,"turns":6},{"damage":0,"enemies":"Snake Plant","floor":30,"turns":2},{"damage":16,"enemies":"Centurion and Healer","floor":31,"turns":5},{"damage":62,"enemies":"Collector","floor":33,"turns":10},{"damage":0,"enemies":"3 Darklings","floor":35,"turns":4},{"damage":0,"enemies":"3 Shapes","floor":36,"turns":2},{"damage":0,"enemies":"2 Orb Walkers","floor":39,"turns":4},{"damage":20,"enemies":"Nemesis","floor":40,"turns":5},{"damage":0,"enemies":"Giant Head","floor":44,"turns":5},{"damage":0,"enemies":"Jaw Worm Horde","floor":45,"turns":1},{"damage":0,"enemies":"Transient","floor":46,"turns":5},{"damage":0,"enemies":"3 Darklings","floor":48,"turns":1},{"damage":0,"enemies":"Donu and Deca","floor":50,"turns":6}],"seed_played":"2052676809091822558","potions_obtained":[{"floor":2,"key":"SpeedPotion"},{"floor":7,"key":"BloodPotion"},{"floor":8,"key":"FearPotion"},{"floor":18,"key":"Weak Potion"},{"floor":23,"key":"Swift Potion"},{"floor":24,"key":"Poison Potion"},{"floor":30,"key":"SmokeBomb"},{"floor":35,"key":"EssenceOfSteel"},{"floor":39,"key":"FearPotion"},{"floor":44,"key":"FearPotion"},{"floor":48,"key":"Energy Potion"}],"is_trial":false,"path_per_floor":["M","M","$","?","?","R","E","M","T","M","T","$","R","$","R","B",null,"M","M","$","M","$","M","E","M","T","M","M","$","M","M","R","B",null,"M","M","$","?","?","E","R","$","T","E","M","M","?","M","R","B",null],"character_chosen":"IRONCLAD","items_purchased":["True Grit","Membership Card","Blood Vial","Master of Strategy","Flex","Block Potion","Shrug It Off","Tiny Chest","Lantern","OrangePellets","Finesse","Flame Barrier","Dramatic Entrance","Molten Egg 2","MealTicket","Bottled Flame","Ornamental Fan","Centennial Puzzle","Toy Ornithopter","Omamori","PowerPotion","Frozen Egg 2","Bottled Lightning","Dramatic Entrance+1"],"campfire_rested":4,"item_purchase_floors":[3,3,12,12,12,12,14,20,20,20,20,20,22,22,29,29,29,37,37,37,37,42,42,42],"current_hp_per_floor":[80,80,80,73,66,80,80,80,80,80,80,80,80,80,80,75,80,80,80,80,76,76,59,51,45,45,77,57,57,69,80,80,56,80,84,84,84,84,84,74,74,84,84,84,84,84,84,84,84,84],"gold":379,"neow_bonus":"","is_prod":false,"is_daily":true,"chose_seed":false,"campfire_upgraded":0,"win_rate":0,"timestamp":1546364779,"path_taken":["M","M","$","?","?","R","E","M","T","M","?","$","R","?","R","BOSS","M","M","$","M","$","M","E","M","T","M","M","$","M","M","R","BOSS","M","M","$","?","?","E","R","$","T","E","M","M","?","M","R","BOSS"],"build_version":"2018-12-20","purchased_purges":0,"victory":true,"max_hp_per_floor":[80,80,80,80,80,80,80,80,80,80,80,80,80,80,80,80,80,80,80,80,80,80,80,80,80,80,80,80,80,80,80,80,80,80,84,84,84,84,84,84,84,84,84,84,84,84,84,84,84,84],"card_choices":[{"not_picked":["Battle Trance","Warcry"],"picked":"Cleave","floor":1},{"not_picked":["Bloodletting","Warcry"],"picked":"Havoc","floor":2},{"not_picked":["Clash","Impervious"],"picked":"Second Wind","floor":7},{"not_picked":["Twin Strike","Body Slam","Anger"],"picked":"SKIP","floor":8},{"not_picked":["Dropkick","Brutality","Clothesline"],"picked":"SKIP","floor":10},{"not_picked":["Juggernaut","Feed"],"picked":"Reaper","floor":16},{"not_picked":["Shrug It Off+1","Sever Soul","Clash+1"],"picked":"SKIP","floor":18},{"not_picked":["Seeing Red","Combust+1","Feel No Pain"],"picked":"SKIP","floor":19},{"not_picked":["Searing Blow+1","Headbutt+1","Feel No Pain"],"picked":"SKIP","floor":21},{"not_picked":["Pommel Strike+1","Cleave+1","True Grit"],"picked":"SKIP","floor":23},{"not_picked":["Sever Soul+1","Cleave+1","Iron Wave+1"],"picked":"SKIP","floor":24},{"not_picked":["Cleave+1","Pummel+1"],"picked":"Body Slam+1","floor":25},{"not_picked":["Headbutt+1","Body Slam+1"],"picked":"Rage","floor":27},{"not_picked":["Clothesline+1","Metallicize"],"picked":"Feed+1","floor":28},{"not_picked":["Flex","Evolve","Metallicize"],"picked":"SKIP","floor":30},{"not_picked":["Dual Wield","Armaments","Bloodletting"],"picked":"SKIP","floor":31},{"not_picked":["Immolate+1","Limit Break"],"picked":"Impervious","floor":33},{"not_picked":["Shrug It Off","Clothesline+1","Searing Blow+1"],"picked":"SKIP","floor":35},{"not_picked":["Wild Strike+1","Fire Breathing+1"],"picked":"Armaments+1","floor":36},{"not_picked":["Jack Of All Trades","Mayhem"],"picked":"Deep Breath","floor":38},{"not_picked":["Perfected Strike+1","Flex+1"],"picked":"Spot Weakness+1","floor":39},{"not_picked":["Uppercut+1","Flex","Armaments+1"],"picked":"SKIP","floor":40},{"not_picked":["Havoc+1","Heavy Blade+1","Armaments"],"picked":"SKIP","floor":44},{"not_picked":["Searing Blow+1","Perfected Strike+1","Shrug It Off"],"picked":"SKIP","floor":45},{"not_picked":["Disarm","Twin Strike+1","Clash+1"],"picked":"SKIP","floor":46},{"not_picked":["Uppercut+1","Evolve+1","Shrug It Off+1"],"picked":"SKIP","floor":48}],"player_experience":110869,"relics_obtained":[{"floor":7,"key":"Kunai"},{"floor":9,"key":"Dodecahedron"},{"floor":11,"key":"Juzu Bracelet"},{"floor":24,"key":"Paper Frog"},{"floor":26,"key":"Red Skull"},{"floor":39,"key":"Unceasing Top"},{"floor":40,"key":"Ancient Tea Set"},{"floor":43,"key":"The Courier"},{"floor":44,"key":"Shuriken"}],"event_choices":[{"damage_healed":0,"gold_gain":0,"player_choice":"Success","damage_taken":7,"relics_obtained":["Happy Flower"],"max_hp_gain":0,"max_hp_loss":0,"event_name":"Scrap Ooze","floor":4,"gold_loss":0},{"cards_removed":["Defend_R"],"damage_healed":0,"gold_gain":0,"player_choice":"Card Removal","damage_taken":7,"max_hp_gain":0,"max_hp_loss":0,"event_name":"Golden Wing","floor":5,"gold_loss":0},{"damage_healed":0,"gold_gain":0,"player_choice":"Memory 1","damage_taken":0,"max_hp_gain":0,"max_hp_loss":0,"event_name":"SensoryStone","floor":38,"gold_loss":0},{"damage_healed":0,"gold_gain":0,"player_choice":"Fight","damage_taken":0,"max_hp_gain":0,"max_hp_loss":0,"event_name":"Mysterious Sphere","floor":39,"gold_loss":0},{"cards_removed":["Deep Breath"],"damage_healed":0,"gold_gain":0,"player_choice":"Removed Skill","damage_taken":0,"max_hp_gain":0,"max_hp_loss":0,"event_name":"Falling","floor":47,"gold_loss":0}],"is_beta":false,"boss_relics":[{"not_picked":["Tiny House","Sozu"],"picked":"Astrolabe"},{"not_picked":["Runic Pyramid","Empty Cage"],"picked":"Coffee Dripper"}],"items_purged_floors":[],"is_endless":false,"potions_floor_spawned":[2,7,8,18,23,24,30,35,39,44,48],"ascension_level":0}