{"gold_per_floor":[113,123,8,26,26,52,52,64,64,64,97,97,132,144,144,218,218,238,250,262,262,187,187,213,213,267,299,309,309,309,338,338,415,415,432,1431,1785,1785,1802,1802,1820,1854,1854,1278,1278,661,883,883],"floor_reached":48,"playtime":1394,"items_purged":["Strike_B","Normality","Normality"],"score":950,"play_id":"9dbc40bf-657e-4360-bcc5-331d5de71eb5","local_time":"20190810221837","is_ascension_mode":true,"campfire_choices":[{"data":"Static Discharge","floor":7.0,"key":"SMITH"},{"floor":10.0,"key":"REST"},{"floor":12.0,"key":"REST"},{"data":"Loop","floor":15.0,"key":"SMITH"},{"floor":23.0,"key":"REST"},{"floor":25.0,"key":"REST"},{"floor":29.0,"key":"REST"},{"floor":32.0,"key":"REST"},{"floor":40,"key":"RECALL"}],"neow_cost":"NONE","seed_source_timestamp":2693096563505839,"circlet_count":0,"master_deck":["AscendersBane","Zap","Dualcast","Ball Lightning","Sweeping Beam","Loop+1","Auto Shields+1","Static Discharge+1","Echo Form","Doom and Gloom","Defragment+1","Cold Snap","Electrodynamics+1","Coolheaded+1","Leap","BootSequence","Injury","Capacitor+1","Chill","Core Surge","Double Energy","Barrage","Capacitor+1","Aggregate","Darkness","Creative AI+1","Parasite","Recycle","Undo","Heatsinks+1","Coolheaded","Thinking Ahead"],"special_seed":0,"relics":["Cracked Core","NeowsBlessing","Bag of Marbles","Mango","Question Card","Frozen Egg 2","War Paint","Cursed Key","Oddly Smooth Stone","Smiling Mask","Red Mask","Pandora\u0027s Box","Old Coin","Anchor","Pear","Toolbox","Lantern","Omamori"],"potions_floor_usage":[41,48],"damage_taken":[{"damage":0.0,"enemies":"Small Slimes","floor":1.0,"turns":1.0},{"damage":0.0,"enemies":"Jaw Worm","floor":2.0,"turns":1.0},{"damage":0.0,"enemies":"2 Louse","floor":4.0,"turns":1.0},{"damage":22.0,"enemies":"Gremlin Nob","floor":6.0,"turns":4.0},{"damage":10.0,"enemies":"Large Slime","floor":8.0,"turns":5.0},{"damage":30.0,"enemies":"Lagavulin","floor":11.0,"turns":6.0},{"damage":20.0,"enemies":"3 Sentries","floor":13.0,"turns":5.0},{"damage":12.0,"enemies":"Looter","floor":14.0,"turns":2.0},{"damage":4.0,"enemies":"Hexaghost","floor":16.0,"turns":9.0},{"damage":10.0,"enemies":"Spheric Guardian","floor":18.0,"turns":4.0},{"damage":5.0,"enemies":"3 Byrds","floor":19.0,"turns":3.0},{"damage":9.0,"enemies":"Centurion and Healer","floor":20.0,"turns":5.0},{"damage":15.0,"enemies":"Slavers","floor":24.0,"turns":3.0},{"damage":22.0,"enemies":"Book of Stabbing","floor":27.0,"turns":5.0},{"damage":3.0,"enemies":"Snecko","floor":28.0,"turns":5.0},{"damage":27.0,"enemies":"Masked Bandits","floor":31.0,"turns":2.0},{"damage":23,"enemies":"Champ","floor":33,"turns":15},{"damage":2,"enemies":"3 Darklings","floor":35,"turns":3},{"damage":51,"enemies":"2 Orb Walkers","floor":37,"turns":4},{"damage":12,"enemies":"Orb Walker","floor":39,"turns":4},{"damage":7,"enemies":"Writhing Mass","floor":41,"turns":7},{"damage":45,"enemies":"Giant Head","floor":42,"turns":9},{"damage":20,"enemies":"Transient","floor":48,"turns":2}],"seed_played":"-1261260558613230965","potions_obtained":[{"floor":2.0,"key":"Strength Potion"},{"floor":14.0,"key":"Poison Potion"},{"floor":16.0,"key":"SteroidPotion"},{"floor":18.0,"key":"Weak Potion"},{"floor":24.0,"key":"SkillPotion"},{"floor":27.0,"key":"Ancient Potion"},{"floor":31.0,"key":"LiquidBronze"},{"floor":37,"key":"Swift Potion"}],"is_trial":false,"path_per_floor":["M","M","$","M","?","E","R","M","T","R","E","R","E","M","R","B",null,"M","M","M","?","?","R","E","R","T","E","M","R","?","?","R","B",null,"M","?","?","?","M","R","M","E","T","$","?","$","?","M"],"character_chosen":"DEFECT","items_purchased":["Loop","Heatsinks+1","Pear","Toolbox","Coolheaded","Lantern","FocusPotion","Omamori","Thinking Ahead"],"campfire_rested":6,"item_purchase_floors":[3,44,44,44,46,46,46,46,46],"current_hp_per_floor":[64,64,64,64,46,38,38,28,28,53,23,48,28,16,16,12,67,57,52,43,18,18,45,30,57,57,35,32,59,59,32,59,36,77,75,75,24,74,62,62,55,10,10,20,20,20,20,0],"gold":883,"neow_bonus":"THREE_ENEMY_KILL","is_prod":false,"is_daily":false,"chose_seed":false,"campfire_upgraded":2,"win_rate":0,"timestamp":1565489917,"path_taken":["M","M","$","M","?","E","R","M","T","R","E","R","E","M","R","BOSS","M","M","M","?","?","R","E","R","T","E","M","R","?","?","R","BOSS","M","?","?","?","M","R","M","E","T","$","?","$","?","?"],"build_version":"2019-07-17","purchased_purges":3,"victory":false,"max_hp_per_floor":[71,71,71,71,71,85,85,85,85,85,85,85,85,85,85,85,85,85,85,85,90,90,90,90,90,90,90,90,90,90,90,90,90,90,90,90,90,74,74,74,74,74,74,84,80,80,80,80],"card_choices":[{"not_picked":["Beam Cell","Sweeping Beam"],"picked":"Ball Lightning","floor":1.0},{"not_picked":["Darkness","Reprogram"],"picked":"Sweeping Beam","floor":2.0},{"not_picked":["Cold Snap","Recycle"],"picked":"Auto Shields","floor":4.0},{"not_picked":["Turbo","Melter"],"picked":"Static Discharge","floor":6.0},{"not_picked":["Recycle","Stack"],"picked":"Echo Form","floor":8.0},{"not_picked":["Undo","Turbo","Sweeping Beam"],"picked":"Doom and Gloom","floor":11.0},{"not_picked":["Hello World+1","Redo","Leap"],"picked":"Defragment+1","floor":13.0},{"not_picked":["FTL","Rebound","Compile Driver"],"picked":"Cold Snap","floor":14.0},{"not_picked":["Multi-Cast","Reboot","Fission"],"picked":"Electrodynamics+1","floor":16.0},{"not_picked":["Leap","Cold Snap","BootSequence"],"picked":"Coolheaded+1","floor":18.0},{"not_picked":["Conserve Battery","Stack","Ball Lightning+1"],"picked":"Leap","floor":19.0},{"not_picked":["Go for the Eyes","Recycle","Leap","Gash"],"picked":"SKIP","floor":20.0},{"not_picked":["FTL","Hello World+1","Cold Snap"],"picked":"BootSequence","floor":24.0},{"not_picked":["Reprogram","Gash","Multi-Cast","Hologram"],"picked":"SKIP","floor":27.0},{"not_picked":["Streamline","Hologram","Skim","Tempest"],"picked":"SKIP","floor":28.0},{"not_picked":["Barrage","Cold Snap","Ball Lightning"],"picked":"Chill","floor":31.0},{"not_picked":["Amplify","Hyperbeam","Electrodynamics+1"],"picked":"Core Surge","floor":33},{"not_picked":["Rebound+1","Ball Lightning+1","Reprogram","Turbo"],"picked":"SKIP","floor":35},{"not_picked":["Streamline","Chaos+1","Ball Lightning","Aggregate"],"picked":"SKIP","floor":39},{"not_picked":["Gash","Barrage+1","Sweeping Beam+1"],"picked":"Recycle","floor":41},{"not_picked":["Stack","Streamline","Sunder+1"],"picked":"Undo","floor":42}],"player_experience":2662975,"relics_obtained":[{"floor":6.0,"key":"Mango"},{"floor":9.0,"key":"Question Card"},{"floor":11.0,"key":"Frozen Egg 2"},{"floor":13.0,"key":"War Paint"},{"floor":24.0,"key":"Oddly Smooth Stone"},{"floor":27.0,"key":"Smiling Mask"},{"floor":31.0,"key":"Red Mask"},{"floor":37,"key":"Old Coin"},{"floor":42,"key":"Anchor"}],"event_choices":[{"damage_healed":0.0,"max_hp_gain":0.0,"max_hp_loss":0.0,"gold_gain":0.0,"event_name":"Scrap Ooze","player_choice":"Success","floor":5.0,"gold_loss":0.0,"damage_taken":18.0,"relics_obtained":["Bag of Marbles"]},{"damage_healed":0.0,"max_hp_gain":5.0,"max_hp_loss":0.0,"gold_gain":0.0,"event_name":"Forgotten Altar","player_choice":"Shed Blood","floor":21.0,"gold_loss":0.0,"damage_taken":30.0},{"cards_removed":["Strike_B"],"damage_healed":0.0,"max_hp_gain":0.0,"max_hp_loss":0.0,"gold_gain":0.0,"event_name":"Beggar","player_choice":"Gave Gold","floor":22.0,"gold_loss":75.0,"damage_taken":0.0},{"damage_healed":0.0,"max_hp_gain":0.0,"max_hp_loss":0.0,"gold_gain":0.0,"event_name":"The Library","player_choice":"Read","floor":30.0,"gold_loss":0.0,"damage_taken":0.0,"cards_obtained":["Capacitor"]},{"damage_healed":0.0,"max_hp_gain":0.0,"max_hp_loss":0.0,"gold_gain":0.0,"event_name":"Masked Bandits","player_choice":"Fought Bandits","floor":31.0,"gold_loss":0.0,"damage_taken":0.0},{"damage_healed":0,"gold_gain":999,"player_choice":"Gold","damage_taken":0,"max_hp_gain":0,"max_hp_loss":0,"event_name":"MindBloom","floor":36,"gold_loss":0,"cards_obtained":["Normality","Normality"]},{"damage_healed":0,"gold_gain":0,"player_choice":"Fight","damage_taken":0,"max_hp_gain":0,"max_hp_loss":0,"event_name":"Mysterious Sphere","floor":37,"gold_loss":0},{"damage_healed":74,"gold_gain":0,"player_choice":"Heal","damage_taken":0,"max_hp_gain":0,"max_hp_loss":16,"event_name":"The Moai Head","floor":38,"gold_loss":0},{"damage_healed":0,"gold_gain":0,"player_choice":"Max HP","damage_taken":0,"max_hp_gain":0,"max_hp_loss":4,"event_name":"Winding Halls","floor":45,"gold_loss":0},{"damage_healed":0,"gold_gain":222,"player_choice":"Wore Mask","damage_taken":0,"max_hp_gain":0,"max_hp_loss":0,"event_name":"Tomb of Lord Red Mask","floor":47,"gold_loss":0}],"is_beta":false,"boss_relics":[{"not_picked":["White Beast Statue","Inserter"],"picked":"Cursed Key"},{"not_picked":["Philosopher\u0027s Stone","Calling Bell"],"picked":"Pandora\u0027s Box"}],"items_purged_floors":[3,44,46],"is_endless":false,"potions_floor_spawned":[2,14,16,18,24,27,31,37,39],"killed_by":"Transient","ascension_level":15}