{"gold_per_floor":[116,132,132,144,144,144,169,169,169,169,186,213,213,66,66,162,162,177,19,19,38,38,48,48,48],"floor_reached":25,"playtime":838,"items_purged":["Strike_R"],"score":366,"play_id":"c8dbf80d-71ce-4960-bc3b-73ed5ba05454","local_time":"20190620214830","is_ascension_mode":true,"campfire_choices":[{"data":"Bash","floor":6,"key":"SMITH"},{"data":"Uppercut","floor":8,"key":"SMITH"},{"data":"Metallicize","floor":10,"key":"SMITH"},{"data":"Combust","floor":15,"key":"SMITH"}],"neow_cost":"NONE","seed_source_timestamp":611335268108238,"circlet_count":0,"master_deck":["AscendersBane","Strike_R","Strike_R","Defend_R","Defend_R","Defend_R","Defend_R","Bash+1","Twin Strike","Metallicize+1","Cleave","Uppercut+1","Ghostly Armor","Combust+1","Feed","Inflame","Shrug It Off","Uppercut+1"],"relics":["Burning Blood","Charon\u0027s Ashes","Bronze Scales","Bloody Idol","Black Star"],"potions_floor_usage":[7,16,18,21,22,23,25],"damage_taken":[{"damage":10,"enemies":"Jaw Worm","floor":1,"turns":5},{"damage":6,"enemies":"Cultist","floor":2,"turns":3},{"damage":0,"enemies":"Small Slimes","floor":4,"turns":3},{"damage":26,"enemies":"Gremlin Nob","floor":7,"turns":4},{"damage":4,"enemies":"Blue Slaver","floor":11,"turns":4},{"damage":16,"enemies":"3 Sentries","floor":12,"turns":6},{"damage":27,"enemies":"Slime Boss","floor":16,"turns":9},{"damage":43,"enemies":"2 Thieves","floor":18,"turns":5},{"damage":9,"enemies":"Spheric Guardian","floor":21,"turns":4},{"damage":23,"enemies":"Colosseum Slavers","floor":22,"turns":4},{"damage":27,"enemies":"Snake Plant","floor":23,"turns":6},{"damage":32,"enemies":"Cultist and Chosen","floor":25,"turns":4}],"seed_played":"5520502294337013839","potions_obtained":[{"floor":1,"key":"Poison Potion"},{"floor":2,"key":"SpeedPotion"},{"floor":11,"key":"Block Potion"},{"floor":12,"key":"Fruit Juice"},{"floor":18,"key":"EssenceOfSteel"},{"floor":21,"key":"Weak Potion"},{"floor":23,"key":"Dexterity Potion"}],"is_trial":false,"path_per_floor":["M","M","?","M","?","R","E","R","T","R","M","E","?","$","R","B",null,"M","$","?","M","?","M","?","M"],"character_chosen":"IRONCLAD","items_purchased":["Combust","Inflame","Shrug It Off","Regen Potion"],"campfire_rested":0,"item_purchase_floors":[14,19,19,19],"current_hp_per_floor":[71,71,71,77,70,70,50,50,50,50,52,42,42,42,42,21,61,32,32,32,46,29,16,16,0],"gold":48,"neow_bonus":"TEN_PERCENT_HP_BONUS","is_prod":false,"is_daily":false,"chose_seed":false,"campfire_upgraded":4,"win_rate":0,"timestamp":1561081710,"path_taken":["M","M","?","?","?","R","E","R","T","R","M","E","?","?","R","BOSS","M","$","?","M","?","M","?","M"],"build_version":"2019-06-19","purchased_purges":1,"victory":false,"max_hp_per_floor":[82,82,82,82,82,82,82,82,82,82,82,82,74,74,74,74,74,82,82,82,82,82,85,85,85],"card_choices":[{"not_picked":["Bloodletting","Dropkick","Dual Wield"],"picked":"SKIP","floor":1},{"not_picked":["Bloodletting","Intimidate"],"picked":"Twin Strike","floor":2},{"not_picked":["Searing Blow","Evolve"],"picked":"Cleave","floor":4},{"not_picked":["Fire Breathing","Shrug It Off"],"picked":"Uppercut","floor":7},{"not_picked":["Pommel Strike","Twin Strike"],"picked":"Ghostly Armor","floor":11},{"not_picked":["Searing Blow","Exhume","Warcry"],"picked":"SKIP","floor":12},{"not_picked":["Impervious","Brutality"],"picked":"Feed","floor":16},{"not_picked":["Twin Strike","Flex","Sentinel"],"picked":"SKIP","floor":18},{"not_picked":["Shrug It Off","Sword Boomerang"],"picked":"Uppercut+1","floor":21},{"not_picked":["Sword Boomerang","Iron Wave","Pommel Strike"],"picked":"SKIP","floor":23}],"player_experience":2550804,"relics_obtained":[{"floor":7,"key":"Charon\u0027s Ashes"},{"floor":12,"key":"Bronze Scales"}],"event_choices":[{"damage_healed":0,"gold_gain":0,"cards_transformed":["Strike_R"],"player_choice":"Transformed","damage_taken":0,"max_hp_gain":0,"max_hp_loss":0,"event_name":"Transmorgrifier","floor":3,"gold_loss":0,"cards_obtained":["Metallicize"]},{"cards_removed":["Strike_R"],"damage_healed":0,"gold_gain":0,"player_choice":"Card Removal","damage_taken":7,"max_hp_gain":0,"max_hp_loss":0,"event_name":"Golden Wing","floor":5,"gold_loss":0},{"damage_healed":0,"gold_gain":0,"player_choice":"Lose Max HP","damage_taken":0,"relics_obtained":["Golden Idol"],"max_hp_gain":0,"max_hp_loss":8,"event_name":"Golden Idol","floor":13,"gold_loss":0},{"damage_healed":0,"gold_gain":0,"player_choice":"Gave Idol","damage_taken":0,"relics_obtained":["Bloody Idol"],"max_hp_gain":0,"max_hp_loss":0,"event_name":"Forgotten Altar","floor":20,"relics_lost":["Golden Idol"],"gold_loss":0},{"damage_healed":0,"gold_gain":0,"player_choice":"Fight","damage_taken":0,"max_hp_gain":0,"max_hp_loss":0,"event_name":"Colosseum","floor":22,"gold_loss":0},{"damage_healed":0,"gold_gain":0,"player_choice":"Fled From Nobs","damage_taken":0,"max_hp_gain":0,"max_hp_loss":0,"event_name":"Colosseum","floor":22,"gold_loss":0},{"damage_healed":0,"gold_gain":0,"player_choice":"Ignored","damage_taken":0,"max_hp_gain":0,"max_hp_loss":0,"event_name":"Cursed Tome","floor":24,"gold_loss":0}],"is_beta":true,"boss_relics":[{"not_picked":["Runic Dome","White Beast Statue"],"picked":"Black Star"}],"items_purged_floors":[14],"is_endless":false,"potions_floor_spawned":[1,2,11,12,18,21,23],"killed_by":"Cultist and Chosen","ascension_level":15}