{"gold_per_floor":[209,223,148,148,193,193,224,241,321,321,73,90,124,141,141,213,213,232,262],"floor_reached":19,"playtime":2767,"items_purged":["Strike_R","Strike_R","Strike_R"],"score":335,"play_id":"d67c509a-8ab2-4419-8d34-5ab9615a9b69","local_time":"20190718193303","is_ascension_mode":true,"campfire_choices":[{"data":"Combust","floor":6,"key":"SMITH"},{"data":"Spot Weakness","floor":10,"key":"SMITH"},{"floor":15,"key":"REST"}],"neow_cost":"NONE","seed_source_timestamp":694447857098902,"circlet_count":0,"master_deck":["AscendersBane","Strike_R+1","Strike_R","Defend_R+1","Defend_R","Defend_R","Defend_R","Bash","Combust+1","Twin Strike","Spot Weakness+1","Headbutt","Headbutt","Offering","Inflame","Reaper","Flame Barrier+1"],"relics":["Burning Blood","Ancient Tea Set","Boot","Lantern","Meat on the Bone","Velvet Choker","hubris:FruitBowl","hubris:EvacipatedBox","Mango","Tiny Chest","Ornamental Fan"],"potions_floor_usage":[7],"damage_taken":[{"damage":1,"enemies":"Cultist","floor":1,"turns":4},{"damage":8,"enemies":"2 Louse","floor":2,"turns":3},{"damage":21,"enemies":"Gremlin Nob","floor":7,"turns":4},{"damage":2,"enemies":"Jaw Worm","floor":8,"turns":3},{"damage":2,"enemies":"Red Slaver","floor":12,"turns":2},{"damage":35,"enemies":"Lagavulin","floor":13,"turns":5},{"damage":6,"enemies":"Gremlin Gang","floor":14,"turns":4},{"damage":25,"enemies":"The Guardian","floor":16,"turns":9},{"damage":10,"enemies":"3 Byrds","floor":18,"turns":3}],"seed_played":"-4984175462459306301","potions_obtained":[{"floor":1,"key":"Weak Potion"},{"floor":7,"key":"FearPotion"},{"floor":12,"key":"GamblersBrew"}],"is_trial":false,"path_per_floor":["M","M","$","?","T","R","E","M","T","R","$","M","E","M","R","B",null,"M","$"],"character_chosen":"IRONCLAD","items_purchased":["Lantern","hubris:FruitBowl","hubris:EvacipatedBox","Mango","Tiny Chest","Ornamental Fan"],"campfire_rested":1,"item_purchase_floors":[11,19,19,19,19,19],"current_hp_per_floor":[73,71,71,48,48,48,33,37,37,37,37,41,12,24,46,39,66,75,0],"gold":262,"neow_bonus":"HUNDRED_GOLD","is_prod":false,"is_daily":false,"chose_seed":false,"campfire_upgraded":2,"win_rate":0,"timestamp":1563492783,"path_taken":["M","?","$","?","?","R","E","M","T","R","$","M","E","M","R","BOSS","M","?"],"build_version":"2019-07-17","purchased_purges":3,"victory":false,"max_hp_per_floor":[75,75,75,75,75,75,75,75,75,75,75,75,75,75,75,75,75,75,96],"card_choices":[{"not_picked":["Armaments","Flex"],"picked":"Combust","floor":1},{"not_picked":["Bloodletting","Fire Breathing"],"picked":"Twin Strike","floor":2},{"not_picked":["Armaments","Pommel Strike"],"picked":"Spot Weakness","floor":7},{"not_picked":["Fire Breathing","Carnage"],"picked":"Headbutt","floor":8},{"not_picked":["Twin Strike","Thunderclap"],"picked":"Headbutt","floor":12},{"not_picked":["Dropkick","Evolve"],"picked":"Offering","floor":13},{"not_picked":["Shockwave","Clash"],"picked":"Inflame","floor":14},{"not_picked":["Berserk","Impervious"],"picked":"Reaper","floor":16},{"not_picked":["Dual Wield+1","Anger"],"picked":"Flame Barrier+1","floor":18}],"player_experience":2597345,"relics_obtained":[{"floor":5,"key":"Ancient Tea Set"},{"floor":7,"key":"Boot"},{"floor":13,"key":"Meat on the Bone"}],"event_choices":[{"damage_healed":0,"gold_gain":0,"player_choice":"Entered Light","damage_taken":23,"max_hp_gain":0,"max_hp_loss":0,"event_name":"Shining Light","floor":4,"gold_loss":0,"cards_upgraded":["Defend_R","Strike_R"]}],"is_beta":false,"boss_relics":[{"not_picked":["hubris:HollowSoul","Fusion Hammer"],"picked":"Velvet Choker"}],"items_purged_floors":[3,11,19],"is_endless":false,"potions_floor_spawned":[1,7,12,14],"ascension_level":15}