{"gold_per_floor":[110,127,127,147,167,167,167,201,225,7,7,7,7,35,35,133,133,153,153,171,171,171],"floor_reached":22,"playtime":2871,"items_purged":[],"score":192,"play_id":"da87ff09-cd73-44a0-930d-5f43d8c2acb1","local_time":"20190825132758","is_ascension_mode":false,"campfire_choices":[{"data":"Backflip","floor":6,"key":"SMITH"},{"floor":15,"key":"REST"}],"neow_cost":"NONE","seed_source_timestamp":349466631965500,"circlet_count":0,"master_deck":["Strike_G","Strike_G","Strike_G","Strike_G","Strike_G","Defend_G","Defend_G","Defend_G","Defend_G","Defend_G","Survivor","Neutralize","Footwork","Backflip+1","Burst","Well Laid Plans","Eviscerate","Night Terror","Bouncing Flask+1"],"relics":["Ring of the Snake","Bag of Preparation","Snake Skull","Happy Flower","Juzu Bracelet","Calipers","Fusion Hammer","Unceasing Top"],"potions_floor_usage":[8,14],"damage_taken":[{"damage":0,"enemies":"2 Louse","floor":1,"turns":3},{"damage":0,"enemies":"Cultist","floor":2,"turns":4},{"damage":0,"enemies":"Jaw Worm","floor":4,"turns":5},{"damage":2,"enemies":"Blue Slaver","floor":5,"turns":7},{"damage":38,"enemies":"Lagavulin","floor":8,"turns":9},{"damage":14,"enemies":"3 Sentries","floor":14,"turns":12},{"damage":36,"enemies":"The Guardian","floor":16,"turns":30},{"damage":4,"enemies":"3 Byrds","floor":18,"turns":9},{"damage":17,"enemies":"Spheric Guardian","floor":20,"turns":6},{"damage":10,"enemies":"Chosen and Byrds","floor":22,"turns":3}],"seed_played":"3066422843852061888","potions_obtained":[{"floor":0,"key":"PowerPotion"},{"floor":0,"key":"AttackPotion"},{"floor":0,"key":"FairyPotion"},{"floor":8,"key":"GamblersBrew"},{"floor":20,"key":"Energy Potion"}],"is_trial":false,"path_per_floor":["M","M","?","M","M","R","?","E","T","$","?","$","?","E","R","B",null,"M","?","M","?","M"],"character_chosen":"THE_SILENT","items_purchased":["Well Laid Plans","Juzu Bracelet"],"campfire_rested":1,"item_purchase_floors":[10,10],"current_hp_per_floor":[70,70,70,70,68,68,65,27,27,27,44,44,44,30,50,14,67,63,63,46,46,36],"gold":171,"neow_bonus":"THREE_SMALL_POTIONS","is_prod":false,"is_daily":false,"chose_seed":false,"campfire_upgraded":1,"win_rate":0.0,"timestamp":1566736078,"path_taken":["M","M","?","M","?","R","?","E","T","$","?","?","?","E","R","BOSS","M","?","M","?","M"],"build_version":"2019-07-17","purchased_purges":0,"victory":false,"max_hp_per_floor":[70,70,70,70,70,70,70,70,70,70,70,70,67,67,67,67,67,67,67,67,67,67],"card_choices":[{"not_picked":["Sucker Punch","Calculated Gamble"],"picked":"Footwork","floor":1},{"not_picked":["Sucker Punch","Underhanded Strike","Dagger Throw"],"picked":"SKIP","floor":2},{"not_picked":["Deflect","Underhanded Strike","Terror"],"picked":"SKIP","floor":4},{"not_picked":["Poisoned Stab","Flying Knee"],"picked":"Backflip","floor":5},{"not_picked":["Dodge and Roll","Terror"],"picked":"Burst","floor":8},{"not_picked":["Underhanded Strike","Dagger Spray"],"picked":"Eviscerate","floor":14},{"not_picked":["Tools of the Trade","Doppelganger"],"picked":"Night Terror","floor":16},{"not_picked":["Blade Dance","Quick Slash","Eviscerate+1"],"picked":"SKIP","floor":18},{"not_picked":["Footwork+1","Sucker Punch+1"],"picked":"Bouncing Flask+1","floor":20}],"player_experience":14075,"relics_obtained":[{"floor":8,"key":"Snake Skull"},{"floor":9,"key":"Happy Flower"},{"floor":14,"key":"Calipers"}],"event_choices":[{"cards_removed":["Strike_R"],"damage_healed":0,"gold_gain":0,"player_choice":"Took Card","damage_taken":0,"max_hp_gain":0,"max_hp_loss":0,"event_name":"NoteForYourself","floor":3,"gold_loss":0,"cards_obtained":["Strike_R"]},{"damage_healed":0,"gold_gain":0,"player_choice":"Success","damage_taken":3,"relics_obtained":["Bag of Preparation"],"max_hp_gain":0,"max_hp_loss":0,"event_name":"Scrap Ooze","floor":7,"gold_loss":0},{"damage_healed":17,"gold_gain":0,"player_choice":"Healed and dodged fight","damage_taken":0,"max_hp_gain":0,"max_hp_loss":0,"event_name":"Mushrooms","floor":11,"gold_loss":0,"cards_obtained":["Parasite"]},{"cards_removed":["Parasite"],"damage_healed":0,"gold_gain":0,"player_choice":"Removed Curses","damage_taken":0,"max_hp_gain":0,"max_hp_loss":0,"event_name":"Fountain of Cleansing","floor":13,"gold_loss":0},{"damage_healed":0,"gold_gain":0,"player_choice":"Opened","damage_taken":0,"relics_obtained":["Unceasing Top"],"max_hp_gain":0,"max_hp_loss":0,"event_name":"The Mausoleum","floor":19,"gold_loss":0},{"damage_healed":0,"gold_gain":0,"player_choice":"Ignored","damage_taken":0,"max_hp_gain":0,"max_hp_loss":0,"event_name":"Vampires","floor":21,"gold_loss":0}],"is_beta":false,"boss_relics":[{"not_picked":["Runic Dome","Empty Cage"],"picked":"Fusion Hammer"}],"items_purged_floors":[],"is_endless":false,"potions_floor_spawned":[1,5,8,20],"killed_by":"Chosen and Byrds","ascension_level":0}