{"gold_per_floor":[110,285,285,295,26,56,56,68,95,105,105,121,121,156,156,259,259,271,271,186,285,266,301,301,327,327,347,347,363,363,114,114,215,215,231,88,88,134,153,103,103,103,103,120,150,150,181,198,198,198,198,198,2,27,27],"floor_reached":55,"playtime":5384,"items_purged":["Doubt","Strike_R","Wild Strike","Flex"],"score":858,"play_id":"90ff9086-47f0-4f16-8a4d-5094e177e1df","local_time":"20190822170356","is_ascension_mode":true,"campfire_choices":[{"data":"Apotheosis","floor":7,"key":"SMITH"},{"floor":13,"key":"REST"},{"data":"Body Slam","floor":15,"key":"SMITH"},{"data":"Barricade","floor":24,"key":"SMITH"},{"floor":28,"key":"REST"},{"floor":32,"key":"RECALL"},{"data":"Flame Barrier","floor":41,"key":"SMITH"},{"floor":46,"key":"REST"},{"data":"Enlightenment","floor":49,"key":"SMITH"},{"data":"Seeing Red","floor":52,"key":"SMITH"}],"neow_cost":"NONE","seed_source_timestamp":616474816460900,"circlet_count":0,"master_deck":["Bash","Uppercut","Metallicize","Apotheosis+1","Body Slam+1","Thunderclap+1","Burning Pact","Feed","Dual Wield","Barricade+1","Metallicize+1","Body Slam+1","Flame Barrier+1","Rage","Brutality","Juggernaut","Seeing Red","Infernal Blade","Battle Trance","Rampage+1","Reaper","Enlightenment+1","Seeing Red+1","Shrug It Off","Madness","Madness","Iron Wave","Shrug It Off","Shrug It Off+1","Power Through","Feel No Pain+1","Second Wind"],"relics":["Burning Blood","Art of War","Blood Vial","Bag of Preparation","Happy Flower","WingedGreaves","Eternal Feather","Ancient Tea Set","Red Skull","Smiling Mask","MealTicket","Pandora\u0027s Box","Dead Branch","Frozen Egg 2","Whetstone","Blue Candle","Vajra"],"potions_floor_usage":[6,18,23,23,27,27,38,45,50,50,55],"damage_taken":[{"damage":16,"enemies":"Jaw Worm","floor":1,"turns":5},{"damage":2,"enemies":"Small Slimes","floor":4,"turns":5},{"damage":47,"enemies":"3 Sentries","floor":6,"turns":10},{"damage":0,"enemies":"Cultist","floor":8,"turns":4},{"damage":9,"enemies":"2 Fungi Beasts","floor":10,"turns":3},{"damage":0,"enemies":"Looter","floor":12,"turns":4},{"damage":10,"enemies":"Lagavulin","floor":14,"turns":6},{"damage":26,"enemies":"Hexaghost","floor":16,"turns":12},{"damage":25,"enemies":"Spheric Guardian","floor":18,"turns":8},{"damage":22,"enemies":"2 Thieves","floor":22,"turns":4},{"damage":31,"enemies":"Gremlin Leader","floor":23,"turns":9},{"damage":29,"enemies":"Book of Stabbing","floor":25,"turns":5},{"damage":19,"enemies":"Snake Plant","floor":27,"turns":5},{"damage":10,"enemies":"Sentry and Sphere","floor":29,"turns":11},{"damage":4,"enemies":"Champ","floor":33,"turns":14},{"damage":5,"enemies":"3 Shapes","floor":35,"turns":4},{"damage":110,"enemies":"2 Orb Walkers","floor":38,"turns":7},{"damage":0,"enemies":"Orb Walker","floor":39,"turns":2},{"damage":28,"enemies":"4 Shapes","floor":44,"turns":5},{"damage":47,"enemies":"Nemesis","floor":45,"turns":9},{"damage":73,"enemies":"Reptomancer","floor":47,"turns":4},{"damage":6,"enemies":"Transient","floor":48,"turns":5},{"damage":82,"enemies":"Time Eater","floor":50,"turns":10},{"damage":12,"enemies":"Shield and Spear","floor":54,"turns":5},{"damage":118,"enemies":"The Heart","floor":55,"turns":8}],"seed_played":"-3661308081525545084","potions_obtained":[{"floor":1,"key":"Regen Potion"},{"floor":4,"key":"PowerPotion"},{"floor":6,"key":"Weak Potion"},{"floor":10,"key":"Regen Potion"},{"floor":22,"key":"SpeedPotion"},{"floor":25,"key":"EssenceOfSteel"},{"floor":29,"key":"Fire Potion"},{"floor":44,"key":"Poison Potion"},{"floor":47,"key":"SteroidPotion"},{"floor":48,"key":"Swift Potion"},{"floor":54,"key":"SteroidPotion"}],"is_trial":false,"path_per_floor":["M","?","?","M","$","E","R","M","T","M","?","M","R","E","R","B",null,"M","?","?","?","M","E","R","E","T","M","R","M","?","$","R","B",null,"M","$","?","?","M","$","R","?","T","M","E","R","E","M","R","B",null,"R","$","E","B"],"character_chosen":"IRONCLAD","items_purchased":["Apotheosis","MealTicket","Enlightenment","Feel No Pain+1","LiquidBronze","SteroidPotion"],"campfire_rested":3,"item_purchase_floors":[5,31,36,53,53,53],"current_hp_per_floor":[70,70,70,74,74,48,48,56,56,55,30,38,62,60,60,46,84,81,64,64,64,53,34,46,25,25,14,56,58,58,58,70,78,108,112,112,112,30,41,56,68,53,53,64,30,81,55,57,75,13,122,122,122,116,0],"gold":27,"neow_bonus":"RANDOM_COMMON_RELIC","is_prod":false,"is_daily":false,"chose_seed":false,"campfire_upgraded":6,"win_rate":0,"timestamp":1566486236,"path_taken":["M","?","?","?","$","E","R","M","T","M","?","M","R","E","R","BOSS","M","?","?","?","M","E","R","E","T","M","R","?","?","?","R","BOSS","M","$","?","?","?","$","R","?","T","M","E","R","E","M","R","BOSS","R","$","E","BOSS"],"build_version":"2019-07-17","purchased_purges":4,"victory":false,"max_hp_per_floor":[80,80,80,80,80,80,80,80,80,80,80,80,80,80,80,84,84,88,93,93,93,96,100,100,100,100,100,100,104,104,104,104,108,108,112,112,112,116,119,119,119,119,119,122,122,122,122,122,122,122,122,122,122,122,122],"card_choices":[{"not_picked":["Sentinel","Perfected Strike"],"picked":"Uppercut","floor":1},{"not_picked":["Inflame","Battle Trance"],"picked":"Metallicize","floor":4},{"not_picked":["Warcry","Pummel"],"picked":"Body Slam","floor":6},{"not_picked":["Power Through","Cleave"],"picked":"Thunderclap","floor":8},{"not_picked":["Shrug It Off","Thunderclap"],"picked":"Burning Pact","floor":10},{"not_picked":["Shrug It Off","Headbutt"],"picked":"Feed","floor":12},{"not_picked":["Pommel Strike","Armaments"],"picked":"Dual Wield","floor":14},{"not_picked":["Fiend Fire","Juggernaut"],"picked":"Barricade","floor":16},{"not_picked":["Flex","Whirlwind"],"picked":"Metallicize+1","floor":18},{"not_picked":["Reckless Charge+1","Havoc"],"picked":"Body Slam+1","floor":22},{"not_picked":["Perfected Strike+1","Flex","Armaments"],"picked":"SKIP","floor":23},{"not_picked":["Havoc+1","Hemokinesis"],"picked":"Flame Barrier","floor":25},{"not_picked":["Warcry","Uppercut"],"picked":"Rage","floor":27},{"not_picked":["Heavy Blade+1","Anger+1"],"picked":"Brutality","floor":29},{"not_picked":["Berserk","Double Tap"],"picked":"Juggernaut","floor":33},{"not_picked":["Carnage","Clothesline+1","Rampage"],"picked":"SKIP","floor":35},{"not_picked":["Clash+1","Heavy Blade+1"],"picked":"Seeing Red","floor":38},{"not_picked":["Disarm","Dual Wield+1"],"picked":"Shrug It Off","floor":39},{"not_picked":["Reaper","Warcry+1"],"picked":"Iron Wave","floor":44},{"not_picked":["Flex+1","Anger"],"picked":"Shrug It Off","floor":45},{"not_picked":["Berserk+1","Armaments"],"picked":"Shrug It Off+1","floor":47},{"not_picked":["Sword Boomerang+1","Hemokinesis+1"],"picked":"Power Through","floor":48},{"not_picked":["Twin Strike","Shrug It Off"],"picked":"Second Wind","floor":54}],"player_experience":126464,"relics_obtained":[{"floor":6,"key":"Blood Vial"},{"floor":9,"key":"Bag of Preparation"},{"floor":14,"key":"WingedGreaves"},{"floor":23,"key":"Red Skull"},{"floor":25,"key":"Smiling Mask"},{"floor":38,"key":"Dead Branch"},{"floor":43,"key":"Frozen Egg 2"},{"floor":45,"key":"Whetstone"},{"floor":47,"key":"Blue Candle"},{"floor":54,"key":"Vajra"}],"event_choices":[{"damage_healed":0,"gold_gain":175,"player_choice":"AGREE","damage_taken":0,"max_hp_gain":0,"max_hp_loss":0,"event_name":"Liars Game","floor":2,"gold_loss":0,"cards_obtained":["Doubt"]},{"damage_healed":0,"gold_gain":0,"player_choice":"Bought 0 Potions","damage_taken":0,"max_hp_gain":0,"max_hp_loss":0,"event_name":"The Woman in Blue","floor":3,"gold_loss":0},{"damage_healed":0,"gold_gain":0,"player_choice":"Success","damage_taken":25,"relics_obtained":["Happy Flower"],"max_hp_gain":0,"max_hp_loss":0,"event_name":"Scrap Ooze","floor":11,"gold_loss":0},{"damage_healed":0,"gold_gain":0,"player_choice":"Shed Blood","damage_taken":22,"max_hp_gain":5,"max_hp_loss":0,"event_name":"Forgotten Altar","floor":19,"gold_loss":0},{"damage_healed":0,"gold_gain":0,"player_choice":"Obtained Relic","damage_taken":0,"relics_obtained":["Ancient Tea Set"],"max_hp_gain":0,"max_hp_loss":0,"event_name":"Addict","floor":20,"gold_loss":85},{"damage_healed":0,"gold_gain":99,"player_choice":"Stole From Cult","damage_taken":0,"max_hp_gain":0,"max_hp_loss":0,"event_name":"Nest","floor":21,"gold_loss":0},{"damage_healed":0,"gold_gain":0,"player_choice":"Ignored","damage_taken":0,"max_hp_gain":0,"max_hp_loss":0,"event_name":"Ghosts","floor":30,"gold_loss":0},{"cards_removed":["Twin Strike"],"damage_healed":0,"gold_gain":0,"player_choice":"Removed Attack","damage_taken":0,"max_hp_gain":0,"max_hp_loss":0,"event_name":"Falling","floor":37,"gold_loss":0},{"damage_healed":0,"gold_gain":0,"player_choice":"Fight","damage_taken":0,"max_hp_gain":0,"max_hp_loss":0,"event_name":"Mysterious Sphere","floor":38,"gold_loss":0},{"damage_healed":0,"gold_gain":0,"player_choice":"Embrace Madness","damage_taken":15,"max_hp_gain":0,"max_hp_loss":0,"event_name":"Winding Halls","floor":42,"gold_loss":0,"cards_obtained":["Madness","Madness"]}],"is_beta":false,"boss_relics":[{"not_picked":["Empty Cage","Lizard Tail"],"picked":"Eternal Feather"},{"not_picked":["Runic Dome","Sozu"],"picked":"Pandora\u0027s Box"}],"items_purged_floors":[5,31,36,40],"is_endless":false,"potions_floor_spawned":[1,4,6,10,16,22,25,29,44,47,48,54],"killed_by":"The Heart","ascension_level":1}