{"gold_per_floor":[117,132,132,132,148,148,169,169,169,189,208,208,283,48,48,168,168,151,6,29,29,50,50,64,77,77,96,96],"floor_reached":28,"playtime":1472,"items_purged":["Defend_B"],"score":214,"play_id":"779a9e4c-7642-4c93-9915-6860b1940985","local_time":"20190330201225","is_ascension_mode":false,"campfire_choices":[{"data":"Dualcast","floor":6,"key":"SMITH"},{"floor":8,"key":"REST"},{"data":"Consume","floor":12,"key":"SMITH"},{"floor":15,"key":"REST"},{"data":"Loop","floor":23,"key":"SMITH"}],"neow_cost":"NONE","seed_source_timestamp":30496933244200,"circlet_count":0,"master_deck":["Strike_B","Strike_B","Strike_B","Defend_B+1","Defend_B+1","Defend_B","Zap","Dualcast+1","Auto Shields","Heatsinks","Consume+1","Capacitor","Cold Snap","Rebound","Loop+1","Buffer","Force Field+1","Self Repair","Streamline","Fusion","Lockon+1","Turbo+1","Self Repair","Barrage+1"],"relics":["Cracked Core","Potion Belt","Golden Idol","Boot","Toolbox","Nuclear Battery"],"potions_floor_usage":[20,25,28,28,28],"damage_taken":[{"damage":5,"enemies":"Small Slimes","floor":1,"turns":3},{"damage":0,"enemies":"Jaw Worm","floor":2,"turns":3},{"damage":0,"enemies":"2 Louse","floor":5,"turns":3},{"damage":4,"enemies":"2 Fungi Beasts","floor":7,"turns":3},{"damage":20,"enemies":"Lots of Slimes","floor":10,"turns":6},{"damage":0,"enemies":"Large Slime","floor":11,"turns":9},{"damage":25,"enemies":"Slime Boss","floor":16,"turns":11},{"damage":25,"enemies":"2 Thieves","floor":18,"turns":4},{"damage":10,"enemies":"Chosen","floor":20,"turns":6},{"damage":0,"enemies":"Snecko","floor":22,"turns":6},{"damage":9,"enemies":"Sentry and Sphere","floor":24,"turns":7},{"damage":37,"enemies":"Shelled Parasite and Fungi","floor":25,"turns":10},{"damage":18,"enemies":"Snake Plant","floor":27,"turns":5},{"damage":29,"enemies":"Book of Stabbing","floor":28,"turns":6}],"seed_played":"-4617495898353126996","potions_obtained":[{"floor":2,"key":"SteroidPotion"},{"floor":5,"key":"LiquidBronze"},{"floor":10,"key":"Weak Potion"},{"floor":11,"key":"SpeedPotion"},{"floor":18,"key":"SpeedPotion"},{"floor":24,"key":"EssenceOfSteel"},{"floor":27,"key":"PowerPotion"}],"is_trial":false,"path_per_floor":["M","M","?","?","M","R","M","R","T","M","M","R","?","$","R","B",null,"M","$","M","?","M","R","M","M","T","M","E"],"character_chosen":"DEFECT","items_purchased":["Loop","Toolbox","Self Repair"],"campfire_rested":2,"item_purchase_floors":[14,14,19],"current_hp_per_floor":[70,70,55,37,37,37,33,55,55,35,35,35,24,24,46,21,75,50,50,47,47,57,57,55,25,25,21,0],"gold":96,"neow_bonus":"RANDOM_COMMON_RELIC","is_prod":false,"is_daily":false,"chose_seed":false,"campfire_upgraded":3,"win_rate":0,"timestamp":1553973145,"path_taken":["M","M","?","?","M","R","M","R","T","M","M","R","?","$","R","BOSS","M","$","M","?","M","R","M","M","T","?","E"],"build_version":"2019-01-23","purchased_purges":1,"victory":false,"max_hp_per_floor":[75,75,75,75,75,75,75,75,75,75,75,75,75,75,75,75,75,75,75,75,75,75,75,75,75,75,75,75],"card_choices":[{"not_picked":["Redo","FTL"],"picked":"Auto Shields","floor":1},{"not_picked":["Static Discharge","Redo"],"picked":"Heatsinks","floor":2},{"not_picked":["Beam Cell","Hologram"],"picked":"Consume","floor":5},{"not_picked":["Redo","Ball Lightning"],"picked":"Capacitor","floor":7},{"not_picked":["Steam","Scrape"],"picked":"Cold Snap","floor":10},{"not_picked":["Meteor Strike","Stack"],"picked":"Rebound","floor":11},{"not_picked":["Rainbow","Multi-Cast"],"picked":"Buffer","floor":16},{"not_picked":["Self Repair+1","Tempest+1"],"picked":"Force Field+1","floor":18},{"not_picked":["Steam","Gash"],"picked":"Streamline","floor":20},{"not_picked":["FTL","Rebound"],"picked":"Lockon+1","floor":22},{"not_picked":["Compile Driver","Go for the Eyes+1"],"picked":"Turbo+1","floor":24},{"not_picked":["Beam Cell","Steam+1"],"picked":"Self Repair","floor":25},{"not_picked":["Steam+1","Hologram"],"picked":"Barrage+1","floor":27}],"player_experience":274080,"relics_obtained":[{"floor":9,"key":"Boot"}],"event_choices":[{"damage_healed":0,"gold_gain":0,"player_choice":"Entered Light","damage_taken":15,"max_hp_gain":0,"max_hp_loss":0,"event_name":"Shining Light","floor":3,"gold_loss":0,"cards_upgraded":["Defend_B","Defend_B"]},{"damage_healed":0,"gold_gain":0,"player_choice":"Take Damage","damage_taken":18,"relics_obtained":["Golden Idol"],"max_hp_gain":0,"max_hp_loss":0,"event_name":"Golden Idol","floor":4,"gold_loss":0},{"damage_healed":0,"gold_gain":75,"player_choice":"Gather Gold","damage_taken":11,"max_hp_gain":0,"max_hp_loss":0,"event_name":"World of Goop","floor":13,"gold_loss":0},{"damage_healed":0,"gold_gain":0,"cards_transformed":["Strike_B"],"player_choice":"Transformed","damage_taken":0,"max_hp_gain":0,"max_hp_loss":0,"event_name":"Transmorgrifier","floor":21,"gold_loss":0,"cards_obtained":["Fusion"]}],"is_beta":false,"boss_relics":[{"not_picked":["FrozenCore","Fusion Hammer"],"picked":"Nuclear Battery"}],"items_purged_floors":[19],"is_endless":false,"potions_floor_spawned":[2,5,10,11,18,24,27],"killed_by":"Book of Stabbing","ascension_level":0}