{"gold_per_floor":[114,134,134,8,27,61,61,90,167,186,186,199,216,241,241,336,336,351,351,367,367,384,418,428,439,439,439,467,382,382],"floor_reached":30,"playtime":1316,"items_purged":["Defend_B"],"score":307,"play_id":"dd625542-a80f-450d-8916-28dfa11a8d91","local_time":"20190816155819","is_ascension_mode":true,"campfire_choices":[{"data":"Zap","floor":7,"key":"SMITH"},{"floor":15,"key":"REST"},{"data":"Storm","floor":27,"key":"SMITH"}],"neow_cost":"NONE","seed_source_timestamp":98202930606000,"circlet_count":0,"master_deck":["Strike_B","Strike_B","Strike_B","Defend_B","Defend_B","Zap+1","Dualcast","Static Discharge","Rebound+1","Leap","Storm+1","Streamline","Melter+1","Go for the Eyes","Loop","Electrodynamics","Barrage","Biased Cognition","Static Discharge","Biased Cognition","Redo","Reprogram+1","Darkness+1","Leap+1","Redo+1","Conserve Battery+1"],"relics":["Nuclear Battery","Bird Faced Urn","Lantern","Pear","Letter Opener","Whetstone","Black Star","Toxic Egg 2","Juzu Bracelet","Pocketwatch","Pen Nib","Regal Pillow","Turnip"],"potions_floor_usage":[14,16,16,25],"damage_taken":[{"damage":0,"enemies":"Small Slimes","floor":1,"turns":4},{"damage":1,"enemies":"Cultist","floor":2,"turns":4},{"damage":0,"enemies":"2 Louse","floor":5,"turns":3},{"damage":26,"enemies":"Gremlin Nob","floor":6,"turns":5},{"damage":34,"enemies":"3 Sentries","floor":8,"turns":6},{"damage":7,"enemies":"Large Slime","floor":10,"turns":5},{"damage":0,"enemies":"Looter","floor":12,"turns":3},{"damage":4,"enemies":"3 Louse","floor":13,"turns":3},{"damage":17,"enemies":"Lagavulin","floor":14,"turns":4},{"damage":39,"enemies":"The Guardian","floor":16,"turns":8},{"damage":0,"enemies":"Chosen","floor":18,"turns":3},{"damage":7,"enemies":"Shell Parasite","floor":20,"turns":3},{"damage":19,"enemies":"Snake Plant","floor":22,"turns":3},{"damage":46,"enemies":"Book of Stabbing","floor":23,"turns":4},{"damage":11,"enemies":"Cultist and Chosen","floor":24,"turns":3},{"damage":11,"enemies":"Shelled Parasite and Fungi","floor":25,"turns":3},{"damage":32,"enemies":"Slavers","floor":28,"turns":3},{"damage":20,"enemies":"Gremlin Leader","floor":30,"turns":2}],"seed_played":"1536496840109833822","potions_obtained":[{"floor":2,"key":"Explosive Potion"},{"floor":6,"key":"SpeedPotion"},{"floor":13,"key":"LiquidBronze"},{"floor":16,"key":"Energy Potion"},{"floor":18,"key":"Strength Potion"},{"floor":24,"key":"Block Potion"},{"floor":28,"key":"Dexterity Potion"}],"is_trial":false,"path_per_floor":["M","M","?","$","M","E","R","E","T","M","?","M","M","E","R","B",null,"M","?","M","?","M","E","M","M","T","R","E","?","E"],"character_chosen":"DEFECT","items_purchased":["Leap"],"campfire_rested":1,"item_purchase_floors":[4],"current_hp_per_floor":[75,74,62,62,62,40,40,20,20,17,17,17,19,8,33,2,85,85,85,85,85,72,40,39,38,38,38,12,12,0],"gold":382,"neow_bonus":"BOSS_RELIC","is_prod":false,"is_daily":false,"chose_seed":false,"campfire_upgraded":2,"win_rate":0,"timestamp":1565963899,"path_taken":["M","M","?","$","M","E","R","E","T","M","?","?","M","E","R","BOSS","M","?","M","?","M","E","M","M","T","R","E","?","E"],"build_version":"2019-07-17","purchased_purges":1,"victory":false,"max_hp_per_floor":[75,75,75,75,75,75,75,85,85,85,85,85,85,85,85,85,85,85,85,85,85,85,85,85,85,85,85,85,85,85],"card_choices":[{"not_picked":["Steam","Doom and Gloom"],"picked":"Static Discharge","floor":1},{"not_picked":["Barrage","Aggregate"],"picked":"Rebound","floor":2},{"not_picked":["Ball Lightning","Barrage"],"picked":"Storm","floor":5},{"not_picked":["Chill","Gash"],"picked":"Streamline","floor":6},{"not_picked":["Tempest","Chill"],"picked":"Melter","floor":8},{"not_picked":["Turbo","Steam"],"picked":"Go for the Eyes","floor":10},{"not_picked":["Rebound","Compile Driver"],"picked":"Loop","floor":12},{"not_picked":["Hologram","Auto Shields"],"picked":"Electrodynamics","floor":13},{"not_picked":["Gash","Rebound"],"picked":"Barrage","floor":14},{"not_picked":["Creative AI","Machine Learning"],"picked":"Biased Cognition","floor":16},{"not_picked":["Compile Driver","Rip and Tear","Streamline"],"picked":"SKIP","floor":18},{"not_picked":["Streamline+1","Barrage"],"picked":"Redo","floor":20},{"not_picked":["BootSequence+1","Storm"],"picked":"Reprogram+1","floor":22},{"not_picked":["Steam+1","Leap+1"],"picked":"Darkness+1","floor":23},{"not_picked":["Darkness+1","Consume+1"],"picked":"Leap+1","floor":24},{"not_picked":["Rebound","Go for the Eyes+1"],"picked":"Redo+1","floor":25},{"not_picked":["Reinforced Body+1","Scrape"],"picked":"Conserve Battery+1","floor":28}],"player_experience":117925,"relics_obtained":[{"floor":6,"key":"Lantern"},{"floor":8,"key":"Pear"},{"floor":9,"key":"Letter Opener"},{"floor":14,"key":"Whetstone"},{"floor":23,"key":"Juzu Bracelet"},{"floor":23,"key":"Pocketwatch"},{"floor":28,"key":"Pen Nib"},{"floor":28,"key":"Regal Pillow"}],"event_choices":[{"damage_healed":0,"gold_gain":0,"player_choice":"Success","damage_taken":12,"relics_obtained":["Bird Faced Urn"],"max_hp_gain":0,"max_hp_loss":0,"event_name":"Scrap Ooze","floor":3,"gold_loss":0},{"damage_healed":0,"gold_gain":0,"player_choice":"Ignored","damage_taken":0,"max_hp_gain":0,"max_hp_loss":0,"event_name":"NoteForYourself","floor":11,"gold_loss":0},{"damage_healed":0,"gold_gain":0,"cards_transformed":["Strike_B","Defend_B"],"player_choice":"Became Test Subject","damage_taken":0,"max_hp_gain":0,"max_hp_loss":0,"event_name":"Drug Dealer","floor":19,"gold_loss":0,"cards_obtained":["Static Discharge","Biased Cognition"]},{"damage_healed":0,"gold_gain":0,"player_choice":"Opened","damage_taken":0,"relics_obtained":["Toxic Egg 2"],"max_hp_gain":0,"max_hp_loss":0,"event_name":"The Mausoleum","floor":21,"gold_loss":0},{"damage_healed":0,"gold_gain":0,"player_choice":"Obtained Relic","damage_taken":0,"relics_obtained":["Turnip"],"max_hp_gain":0,"max_hp_loss":0,"event_name":"Addict","floor":29,"gold_loss":85}],"is_beta":false,"boss_relics":[{"not_picked":["Tiny House","Snecko Eye"],"picked":"Black Star"}],"items_purged_floors":[4],"is_endless":false,"potions_floor_spawned":[2,6,13,16,18,24,28],"killed_by":"Gremlin Leader","ascension_level":1}