{"gold_per_floor":[116,42,60,135,135,135,165,165,165,184,216,233,233,246,246,324,324,339,352,33,53,65,95,95,109,109,143,159,159,190,190,190,268,268,286,286,299,316,1315,1315,1349,1349,1402,758,776,807,822,849,849,849,849,849,218,251,251],"floor_reached":55,"playtime":1994,"items_purged":["Strike_R","Normality","Parasite"],"score":1479,"play_id":"4bac4bbf-7d60-427f-97d0-981c6756ef31","local_time":"20190818222603","is_ascension_mode":true,"campfire_choices":[{"data":"Bash","floor":6.0,"key":"SMITH"},{"data":"Immolate","floor":13.0,"key":"SMITH"},{"data":"Demon Form","floor":15.0,"key":"SMITH"},{"floor":24.0,"key":"REST"},{"floor":29.0,"key":"REST"},{"data":"Feed","floor":32.0,"key":"SMITH"},{"floor":40.0,"key":"REST"},{"floor":42.0,"key":"RECALL"},{"floor":49.0,"key":"REST"},{"data":"Feel No Pain","floor":52.0,"key":"SMITH"}],"neow_cost":"NONE","seed_source_timestamp":353385109473220,"circlet_count":0,"master_deck":["AscendersBane","Strike_R+1","Strike_R+1","Strike_R+1","Strike_R+1","Defend_R+1","Defend_R+1","Defend_R+1","Defend_R+1","Bash+1","Ghostly Armor","Demon Form+1","Armaments+1","Feel No Pain+1","Pummel","Immolate+1","Headbutt","Feed+1","Shrug It Off","Disarm","Iron Wave+1","Metallicize+1","Feed","Shrug It Off","Fiend Fire","True Grit+1","Disarm","Parasite","Reaper","Whirlwind","Offering","PanicButton"],"special_seed":0,"relics":["Burning Blood","NeowsBlessing","Ginger","StoneCalendar","Pantograph","Gambling Chip","Cursed Key","Gremlin Horn","Omamori","Bag of Marbles","Prayer Wheel","Lizard Tail","Vajra","Boot","ClockworkSouvenir","Bottled Tornado","Darkstone Periapt","Meat on the Bone","Medical Kit","Red Skull","Centennial Puzzle"],"potions_floor_usage":[55],"damage_taken":[{"damage":0.0,"enemies":"Jaw Worm","floor":1.0,"turns":1.0},{"damage":0.0,"enemies":"Small Slimes","floor":3.0,"turns":1.0},{"damage":0.0,"enemies":"3 Sentries","floor":7.0,"turns":1.0},{"damage":0.0,"enemies":"2 Louse","floor":10.0,"turns":4.0},{"damage":41.0,"enemies":"Gremlin Nob","floor":11.0,"turns":5.0},{"damage":9.0,"enemies":"Exordium Thugs","floor":12.0,"turns":5.0},{"damage":3.0,"enemies":"Blue Slaver","floor":14.0,"turns":2.0},{"damage":53.0,"enemies":"Hexaghost","floor":16.0,"turns":9.0},{"damage":21.0,"enemies":"2 Thieves","floor":18.0,"turns":4.0},{"damage":10.0,"enemies":"3 Byrds","floor":19.0,"turns":4.0},{"damage":7.0,"enemies":"3 Cultists","floor":21.0,"turns":4.0},{"damage":23.0,"enemies":"Snake Plant","floor":22.0,"turns":5.0},{"damage":17.0,"enemies":"Slavers","floor":23.0,"turns":5.0},{"damage":15.0,"enemies":"Centurion and Healer","floor":25.0,"turns":7.0},{"damage":22.0,"enemies":"Book of Stabbing","floor":27.0,"turns":5.0},{"damage":7.0,"enemies":"Chosen and Byrds","floor":28.0,"turns":4.0},{"damage":19.0,"enemies":"Gremlin Leader","floor":30.0,"turns":6.0},{"damage":22.0,"enemies":"Champ","floor":33.0,"turns":11.0},{"damage":9.0,"enemies":"3 Darklings","floor":35.0,"turns":5.0},{"damage":17.0,"enemies":"Orb Walker","floor":37.0,"turns":6.0},{"damage":47.0,"enemies":"Spire Growth","floor":38.0,"turns":5.0},{"damage":83.0,"enemies":"Reptomancer","floor":41.0,"turns":8.0},{"damage":9.0,"enemies":"Writhing Mass","floor":45.0,"turns":7.0},{"damage":51.0,"enemies":"Giant Head","floor":46.0,"turns":8.0},{"damage":50.0,"enemies":"4 Shapes","floor":47.0,"turns":5.0},{"damage":51.0,"enemies":"Reptomancer","floor":48.0,"turns":7.0},{"damage":94.0,"enemies":"Time Eater","floor":50.0,"turns":10.0},{"damage":78.0,"enemies":"Shield and Spear","floor":54.0,"turns":7.0},{"damage":97,"enemies":"The Heart","floor":55,"turns":6}],"seed_played":"-7599451764921080328","potions_obtained":[{"floor":1.0,"key":"SmokeBomb"},{"floor":10.0,"key":"Swift Potion"},{"floor":12.0,"key":"Energy Potion"},{"floor":18.0,"key":"Fire Potion"},{"floor":21.0,"key":"Swift Potion"},{"floor":25.0,"key":"Ancient Potion"},{"floor":27.0,"key":"GamblersBrew"},{"floor":41.0,"key":"Ancient Potion"},{"floor":45.0,"key":"Block Potion"},{"floor":46.0,"key":"Swift Potion"},{"floor":48.0,"key":"SkillPotion"},{"floor":54.0,"key":"Fire Potion"}],"is_trial":false,"path_per_floor":["M","$","M","?","?","R","E","?","T","M","E","M","R","M","R","B",null,"M","M","$","M","M","E","R","M","T","E","M","R","E","?","R","B",null,"M","?","M","M","?","R","E","R","T","$","M","E","M","E","R","B",null,"R","$","E","B"],"character_chosen":"IRONCLAD","items_purchased":["Demon Form","Gremlin Horn","ClockworkSouvenir","Bottled Tornado","Reaper","Medical Kit","Red Skull","PanicButton","GamblersBrew"],"campfire_rested":4,"item_purchase_floors":[2,20,44,44,44,53,53,53,53],"current_hp_per_floor":[74,74,75,64,64,64,70,70,70,75,40,37,37,40,40,18,61,46,45,45,48,35,28,55,50,50,38,40,70,61,61,61,70,96,97,97,86,45,45,77,57,57,57,57,78,61,68,23,59,47,104,104,104,70,0],"gold":251,"neow_bonus":"THREE_ENEMY_KILL","is_prod":false,"is_daily":false,"chose_seed":false,"campfire_upgraded":5,"win_rate":0,"timestamp":1566181563,"path_taken":["M","$","M","?","?","R","E","?","T","M","E","?","R","M","R","BOSS","M","M","$","M","M","E","R","M","T","E","M","R","E","?","R","BOSS","M","?","M","M","?","R","E","R","T","$","M","E","M","E","R","BOSS","R","$","E","BOSS"],"build_version":"2019-07-17","purchased_purges":3,"victory":false,"max_hp_per_floor":[75,75,75,75,75,75,75,75,75,75,75,75,75,75,75,75,75,75,78,78,82,86,90,90,94,94,98,101,101,105,105,105,105,105,109,109,109,109,109,109,112,112,112,112,116,116,123,123,123,123,123,123,120,124,124],"card_choices":[{"not_picked":["Evolve","Body Slam"],"picked":"Ghostly Armor","floor":1.0},{"not_picked":["Heavy Blade","Bloodletting"],"picked":"Armaments","floor":3.0},{"not_picked":["Body Slam","Cleave"],"picked":"Feel No Pain","floor":7.0},{"not_picked":["Warcry","Cleave"],"picked":"Pummel","floor":10.0},{"not_picked":["Power Through","Disarm"],"picked":"Immolate","floor":11.0},{"not_picked":["Wild Strike","True Grit"],"picked":"Headbutt","floor":12.0},{"not_picked":["Sentinel","Perfected Strike","Infernal Blade"],"picked":"SKIP","floor":14.0},{"not_picked":["Bludgeon","Berserk"],"picked":"Feed","floor":16.0},{"not_picked":["Thunderclap","Carnage"],"picked":"Shrug It Off","floor":18.0},{"not_picked":["Clothesline","Pummel","Heavy Blade"],"picked":"SKIP","floor":19.0},{"not_picked":["Flex","Pommel Strike","Wild Strike"],"picked":"SKIP","floor":21.0},{"not_picked":["Rage","Flex"],"picked":"Disarm","floor":22.0},{"not_picked":["Intimidate","Sentinel+1","Flex"],"picked":"SKIP","floor":23.0},{"not_picked":["Havoc","Iron Wave+1","Perfected Strike"],"picked":"SKIP","floor":25.0},{"not_picked":["Wild Strike","Dark Embrace"],"picked":"Iron Wave+1","floor":27.0},{"not_picked":["Sword Boomerang","Perfected Strike"],"picked":"Metallicize+1","floor":28.0},{"not_picked":["Blood for Blood","Evolve","Warcry"],"picked":"SKIP","floor":30.0},{"not_picked":["Berserk","Immolate"],"picked":"Feed","floor":33.0},{"not_picked":["Burning Pact","Anger"],"picked":"Shrug It Off","floor":35.0},{"not_picked":["Flex+1","Thunderclap+1","Twin Strike"],"picked":"SKIP","floor":35.0},{"not_picked":["Havoc","Clothesline"],"picked":"Fiend Fire","floor":37.0},{"not_picked":["Iron Wave","Bloodletting+1","Clash"],"picked":"SKIP","floor":37.0},{"not_picked":["Shrug It Off+1","Infernal Blade"],"picked":"True Grit+1","floor":38.0},{"not_picked":["Perfected Strike","Havoc"],"picked":"Disarm","floor":38.0},{"not_picked":["Second Wind","Twin Strike","Evolve"],"picked":"SKIP","floor":41.0},{"not_picked":["Iron Wave","Clash+1","Clothesline"],"picked":"SKIP","floor":45.0},{"not_picked":["Armaments","Anger","Demon Form"],"picked":"SKIP","floor":45.0},{"not_picked":["Armaments","Intimidate","Clash"],"picked":"SKIP","floor":46.0},{"not_picked":["Body Slam+1","Spot Weakness"],"picked":"Whirlwind","floor":47.0},{"not_picked":["Warcry","Anger","Armaments"],"picked":"SKIP","floor":47.0},{"not_picked":["Pummel","Thunderclap+1"],"picked":"Offering","floor":48.0},{"not_picked":["Havoc","Cleave","Iron Wave"],"picked":"SKIP","floor":54.0}],"player_experience":2703504,"relics_obtained":[{"floor":7.0,"key":"Ginger"},{"floor":9.0,"key":"Pantograph"},{"floor":11.0,"key":"Gambling Chip"},{"floor":23.0,"key":"Omamori"},{"floor":27.0,"key":"Bag of Marbles"},{"floor":30.0,"key":"Prayer Wheel"},{"floor":41.0,"key":"Vajra"},{"floor":43.0,"key":"Boot"},{"floor":46.0,"key":"Darkstone Periapt"},{"floor":48.0,"key":"Meat on the Bone"},{"floor":54.0,"key":"Centennial Puzzle"}],"event_choices":[{"damage_healed":0.0,"max_hp_gain":0.0,"max_hp_loss":0.0,"gold_gain":75.0,"event_name":"World of Goop","player_choice":"Gather Gold","floor":4.0,"gold_loss":0.0,"damage_taken":11.0},{"damage_healed":0.0,"max_hp_gain":0.0,"max_hp_loss":0.0,"gold_gain":0.0,"event_name":"Living Wall","player_choice":"Grow","floor":5.0,"gold_loss":0.0,"damage_taken":0.0,"cards_upgraded":["Armaments"]},{"damage_healed":0.0,"max_hp_gain":0.0,"max_hp_loss":0.0,"gold_gain":0.0,"event_name":"WeMeetAgain","player_choice":"Gave Potion","floor":8.0,"gold_loss":0.0,"damage_taken":0.0,"relics_obtained":["StoneCalendar"]},{"damage_healed":0.0,"max_hp_gain":0.0,"max_hp_loss":0.0,"gold_gain":0.0,"event_name":"Back to Basics","player_choice":"Simplicity","floor":31.0,"gold_loss":0.0,"damage_taken":0.0,"cards_upgraded":["Strike_R","Strike_R","Strike_R","Strike_R","Defend_R","Defend_R","Defend_R","Defend_R"]},{"damage_healed":0.0,"max_hp_gain":0.0,"max_hp_loss":0.0,"gold_gain":0.0,"event_name":"Mysterious Sphere","player_choice":"Ignored","floor":36.0,"gold_loss":0.0,"damage_taken":0.0},{"damage_healed":0.0,"max_hp_gain":0.0,"max_hp_loss":0.0,"gold_gain":999.0,"event_name":"MindBloom","player_choice":"Gold","floor":39.0,"gold_loss":0.0,"damage_taken":0.0,"cards_obtained":["Normality","Normality"]}],"is_beta":false,"boss_relics":[{"not_picked":["Pandora\u0027s Box","Runic Dome"],"picked":"Cursed Key"},{"not_picked":["Empty Cage","Coffee Dripper"],"picked":"Lizard Tail"}],"items_purged_floors":[20,44,53],"is_endless":false,"potions_floor_spawned":[1,10,12,18,21,25,27,30,41,45,46,48,54],"killed_by":"The Heart","ascension_level":15}