{"gold_per_floor":[116,116,131,33,52,381,392,392,392,442,476,476,486,521,521,598,598,614,634,77,77,77,77,97,97,123,149,163,178,213,228,228,228],"floor_reached":33,"playtime":1261,"items_purged":["Scrape"],"score":587,"play_id":"aba0e28b-37f2-4d7c-9104-13d0c9551844","local_time":"20190717213736","is_ascension_mode":true,"campfire_choices":[{"data":"Defragment","floor":8.0,"key":"SMITH"},{"data":"Doom and Gloom","floor":12.0,"key":"SMITH"},{"floor":15.0,"key":"REST"},{"data":"Biased Cognition","floor":23,"key":"SMITH"},{"floor":25,"key":"REST"},{"data":"Hologram","floor":32,"key":"SMITH"}],"neow_cost":"NONE","seed_source_timestamp":616972927699874,"circlet_count":0,"master_deck":["AscendersBane","Zap+1","Dualcast","Defragment+1","Ball Lightning","Coolheaded","Doom and Gloom+1","Hologram+1","Rainbow","Conserve Battery","Coolheaded","Core Surge","Lockon","All For One","Chaos","Genetic Algorithm","Biased Cognition+1","Compile Driver","Self Repair","Coolheaded","Self Repair","Coolheaded+1"],"special_seed":0,"relics":["Cracked Core","Mango","Old Coin","WingedGreaves","Regal Pillow","Pandora\u0027s Box","PreservedInsect","Singing Bowl","Bag of Preparation","Unceasing Top","Nunchaku"],"potions_floor_usage":[19,19,24,30,30],"damage_taken":[{"damage":0.0,"enemies":"Jaw Worm","floor":1.0,"turns":4.0},{"damage":0.0,"enemies":"Cultist","floor":3.0,"turns":3.0},{"damage":3.0,"enemies":"2 Louse","floor":5.0,"turns":2.0},{"damage":24.0,"enemies":"Lagavulin","floor":6.0,"turns":6.0},{"damage":9.0,"enemies":"Gremlin Gang","floor":7.0,"turns":4.0},{"damage":10.0,"enemies":"3 Sentries","floor":11.0,"turns":4.0},{"damage":7.0,"enemies":"2 Fungi Beasts","floor":13.0,"turns":2.0},{"damage":13.0,"enemies":"Lagavulin","floor":14.0,"turns":7.0},{"damage":6.0,"enemies":"Slime Boss","floor":16.0,"turns":7.0},{"damage":24.0,"enemies":"2 Thieves","floor":18.0,"turns":4.0},{"damage":14,"enemies":"3 Byrds","floor":19,"turns":4},{"damage":6,"enemies":"Cultist and Chosen","floor":24,"turns":4},{"damage":25,"enemies":"Slavers","floor":27,"turns":5},{"damage":11,"enemies":"Centurion and Healer","floor":28,"turns":6},{"damage":5,"enemies":"Sentry and Sphere","floor":29,"turns":5},{"damage":40,"enemies":"Gremlin Leader","floor":30,"turns":8},{"damage":0,"enemies":"Snake Plant","floor":31,"turns":4},{"damage":66,"enemies":"Automaton","floor":33,"turns":8}],"seed_played":"-2493308019710271123","potions_obtained":[{"floor":1.0,"key":"FocusPotion"},{"floor":5.0,"key":"EssenceOfSteel"},{"floor":7.0,"key":"Fire Potion"},{"floor":13.0,"key":"Fire Potion"},{"floor":14.0,"key":"Fire Potion"},{"floor":18.0,"key":"SpeedPotion"},{"floor":28,"key":"Fire Potion"},{"floor":29,"key":"EssenceOfSteel"}],"is_trial":false,"path_per_floor":["M","?","M","$","M","E","M","R","T","?","E","R","M","E","R","B",null,"M","M","$","?","?","R","M","R","T","E","M","M","E","M","R","B"],"character_chosen":"DEFECT","items_purchased":["Coolheaded","Doom and Gloom","PreservedInsect","Singing Bowl","Explosive Potion","Coolheaded"],"campfire_rested":2,"item_purchase_floors":[4,4,20,20,20,20],"current_hp_per_floor":[64,78,78,78,75,51,42,42,42,42,32,32,25,12,52,46,75,51,37,37,37,37,37,40,81,81,58,63,72,48,64,64,0],"gold":228,"neow_bonus":"UPGRADE_CARD","is_prod":false,"is_daily":false,"chose_seed":false,"campfire_upgraded":4,"win_rate":0,"timestamp":1563413856,"path_taken":["M","?","?","$","M","E","M","R","T","?","E","R","M","E","R","BOSS","M","M","$","?","?","R","M","R","T","E","?","M","E","M","R","BOSS"],"build_version":"2019-07-17","purchased_purges":1,"victory":false,"max_hp_per_floor":[71,85,85,85,85,85,85,85,85,85,85,85,85,85,85,85,85,85,85,85,85,85,85,87,87,87,89,91,91,93,95,95,95],"card_choices":[{"not_picked":["FTL","Doom and Gloom"],"picked":"Defragment","floor":1.0},{"not_picked":["Go for the Eyes","Sweeping Beam"],"picked":"Ball Lightning","floor":3.0},{"not_picked":["Double Energy","Redo","Turbo"],"picked":"SKIP","floor":5.0},{"not_picked":["Rebound","Redo"],"picked":"Hologram","floor":6.0},{"not_picked":["Conserve Battery","Coolheaded"],"picked":"Rainbow","floor":7.0},{"not_picked":["Ball Lightning","Steam"],"picked":"Conserve Battery","floor":11.0},{"not_picked":["Beam Cell","Streamline","Doom and Gloom"],"picked":"SKIP","floor":13.0},{"not_picked":["Redo","Go for the Eyes"],"picked":"Coolheaded","floor":14.0},{"not_picked":["Creative AI","Reboot"],"picked":"Core Surge","floor":16.0},{"not_picked":["Double Energy","Gash"],"picked":"Self Repair","floor":18.0},{"not_picked":["Stack","Melter","Redo"],"picked":"SKIP","floor":19},{"not_picked":["Fusion","Sweeping Beam","Hologram+1"],"picked":"Singing Bowl","floor":24},{"not_picked":["Barrage","Rebound","Compile Driver"],"picked":"Singing Bowl","floor":27},{"not_picked":["Force Field","Self Repair+1","Auto Shields"],"picked":"Singing Bowl","floor":28},{"not_picked":["Turbo","Leap"],"picked":"Coolheaded+1","floor":29},{"not_picked":["Ball Lightning","Gash","Tempest+1"],"picked":"Singing Bowl","floor":30},{"not_picked":["Blizzard","Conserve Battery","Cold Snap+1"],"picked":"Singing Bowl","floor":31}],"player_experience":2596084,"relics_obtained":[{"floor":6.0,"key":"Old Coin"},{"floor":11.0,"key":"WingedGreaves"},{"floor":14.0,"key":"Regal Pillow"},{"floor":26,"key":"Bag of Preparation"},{"floor":27,"key":"Unceasing Top"},{"floor":30,"key":"Nunchaku"}],"event_choices":[{"damage_healed":0.0,"max_hp_gain":0.0,"max_hp_loss":0.0,"gold_gain":0.0,"event_name":"WeMeetAgain","player_choice":"Gave Potion","floor":2.0,"gold_loss":0.0,"damage_taken":0.0,"relics_obtained":["Mango"]},{"damage_healed":0.0,"max_hp_gain":0.0,"max_hp_loss":0.0,"gold_gain":50.0,"event_name":"Golden Shrine","player_choice":"Pray","floor":10.0,"gold_loss":0.0,"damage_taken":0.0},{"damage_healed":0,"gold_gain":0,"player_choice":"Ignored","damage_taken":0,"max_hp_gain":0,"max_hp_loss":0,"event_name":"The Mausoleum","floor":21,"gold_loss":0},{"damage_healed":0,"gold_gain":0,"cards_transformed":["Storm"],"player_choice":"Transformed","damage_taken":0,"max_hp_gain":0,"max_hp_loss":0,"event_name":"Transmorgrifier","floor":22,"gold_loss":0,"cards_obtained":["Self Repair"]}],"is_beta":false,"boss_relics":[{"not_picked":["Philosopher\u0027s Stone","Eternal Feather"],"picked":"Pandora\u0027s Box"}],"items_purged_floors":[20],"is_endless":false,"potions_floor_spawned":[1,5,7,13,14,18,28,29],"killed_by":"Automaton","ascension_level":15}