{"gold_per_floor":[114,66,66,77,96,128,128,139,163,189,78,97,97,112,112,184,184,198,52,22,38,53,53,79,79,103,103,103,103,118,144,144,221,221,233,246,246,256,301,301,329,345,345,355,383,398,262,282,282,282,282,282,102,131,131],"floor_reached":56,"playtime":2601,"items_purged":["Strike_R","Writhe"],"score":2528,"play_id":"5507d69a-0f27-4413-bb3a-55fa129566ba","local_time":"20190825002743","is_ascension_mode":true,"campfire_choices":[{"data":"Hemokinesis","floor":7,"key":"SMITH"},{"data":"Bash","floor":13,"key":"SMITH"},{"data":"Inflame","floor":15,"key":"SMITH"},{"data":"Burning Pact","floor":23,"key":"SMITH"},{"data":"Corruption","floor":25,"key":"SMITH"},{"data":"Demon Form","floor":27,"key":"SMITH"},{"data":"Shockwave","floor":32,"key":"SMITH"},{"floor":40,"key":"RECALL"},{"data":"Feel No Pain","floor":49,"key":"SMITH"},{"data":"Burning Pact","floor":52,"key":"SMITH"}],"neow_cost":"NONE","seed_source_timestamp":878812216984377,"circlet_count":0,"master_deck":["AscendersBane","Strike_R","Strike_R","Strike_R+1","Defend_R","Defend_R","Defend_R+1","Defend_R","Bash+1","Disarm","Shrug It Off","Hemokinesis+1","Sword Boomerang","Inflame+1","Shrug It Off+1","Carnage","Anger+1","Disarm","Demon Form+1","Shockwave+1","Corruption+1","Burning Pact+1","Feel No Pain+1","Spot Weakness","Shrug It Off+1","Feed","Burning Pact+1","Armaments+1","Sentinel","Second Wind","Feel No Pain+1","Battle Trance","Impervious"],"relics":["Burning Blood","Centennial Puzzle","Oddly Smooth Stone","Blood Vial","Anchor","Mark of Pain","Whetstone","War Paint","Dead Branch","Ornamental Fan","Snecko Eye","FossilizedHelix","Boot","Ice Cream","Bag of Preparation","Pen Nib"],"potions_floor_usage":[6,8,10,18,54,55],"damage_taken":[{"damage":10,"enemies":"Small Slimes","floor":1,"turns":3},{"damage":14,"enemies":"Jaw Worm","floor":4,"turns":4},{"damage":1,"enemies":"Cultist","floor":5,"turns":3},{"damage":19,"enemies":"Gremlin Nob","floor":6,"turns":3},{"damage":0,"enemies":"Lots of Slimes","floor":8,"turns":1},{"damage":16,"enemies":"Lagavulin","floor":10,"turns":5},{"damage":6,"enemies":"2 Fungi Beasts","floor":12,"turns":3},{"damage":2,"enemies":"3 Louse","floor":14,"turns":2},{"damage":17,"enemies":"Hexaghost","floor":16,"turns":9},{"damage":13,"enemies":"Spheric Guardian","floor":18,"turns":3},{"damage":3,"enemies":"Chosen","floor":21,"turns":4},{"damage":16,"enemies":"Snecko","floor":22,"turns":4},{"damage":5,"enemies":"Book of Stabbing","floor":24,"turns":4},{"damage":1,"enemies":"Centurion and Healer","floor":30,"turns":3},{"damage":22,"enemies":"Slavers","floor":31,"turns":4},{"damage":0,"enemies":"Champ","floor":33,"turns":7},{"damage":0,"enemies":"Orb Walker","floor":35,"turns":6},{"damage":8,"enemies":"3 Shapes","floor":36,"turns":3},{"damage":10,"enemies":"Sphere and 2 Shapes","floor":38,"turns":3},{"damage":14,"enemies":"2 Orb Walkers","floor":39,"turns":4},{"damage":0,"enemies":"Nemesis","floor":41,"turns":5},{"damage":0,"enemies":"Maw","floor":42,"turns":7},{"damage":0,"enemies":"3 Darklings","floor":44,"turns":5},{"damage":0,"enemies":"Giant Head","floor":45,"turns":4},{"damage":0,"enemies":"Jaw Worm Horde","floor":46,"turns":7},{"damage":0,"enemies":"Spire Growth","floor":48,"turns":4},{"damage":0,"enemies":"Awakened One","floor":50,"turns":6},{"damage":0,"enemies":"Shield and Spear","floor":54,"turns":6},{"damage":0,"enemies":"The Heart","floor":55,"turns":8}],"seed_played":"-675042999135466695","potions_obtained":[{"floor":5,"key":"EssenceOfSteel"},{"floor":6,"key":"AttackPotion"},{"floor":14,"key":"SteroidPotion"},{"floor":20,"key":"GamblersBrew"},{"floor":20,"key":"Explosive Potion"},{"floor":38,"key":"Ancient Potion"}],"is_trial":false,"path_per_floor":["M","$","?","M","M","E","R","M","T","E","$","M","R","M","R","B",null,"M","$","?","M","M","R","E","R","T","R","?","?","M","E","R","B",null,"M","M","?","M","?","R","E","M","T","M","E","M","$","M","R","B",null,"R","$","E","B",null],"character_chosen":"IRONCLAD","items_purchased":["Strength Potion","Carnage","Corruption","Burning Pact","Feel No Pain","Bag of Preparation","Battle Trance"],"campfire_rested":0,"item_purchase_floors":[2,11,19,19,47,53,53],"current_hp_per_floor":[64,64,57,49,54,41,41,47,47,39,39,41,41,47,47,38,66,61,61,61,66,58,58,61,61,61,61,61,61,68,54,54,62,72,75,79,77,77,74,74,85,91,91,94,94,97,97,100,100,103,103,103,103,109,109],"gold":131,"neow_bonus":"RANDOM_COMMON_RELIC","is_prod":false,"is_daily":false,"chose_seed":false,"campfire_upgraded":9,"win_rate":0,"timestamp":1566707263,"path_taken":["M","$","?","M","M","E","R","M","T","E","?","M","R","M","R","BOSS","M","$","?","M","?","R","E","R","T","R","?","?","M","E","R","BOSS","M","M","?","M","?","R","E","M","T","M","E","M","$","M","R","BOSS","R","$","E","BOSS"],"build_version":"2019-07-17","purchased_purges":2,"victory":true,"max_hp_per_floor":[75,75,75,75,75,75,75,75,75,75,75,75,75,75,75,75,75,75,75,75,75,75,75,75,75,75,75,75,75,75,75,75,75,75,75,81,77,81,84,84,87,91,91,94,94,97,97,100,100,103,103,103,103,109,109],"card_choices":[{"not_picked":["True Grit","Sword Boomerang"],"picked":"Disarm","floor":1},{"not_picked":["True Grit","Havoc"],"picked":"Shrug It Off","floor":4},{"not_picked":["Headbutt","True Grit"],"picked":"Hemokinesis","floor":5},{"not_picked":["Twin Strike","Power Through"],"picked":"Sword Boomerang","floor":6},{"not_picked":["True Grit","Headbutt"],"picked":"Inflame","floor":8},{"not_picked":["Sword Boomerang","Seeing Red"],"picked":"Shrug It Off","floor":10},{"not_picked":["Metallicize","Berserk"],"picked":"Anger","floor":12},{"not_picked":["Iron Wave","Fire Breathing"],"picked":"Disarm","floor":14},{"not_picked":["Barricade","Juggernaut"],"picked":"Demon Form","floor":16},{"not_picked":["Anger","Twin Strike"],"picked":"Shockwave","floor":18},{"not_picked":["Pummel","Perfected Strike","Flex"],"picked":"SKIP","floor":21},{"not_picked":["Shrug It Off","Anger"],"picked":"Feel No Pain","floor":22},{"not_picked":["Iron Wave","Corruption"],"picked":"Spot Weakness","floor":24},{"not_picked":["Twin Strike","Havoc","Blood for Blood"],"picked":"SKIP","floor":30},{"not_picked":["Carnage","Shockwave"],"picked":"Shrug It Off+1","floor":31},{"not_picked":["Exhume","Impervious"],"picked":"Feed","floor":33},{"not_picked":["Dropkick+1","Clothesline+1"],"picked":"Burning Pact","floor":35},{"not_picked":["Fire Breathing","Clothesline"],"picked":"Armaments+1","floor":36},{"not_picked":["Pummel","Intimidate","Entrench"],"picked":"SKIP","floor":38},{"not_picked":["Havoc","Uppercut"],"picked":"Sentinel","floor":39},{"not_picked":["Sever Soul","Carnage+1","Ghostly Armor"],"picked":"SKIP","floor":41},{"not_picked":["Shockwave","Entrench"],"picked":"Second Wind","floor":42},{"not_picked":["Body Slam","Intimidate","Armaments"],"picked":"SKIP","floor":44},{"not_picked":["Havoc","Pommel Strike","Clothesline"],"picked":"SKIP","floor":45},{"not_picked":["Anger","Blood for Blood","Havoc"],"picked":"SKIP","floor":46},{"not_picked":["Clothesline","Shrug It Off","Flex+1"],"picked":"SKIP","floor":48},{"not_picked":["Pommel Strike","Body Slam"],"picked":"Impervious","floor":54}],"player_experience":2737647,"relics_obtained":[{"floor":6,"key":"Oddly Smooth Stone"},{"floor":9,"key":"Blood Vial"},{"floor":10,"key":"Anchor"},{"floor":24,"key":"Whetstone"},{"floor":26,"key":"War Paint"},{"floor":31,"key":"Ornamental Fan"},{"floor":39,"key":"FossilizedHelix"},{"floor":41,"key":"Boot"},{"floor":45,"key":"Ice Cream"},{"floor":54,"key":"Pen Nib"}],"event_choices":[{"cards_removed":["Strike_R"],"damage_healed":0,"gold_gain":0,"player_choice":"Card Removal","damage_taken":7,"max_hp_gain":0,"max_hp_loss":0,"event_name":"Golden Wing","floor":3,"gold_loss":0},{"damage_healed":0,"gold_gain":0,"player_choice":"Bought 2 Potions","damage_taken":0,"max_hp_gain":0,"max_hp_loss":0,"event_name":"The Woman in Blue","floor":20,"gold_loss":0},{"damage_healed":0,"gold_gain":0,"player_choice":"Opened","damage_taken":0,"relics_obtained":["Dead Branch"],"max_hp_gain":0,"max_hp_loss":0,"event_name":"The Mausoleum","floor":28,"gold_loss":0,"cards_obtained":["Writhe"]},{"damage_healed":0,"gold_gain":0,"player_choice":"Upgraded","damage_taken":0,"max_hp_gain":0,"max_hp_loss":0,"event_name":"Upgrade Shrine","floor":29,"gold_loss":0,"cards_upgraded":["Feel No Pain"]},{"damage_healed":0,"gold_gain":0,"player_choice":"Max HP","damage_taken":0,"max_hp_gain":0,"max_hp_loss":4,"event_name":"Winding Halls","floor":37,"gold_loss":0},{"damage_healed":0,"gold_gain":0,"player_choice":"Fight","damage_taken":0,"max_hp_gain":0,"max_hp_loss":0,"event_name":"Mysterious Sphere","floor":39,"gold_loss":0}],"is_beta":false,"boss_relics":[{"not_picked":["Lizard Tail","Runic Cube"],"picked":"Mark of Pain"},{"not_picked":["Busted Crown","Cursed Key"],"picked":"Snecko Eye"}],"items_purged_floors":[11,47],"is_endless":false,"potions_floor_spawned":[5,6,14,30,38,41,42,44],"ascension_level":15}