{"gold_per_floor":[114,114,127,227,243,275,275,275,275,275,294,22,34,44,44,149,149,168,168,183,98,98,132,132,166,191,206,206,225,225,225,225,328,328,343,58,58,58,71,106,106,121,121,18,32,32,44,44,44,44],"floor_reached":51,"playtime":3178,"items_purged":["Defend_B","Sunder+1"],"score":864,"play_id":"0c3669b3-bc04-4e33-9cf9-b69deb444e78","local_time":"20190103211117","is_ascension_mode":true,"campfire_choices":[{"data":"Zap","floor":7,"key":"SMITH"},{"data":"Dualcast","floor":10,"key":"SMITH"},{"data":"Capacitor","floor":15,"key":"SMITH"},{"data":"Redo","floor":24,"key":"SMITH"},{"data":"Coolheaded","floor":28,"key":"SMITH"},{"data":"Glacier","floor":30,"key":"SMITH"},{"floor":32,"key":"REST"},{"floor":41,"key":"REST"},{"floor":46,"key":"REST"},{"floor":49,"key":"REST"}],"neow_cost":"NONE","seed_source_timestamp":460830048094100,"circlet_count":0,"master_deck":["Zap+1","Dualcast+1","Glacier","Consume+1","Capacitor+1","Auto Shields+1","Defragment+1","Leap","Electrodynamics+1","Ball Lightning","Glacier+1","Barrage","Redo+1","Coolheaded+1","Melter+1","Writhe","Doom and Gloom","Double Energy+1","Barrage","Cold Snap+1","Biased Cognition+1","Capacitor+1","Capacitor+1","Rebound","Electrodynamics+1","Meteor Strike","Hologram+1","Consume+1","Chill+1","Self Repair+1","Madness+1","Madness+1","Conserve Battery+1","Rainbow+1","Hologram+1","Conserve Battery+1","Chaos+1","Reinforced Body+1"],"relics":["Cracked Core","Pen Nib","Mercury Hourglass","Frozen Egg 2","Runic Capacitor","Orrery","Ornamental Fan","Smiling Mask","Letter Opener","Toxic Egg 2","Whetstone","Pandora\u0027s Box","PreservedInsect","Cables","Sundial"],"potions_floor_usage":[16,25,25,29,33,39,40,45,50],"damage_taken":[{"damage":7,"enemies":"Small Slimes","floor":1,"turns":4},{"damage":2,"enemies":"Jaw Worm","floor":3,"turns":4},{"damage":1,"enemies":"Cultist","floor":5,"turns":3},{"damage":9,"enemies":"3 Sentries","floor":6,"turns":12},{"damage":6,"enemies":"Large Slime","floor":11,"turns":6},{"damage":3,"enemies":"Red Slaver","floor":13,"turns":2},{"damage":1,"enemies":"Exordium Thugs","floor":14,"turns":4},{"damage":3,"enemies":"Hexaghost","floor":16,"turns":10},{"damage":13,"enemies":"Shell Parasite","floor":18,"turns":3},{"damage":1,"enemies":"Spheric Guardian","floor":20,"turns":3},{"damage":20,"enemies":"Gremlin Leader","floor":23,"turns":7},{"damage":0,"enemies":"Slavers","floor":25,"turns":4},{"damage":4,"enemies":"Cultist and Chosen","floor":27,"turns":4},{"damage":12,"enemies":"Chosen and Byrds","floor":29,"turns":5},{"damage":0,"enemies":"Automaton","floor":33,"turns":9},{"damage":24,"enemies":"3 Shapes","floor":35,"turns":4},{"damage":12,"enemies":"Orb Walker","floor":39,"turns":2},{"damage":4,"enemies":"Giant Head","floor":40,"turns":7},{"damage":15,"enemies":"Maw","floor":42,"turns":6},{"damage":32,"enemies":"Writhing Mass","floor":45,"turns":4},{"damage":14,"enemies":"Transient","floor":47,"turns":5},{"damage":25,"enemies":"Donu and Deca","floor":50,"turns":10}],"seed_played":"8306775401602184451","potions_obtained":[{"floor":1,"key":"PowerPotion"},{"floor":3,"key":"Swift Potion"},{"floor":13,"key":"SpeedPotion"},{"floor":16,"key":"Energy Potion"},{"floor":25,"key":"Dexterity Potion"},{"floor":27,"key":"SkillPotion"},{"floor":29,"key":"FearPotion"},{"floor":35,"key":"FocusPotion"},{"floor":42,"key":"LiquidBronze"},{"floor":45,"key":"Dexterity Potion"}],"is_trial":false,"path_per_floor":["M","?","M","?","M","E","R","?","T","R","M","$","M","M","R","B",null,"M","?","M","?","?","E","R","E","T","M","R","M","R","?","R","B",null,"M","$","?","?","M","E","R","M","T","$","M","R","M","?","R","B",null],"character_chosen":"DEFECT","items_purchased":["Runic Capacitor","Chill+1","Self Repair+1","PreservedInsect","Conserve Battery+1"],"campfire_rested":4,"item_purchase_floors":[12,36,36,36,44],"current_hp_per_floor":[68,68,66,66,65,56,56,56,56,56,50,50,47,46,46,43,75,62,62,61,61,61,41,41,41,41,37,37,25,25,9,31,31,75,51,51,42,42,30,36,58,43,43,43,21,43,29,29,51,36],"gold":44,"neow_bonus":"RANDOM_COMMON_RELIC","is_prod":false,"is_daily":false,"chose_seed":false,"campfire_upgraded":6,"win_rate":0,"timestamp":1546546277,"path_taken":["M","?","M","?","?","E","R","?","T","R","?","$","M","M","R","BOSS","M","?","M","?","?","E","R","E","T","M","R","M","R","?","R","BOSS","M","$","?","?","M","E","R","M","T","$","?","R","M","?","R","BOSS"],"build_version":"2018-12-20","purchased_purges":2,"victory":true,"max_hp_per_floor":[75,75,75,75,75,75,75,75,75,75,75,75,75,75,75,75,75,75,75,75,75,75,75,75,75,75,75,75,75,75,75,75,75,75,75,75,75,75,75,75,75,75,75,75,75,75,75,75,75,75],"card_choices":[{"not_picked":["Chill","Reinforced Body"],"picked":"Glacier","floor":1},{"not_picked":["Cold Snap","Coolheaded"],"picked":"Consume","floor":3},{"not_picked":["Go for the Eyes","Hologram"],"picked":"Capacitor","floor":5},{"not_picked":["Streamline","Ball Lightning"],"picked":"Auto Shields","floor":6},{"not_picked":["Leap","Melter"],"picked":"Defragment+1","floor":11},{"not_picked":["Steam","Gash"],"picked":"Barrage","floor":13},{"not_picked":["Tempest","Go for the Eyes"],"picked":"Leap","floor":14},{"not_picked":["Creative AI+1","Buffer+1"],"picked":"Electrodynamics+1","floor":16},{"not_picked":["Rebound","Conserve Battery"],"picked":"Ball Lightning","floor":17},{"not_picked":["Ball Lightning","Leap"],"picked":"Glacier","floor":17},{"not_picked":["Beam Cell","Tempest"],"picked":"Barrage","floor":17},{"not_picked":["Aggregate","Heatsinks+1"],"picked":"Redo","floor":17},{"not_picked":["White Noise","Reboot"],"picked":"Sunder","floor":17},{"not_picked":["Stack","Go for the Eyes"],"picked":"Coolheaded","floor":18},{"not_picked":["Turbo","Genetic Algorithm"],"picked":"Melter+1","floor":20},{"not_picked":["Compile Driver","Force Field"],"picked":"Doom and Gloom","floor":23},{"not_picked":["Sweeping Beam","Force Field"],"picked":"Double Energy","floor":25},{"not_picked":["Conserve Battery+1","Heatsinks+1"],"picked":"Barrage","floor":27},{"not_picked":["Capacitor+1","Ball Lightning"],"picked":"Cold Snap+1","floor":29},{"not_picked":["Reboot+1","All For One"],"picked":"Biased Cognition+1","floor":33},{"not_picked":["Ball Lightning","Coolheaded+1"],"picked":"Consume+1","floor":35},{"not_picked":["Gash+1","Fusion+1"],"picked":"Conserve Battery+1","floor":39},{"not_picked":["Stack+1","Ball Lightning"],"picked":"Rainbow+1","floor":40},{"not_picked":["Ball Lightning","Hyperbeam"],"picked":"Hologram+1","floor":42},{"not_picked":["Compile Driver","Melter+1"],"picked":"Chaos+1","floor":45},{"not_picked":["Capacitor+1","Hello World+1"],"picked":"Reinforced Body+1","floor":47}],"player_experience":142103,"relics_obtained":[{"floor":6,"key":"Mercury Hourglass"},{"floor":9,"key":"Frozen Egg 2"},{"floor":23,"key":"Letter Opener"},{"floor":25,"key":"Toxic Egg 2"},{"floor":26,"key":"Whetstone"},{"floor":40,"key":"Cables"},{"floor":43,"key":"Sundial"}],"event_choices":[{"damage_healed":0,"gold_gain":0,"player_choice":"Ignored","damage_taken":0,"max_hp_gain":0,"max_hp_loss":0,"event_name":"Liars Game","floor":2,"gold_loss":0},{"damage_healed":0,"gold_gain":100,"player_choice":"Pray","damage_taken":0,"max_hp_gain":0,"max_hp_loss":0,"event_name":"Golden Shrine","floor":4,"gold_loss":0},{"damage_healed":0,"gold_gain":0,"player_choice":"Forge","damage_taken":0,"max_hp_gain":0,"max_hp_loss":0,"event_name":"Accursed Blacksmith","floor":8,"gold_loss":0,"cards_upgraded":["Consume"]},{"cards_removed":["Strike_B"],"damage_healed":0,"gold_gain":0,"player_choice":"Elegance","damage_taken":0,"max_hp_gain":0,"max_hp_loss":0,"event_name":"Back to Basics","floor":19,"gold_loss":0},{"damage_healed":0,"gold_gain":0,"player_choice":"Obtained Relic","damage_taken":0,"relics_obtained":["Ornamental Fan"],"max_hp_gain":0,"max_hp_loss":0,"event_name":"Addict","floor":21,"gold_loss":85},{"damage_healed":0,"gold_gain":0,"player_choice":"Opened","damage_taken":0,"relics_obtained":["Smiling Mask"],"max_hp_gain":0,"max_hp_loss":0,"event_name":"The Mausoleum","floor":22,"gold_loss":0,"cards_obtained":["Writhe"]},{"damage_healed":0,"gold_gain":0,"player_choice":"Obtained Book","damage_taken":16,"max_hp_gain":0,"max_hp_loss":0,"event_name":"Cursed Tome","floor":31,"gold_loss":0},{"damage_healed":0,"gold_gain":0,"player_choice":"Embrace Madness","damage_taken":9,"max_hp_gain":0,"max_hp_loss":0,"event_name":"Winding Halls","floor":37,"gold_loss":0,"cards_obtained":["Madness","Madness"]},{"damage_healed":0,"gold_gain":0,"player_choice":"Upgraded","damage_taken":0,"max_hp_gain":0,"max_hp_loss":0,"event_name":"Upgrade Shrine","floor":38,"gold_loss":0,"cards_upgraded":["Auto Shields"]},{"cards_removed":["Barrage"],"damage_healed":0,"gold_gain":0,"player_choice":"Removed Attack","damage_taken":0,"max_hp_gain":0,"max_hp_loss":0,"event_name":"Falling","floor":48,"gold_loss":0}],"is_beta":false,"boss_relics":[{"not_picked":["Ectoplasm","Astrolabe"],"picked":"Orrery"},{"not_picked":["Philosopher\u0027s Stone","Runic Pyramid"],"picked":"Pandora\u0027s Box"}],"items_purged_floors":[12,44],"is_endless":false,"potions_floor_spawned":[1,3,13,16,23,25,27,29,35,42,45],"ascension_level":2}