{"gold_per_floor":[119,69,81,100,117,117,146,146,219,246,521,521,531,541,541,637,637,652,652,30,49,101,113,126,158,158,158,190,190,290,317,317,414,414,427,481,481,481,139,171,49,76,101,120,133,133,158,172,172,172,172,172,1,28,28],"floor_reached":55,"playtime":7186,"items_purged":["Regret","Strike_G"],"score":990,"play_id":"a503e95a-e5b9-4503-af3f-534ae10319a2","local_time":"20190814173327","is_ascension_mode":true,"campfire_choices":[{"floor":6,"key":"RECALL"},{"floor":8,"key":"REST"},{"floor":12,"key":"REST"},{"data":"Neutralize","floor":15,"key":"SMITH"},{"data":"Blur","floor":27,"key":"SMITH"},{"data":"Corpse Explosion","floor":29,"key":"SMITH"},{"data":"Burst","floor":32,"key":"SMITH"},{"data":"Thinking Ahead","floor":46,"key":"SMITH"},{"data":"Noxious Fumes","floor":49,"key":"SMITH"},{"data":"Leg Sweep","floor":52,"key":"SMITH"}],"neow_cost":"NONE","seed_source_timestamp":429974142924300,"circlet_count":0,"master_deck":["Strike_G","Strike_G","Strike_G","Strike_G","Defend_G","Defend_G","Defend_G","Defend_G","Survivor","Neutralize+1","Dagger Throw","Dodge and Roll","Infinite Blades","Flying Knee","Leg Sweep+1","Quick Slash","Underhanded Strike","Burst+1","Corpse Explosion+1","Crippling Poison+1","Escape Plan","Sadistic Nature","Poisoned Stab","Backflip+1","Deflect+1","Choke+1","Blur+1","Escape Plan+1","Outmaneuver","Footwork+1","After Image","Flash of Steel","Noxious Fumes+1","Thinking Ahead+1","Prepared","Escape Plan","Prepared","Dagger Throw","Prepared"],"relics":["Ring of the Snake","FossilizedHelix","Vajra","Eternal Feather","Membership Card","Boot","Darkstone Periapt","Strawberry","Ninja Scroll","Shuriken","Bag of Marbles","Pocketwatch","Bottled Lightning","Orichalcum","Sozu","Torii","Bag of Preparation","Happy Flower","Omamori","Potion Belt","Paper Crane","Bottled Flame","PreservedInsect","The Specimen","Toy Ornithopter","Oddly Smooth Stone","Sundial"],"potions_floor_usage":[7,16,16,16,16,21,23,25,25,36,50,55],"damage_taken":[{"damage":3,"enemies":"Jaw Worm","floor":1,"turns":3},{"damage":0,"enemies":"Small Slimes","floor":3,"turns":3},{"damage":0,"enemies":"Cultist","floor":4,"turns":3},{"damage":21,"enemies":"Exordium Thugs","floor":5,"turns":7},{"damage":29,"enemies":"Lagavulin","floor":7,"turns":7},{"damage":16,"enemies":"Gremlin Nob","floor":10,"turns":6},{"damage":4,"enemies":"Red Slaver","floor":13,"turns":3},{"damage":0,"enemies":"Exordium Wildlife","floor":14,"turns":3},{"damage":36,"enemies":"Hexaghost","floor":16,"turns":10},{"damage":1,"enemies":"3 Byrds","floor":18,"turns":4},{"damage":14,"enemies":"Spheric Guardian","floor":21,"turns":5},{"damage":3,"enemies":"Snecko","floor":23,"turns":6},{"damage":8,"enemies":"Cultist and Chosen","floor":24,"turns":6},{"damage":25,"enemies":"Slavers","floor":25,"turns":3},{"damage":4,"enemies":"Gremlin Leader","floor":28,"turns":8},{"damage":0,"enemies":"Colosseum Slavers","floor":30,"turns":3},{"damage":0,"enemies":"Colosseum Nobs","floor":30,"turns":4},{"damage":8,"enemies":"Book of Stabbing","floor":31,"turns":5},{"damage":36,"enemies":"Collector","floor":33,"turns":9},{"damage":0,"enemies":"3 Shapes","floor":35,"turns":1},{"damage":0,"enemies":"2 Orb Walkers","floor":36,"turns":3},{"damage":17,"enemies":"Reptomancer","floor":40,"turns":5},{"damage":0,"enemies":"Nemesis","floor":42,"turns":5},{"damage":1,"enemies":"3 Darklings","floor":44,"turns":4},{"damage":0,"enemies":"Transient","floor":45,"turns":5},{"damage":0,"enemies":"Reptomancer","floor":47,"turns":5},{"damage":1,"enemies":"Spire Growth","floor":48,"turns":5},{"damage":30,"enemies":"Awakened One","floor":50,"turns":16},{"damage":35,"enemies":"Shield and Spear","floor":54,"turns":5},{"damage":57,"enemies":"The Heart","floor":55,"turns":8}],"seed_played":"-1869116820731593102","potions_obtained":[{"floor":5,"key":"Block Potion"},{"floor":7,"key":"FearPotion"},{"floor":13,"key":"EntropicBrew"},{"floor":16,"key":"SteroidPotion"},{"floor":19,"key":"Regen Potion"},{"floor":19,"key":"AttackPotion"},{"floor":19,"key":"SpeedPotion"},{"floor":21,"key":"Dexterity Potion"},{"floor":23,"key":"SkillPotion"},{"floor":25,"key":"Dexterity Potion"},{"floor":28,"key":"GhostInAJar"},{"floor":31,"key":"PowerPotion"}],"is_trial":false,"path_per_floor":["M","?","M","M","M","R","E","R","T","E","?","R","M","M","R","B",null,"M","?","$","M","T","M","M","E","T","R","E","R","?","E","R","B",null,"M","?","?","T","$","E","$","E","T","M","M","R","E","M","R","B",null,"R","$","E","B"],"character_chosen":"THE_SILENT","items_purchased":["Membership Card","Boot","Escape Plan","Sadistic Nature","Poisoned Stab","Darkstone Periapt","Happy Flower","Omamori","Noxious Fumes","Thinking Ahead","Prepared","Paper Crane","Toy Ornithopter","Oddly Smooth Stone"],"campfire_rested":2,"item_purchase_floors":[20,20,20,20,20,20,39,39,39,39,39,41,53,53],"current_hp_per_floor":[74,74,74,74,53,53,24,47,47,31,31,54,50,50,50,14,77,76,76,76,62,69,81,73,48,48,63,59,74,74,66,84,48,84,84,84,84,84,84,67,67,67,67,66,66,84,84,83,84,54,84,84,84,49,0],"gold":28,"neow_bonus":"TEN_PERCENT_HP_BONUS","is_prod":false,"is_daily":false,"chose_seed":false,"campfire_upgraded":7,"win_rate":0,"timestamp":1565796807,"path_taken":["M","?","M","M","M","R","E","R","T","E","?","R","M","?","R","BOSS","M","?","$","?","?","M","M","E","T","R","E","R","?","E","R","BOSS","M","?","?","?","$","E","$","E","T","M","?","R","E","M","R","BOSS","R","$","E","BOSS"],"build_version":"2019-07-17","purchased_purges":2,"victory":false,"max_hp_per_floor":[77,77,77,77,77,77,77,77,77,77,77,77,77,77,77,77,77,77,77,77,77,84,84,84,84,84,84,84,84,84,84,84,84,84,84,84,84,84,84,84,84,84,84,84,84,84,84,84,84,84,84,84,84,84,84],"card_choices":[{"not_picked":["Prepared","Leg Sweep"],"picked":"Dagger Throw","floor":1},{"not_picked":["Distraction","Underhanded Strike"],"picked":"Dodge and Roll","floor":3},{"not_picked":["Crippling Poison","Slice"],"picked":"Infinite Blades","floor":4},{"not_picked":["Underhanded Strike","Eviscerate"],"picked":"Flying Knee","floor":5},{"not_picked":["Dodge and Roll","Poisoned Stab"],"picked":"Leg Sweep","floor":7},{"not_picked":["Flying Knee","Infinite Blades"],"picked":"Quick Slash","floor":10},{"not_picked":["Crippling Poison","Distraction"],"picked":"Underhanded Strike","floor":13},{"not_picked":["Outmaneuver","Dagger Throw"],"picked":"Burst","floor":14},{"not_picked":["Envenom","After Image"],"picked":"Corpse Explosion","floor":16},{"not_picked":["Masterful Stab+1","PiercingWail+1"],"picked":"Crippling Poison+1","floor":18},{"not_picked":["Skewer+1","Backstab"],"picked":"Backflip+1","floor":21},{"not_picked":["Blade Dance","Sucker Punch"],"picked":"Deflect+1","floor":23},{"not_picked":["Quick Slash","Endless Agony"],"picked":"Choke+1","floor":24},{"not_picked":["Bane","Backstab"],"picked":"Blur","floor":25},{"not_picked":["Reflex","Flying Knee+1"],"picked":"Escape Plan+1","floor":28},{"not_picked":["PiercingWail","Corpse Explosion"],"picked":"Outmaneuver","floor":30},{"not_picked":["Choke+1","Riddle With Holes"],"picked":"Footwork+1","floor":31},{"not_picked":["A Thousand Cuts","Bullet Time"],"picked":"After Image","floor":33},{"not_picked":["Slice+1","Poisoned Stab","Deflect"],"picked":"SKIP","floor":35},{"not_picked":["Violence","Metamorphosis"],"picked":"Flash of Steel","floor":37},{"not_picked":["Underhanded Strike+1","Eviscerate+1","Deflect+1"],"picked":"SKIP","floor":40},{"not_picked":["Underhanded Strike","Deadly Poison"],"picked":"Escape Plan","floor":42},{"not_picked":["Bane+1","Deadly Poison","Predator"],"picked":"SKIP","floor":44},{"not_picked":["Crippling Poison","Backflip","Blade Dance"],"picked":"SKIP","floor":45},{"not_picked":["Finisher","Flying Knee"],"picked":"Prepared","floor":47},{"not_picked":["Outmaneuver","Blade Dance"],"picked":"Dagger Throw","floor":48},{"not_picked":["Flying Knee+1","PiercingWail"],"picked":"Prepared","floor":54}],"player_experience":72357,"relics_obtained":[{"floor":7,"key":"FossilizedHelix"},{"floor":10,"key":"Vajra"},{"floor":22,"key":"Strawberry"},{"floor":25,"key":"Ninja Scroll"},{"floor":26,"key":"Shuriken"},{"floor":28,"key":"Bag of Marbles"},{"floor":30,"key":"Pocketwatch"},{"floor":30,"key":"Bottled Lightning"},{"floor":31,"key":"Orichalcum"},{"floor":36,"key":"Torii"},{"floor":38,"key":"Bag of Preparation"},{"floor":40,"key":"Potion Belt"},{"floor":42,"key":"Bottled Flame"},{"floor":43,"key":"PreservedInsect"},{"floor":47,"key":"The Specimen"},{"floor":54,"key":"Sundial"}],"event_choices":[{"cards_removed":["Defend_G"],"damage_healed":0,"gold_gain":0,"player_choice":"Card Removal","damage_taken":0,"max_hp_gain":0,"max_hp_loss":0,"event_name":"The Cleric","floor":2,"gold_loss":50},{"damage_healed":0,"gold_gain":275,"player_choice":"Desecrate","damage_taken":0,"max_hp_gain":0,"max_hp_loss":0,"event_name":"Golden Shrine","floor":11,"gold_loss":0,"cards_obtained":["Regret"]},{"damage_healed":0,"gold_gain":0,"player_choice":"Got Potions","damage_taken":0,"max_hp_gain":0,"max_hp_loss":0,"event_name":"Lab","floor":19,"gold_loss":0},{"damage_healed":0,"gold_gain":0,"player_choice":"Fight","damage_taken":0,"max_hp_gain":0,"max_hp_loss":0,"event_name":"Colosseum","floor":30,"gold_loss":0},{"damage_healed":0,"gold_gain":0,"player_choice":"Fought Nobs","damage_taken":0,"max_hp_gain":0,"max_hp_loss":0,"event_name":"Colosseum","floor":30,"gold_loss":0},{"damage_healed":0,"gold_gain":0,"player_choice":"Fight","damage_taken":0,"max_hp_gain":0,"max_hp_loss":0,"event_name":"Mysterious Sphere","floor":36,"gold_loss":0},{"damage_healed":0,"gold_gain":0,"player_choice":"Memory 1","damage_taken":0,"max_hp_gain":0,"max_hp_loss":0,"event_name":"SensoryStone","floor":37,"gold_loss":0}],"is_beta":false,"boss_relics":[{"not_picked":["Lizard Tail","Coffee Dripper"],"picked":"Eternal Feather"},{"not_picked":["Astrolabe","Snecko Eye"],"picked":"Sozu"}],"items_purged_floors":[20,39],"is_endless":false,"potions_floor_spawned":[5,7,13,16,21,23,25,28,31,42,45],"killed_by":"The Heart","ascension_level":1}