{"gold_per_floor":[11,23,23,23,98,98,137,137,137,150,150],"floor_reached":11,"playtime":227,"items_purged":[],"score":124,"play_id":"2283cda7-2527-43e9-b92c-eac1da030eb2","local_time":"20190620213051","is_ascension_mode":true,"campfire_choices":[{"floor":6,"key":"REST"},{"data":"Defragment","floor":8,"key":"SMITH"}],"neow_cost":"NO_GOLD","seed_source_timestamp":610887426248285,"circlet_count":0,"master_deck":["AscendersBane","Strike_B+1","Strike_B+1","Strike_B","Strike_B","Defend_B","Defend_B","Defend_B","Defend_B","Zap","Dualcast","Coolheaded","Defragment+1"],"relics":["Cracked Core","Bird Faced Urn","Golden Idol","PreservedInsect","StoneCalendar"],"potions_floor_usage":[],"damage_taken":[{"damage":5,"enemies":"Small Slimes","floor":1,"turns":3},{"damage":3,"enemies":"2 Louse","floor":2,"turns":2},{"damage":30,"enemies":"3 Sentries","floor":7,"turns":10},{"damage":2,"enemies":"Jaw Worm","floor":10,"turns":3},{"damage":18,"enemies":"Gremlin Gang","floor":11,"turns":1}],"seed_played":"4638418651349654164","potions_obtained":[{"floor":2,"key":"GamblersBrew"}],"is_trial":false,"path_per_floor":["M","M","?","?","?","R","E","R","T","M","M"],"character_chosen":"DEFECT","items_purchased":[],"campfire_rested":1,"item_purchase_floors":[],"current_hp_per_floor":[59,56,56,37,26,45,15,15,15,15,0],"gold":150,"neow_bonus":"ONE_RARE_RELIC","is_prod":false,"is_daily":false,"chose_seed":false,"campfire_upgraded":1,"win_rate":0,"timestamp":1561080651,"path_taken":["M","M","?","?","?","R","E","R","T","M","?"],"build_version":"2019-06-19","purchased_purges":0,"victory":false,"max_hp_per_floor":[71,71,64,64,64,64,64,64,64,64,64],"card_choices":[{"not_picked":["Go for the Eyes","Rebound","Barrage"],"picked":"SKIP","floor":1},{"not_picked":["Hologram","Skim"],"picked":"Coolheaded","floor":2},{"not_picked":["Reboot","Hyperbeam"],"picked":"Defragment","floor":7},{"not_picked":["Barrage","Double Energy","Hello World"],"picked":"SKIP","floor":10}],"player_experience":2550377,"relics_obtained":[{"floor":7,"key":"PreservedInsect"},{"floor":9,"key":"StoneCalendar"}],"event_choices":[{"damage_healed":0,"gold_gain":0,"player_choice":"Lose Max HP","damage_taken":0,"relics_obtained":["Golden Idol"],"max_hp_gain":0,"max_hp_loss":7,"event_name":"Golden Idol","floor":3,"gold_loss":0},{"damage_healed":0,"gold_gain":0,"player_choice":"Entered Light","damage_taken":19,"max_hp_gain":0,"max_hp_loss":0,"event_name":"Shining Light","floor":4,"gold_loss":0,"cards_upgraded":["Strike_B","Strike_B"]},{"damage_healed":0,"gold_gain":75,"player_choice":"Gather Gold","damage_taken":11,"max_hp_gain":0,"max_hp_loss":0,"event_name":"World of Goop","floor":5,"gold_loss":0}],"is_beta":true,"boss_relics":[],"items_purged_floors":[],"is_endless":false,"potions_floor_spawned":[2],"killed_by":"Gremlin Gang","ascension_level":15}