{"gold_per_floor":[113,113,123,123,143,143,169,169],"floor_reached":8,"playtime":393,"items_purged":[],"score":59,"play_id":"ef1bf785-4973-40c2-b4aa-99d1cc65162c","local_time":"20190815145828","is_ascension_mode":true,"campfire_choices":[{"floor":6,"key":"REST"}],"neow_cost":"NONE","seed_source_timestamp":9133725413700,"circlet_count":0,"master_deck":["Strike_G","Strike_G","Strike_G","Strike_G","Strike_G","Defend_G","Defend_G","Defend_G","Defend_G","Defend_G+1","Survivor","Neutralize","Calculated Gamble+1","Tactician+1","Prepared","Wraith Form v2"],"relics":["Ring of the Snake","Ancient Tea Set","Bag of Preparation"],"potions_floor_usage":[],"damage_taken":[{"damage":10,"enemies":"Jaw Worm","floor":1,"turns":6},{"damage":2,"enemies":"Small Slimes","floor":3,"turns":4},{"damage":0,"enemies":"2 Louse","floor":5,"turns":3},{"damage":41,"enemies":"Gremlin Nob","floor":7,"turns":6},{"damage":25,"enemies":"Gremlin Gang","floor":8,"turns":5}],"seed_played":"-8098964633125136552","potions_obtained":[{"floor":7,"key":"Strength Potion"}],"is_trial":false,"path_per_floor":["M","?","M","?","M","R","E","M"],"character_chosen":"THE_SILENT","items_purchased":[],"campfire_rested":1,"item_purchase_floors":[],"current_hp_per_floor":[60,46,44,44,44,65,24,0],"gold":169,"neow_bonus":"RANDOM_COMMON_RELIC","is_prod":false,"is_daily":false,"chose_seed":false,"campfire_upgraded":0,"win_rate":0,"timestamp":1565873908,"path_taken":["M","?","M","?","M","R","E","M"],"build_version":"2019-07-17","purchased_purges":0,"victory":false,"max_hp_per_floor":[70,70,70,70,70,70,70,70],"card_choices":[{"not_picked":["Quick Slash","Blade Dance"],"picked":"Calculated Gamble","floor":1},{"not_picked":["Cloak And Dagger","Leg Sweep"],"picked":"Tactician","floor":3},{"not_picked":["Predator","Underhanded Strike"],"picked":"Prepared","floor":5},{"not_picked":["Envenom","Slice"],"picked":"Wraith Form v2","floor":7}],"player_experience":83333,"relics_obtained":[{"floor":7,"key":"Bag of Preparation"}],"event_choices":[{"damage_healed":0,"gold_gain":0,"player_choice":"Entered Light","damage_taken":14,"max_hp_gain":0,"max_hp_loss":0,"event_name":"Shining Light","floor":2,"gold_loss":0,"cards_upgraded":["Defend_G","Calculated Gamble"]},{"damage_healed":0,"gold_gain":0,"player_choice":"Grow","damage_taken":0,"max_hp_gain":0,"max_hp_loss":0,"event_name":"Living Wall","floor":4,"gold_loss":0,"cards_upgraded":["Tactician"]}],"is_beta":false,"boss_relics":[],"items_purged_floors":[],"is_endless":false,"potions_floor_spawned":[7],"killed_by":"Gremlin Gang","ascension_level":1}