{"gold_per_floor":[115,47,61,61,75,75,119,137,164,187,260,284,318,338,338,437,437,462,442,460,475,157,157,172,172,172,186,199,199,7,22,22,22],"floor_reached":33,"playtime":1177,"items_purged":["Strike_R"],"score":460,"play_id":"c3700383-b281-4c5e-8e99-98485ef66836","local_time":"20190714182000","is_ascension_mode":true,"campfire_choices":[{"data":"Carnage","floor":6,"key":"SMITH"},{"floor":15,"key":"REST"},{"data":"Inflame","floor":23,"key":"SMITH"},{"floor":25,"key":"REST"},{"data":"Flame Barrier","floor":29,"key":"SMITH"},{"data":"Berserk","floor":32,"key":"SMITH"}],"neow_cost":"NONE","seed_source_timestamp":346015996331570,"circlet_count":0,"master_deck":["AscendersBane","Strike_R","Strike_R","Strike_R+1","Strike_R","Defend_R","Defend_R","Defend_R","Defend_R","Bash+1","Twin Strike","Battle Trance","Carnage+1","Flame Barrier+1","Cleave","Juggernaut","Inflame+1","Impervious","Headbutt","Clothesline","Immolate","Shrug It Off","Power Through","Berserk+1"],"relics":["Burning Blood","Golden Idol","Whetstone","Strawberry","Bottled Lightning","Boot","Velvet Choker","hubris:EmptyBottle","Matryoshka","Medical Kit"],"potions_floor_usage":[10,16,20,21,24,27,28,33],"damage_taken":[{"damage":9,"enemies":"2 Louse","floor":1,"turns":4},{"damage":4,"enemies":"Jaw Worm","floor":3,"turns":4},{"damage":6,"enemies":"Small Slimes","floor":5,"turns":4},{"damage":18,"enemies":"Gremlin Nob","floor":7,"turns":4},{"damage":28,"enemies":"Gremlin Gang","floor":8,"turns":4},{"damage":4,"enemies":"Red Slaver","floor":10,"turns":3},{"damage":6,"enemies":"Blue Slaver","floor":12,"turns":3},{"damage":40,"enemies":"Lagavulin","floor":13,"turns":9},{"damage":6,"enemies":"Looter","floor":14,"turns":3},{"damage":20,"enemies":"Slime Boss","floor":16,"turns":6},{"damage":9,"enemies":"3 Byrds","floor":18,"turns":5},{"damage":18,"enemies":"Shell Parasite","floor":20,"turns":5},{"damage":19,"enemies":"3 Cultists","floor":21,"turns":5},{"damage":39,"enemies":"Shelled Parasite and Fungi","floor":24,"turns":5},{"damage":4,"enemies":"Centurion and Healer","floor":27,"turns":5},{"damage":0,"enemies":"3 Cultists","floor":28,"turns":2},{"damage":0,"enemies":"Chosen and Byrds","floor":31,"turns":3},{"damage":75,"enemies":"Automaton","floor":33,"turns":8}],"seed_played":"2087312154089328641","potions_obtained":[{"floor":5,"key":"Regen Potion"},{"floor":12,"key":"Strength Potion"},{"floor":13,"key":"PowerPotion"},{"floor":19,"key":"BloodPotion"},{"floor":20,"key":"AttackPotion"},{"floor":21,"key":"Explosive Potion"}],"is_trial":false,"path_per_floor":["M","$","M","?","M","R","E","M","T","M","T","M","E","M","R","B",null,"M","?","M","M","$","R","M","R","T","M","M","R","$","M","R","B"],"character_chosen":"IRONCLAD","items_purchased":["Battle Trance","hubris:EmptyBottle","Shrug It Off","Medical Kit"],"campfire_rested":2,"item_purchase_floors":[2,22,22,30],"current_hp_per_floor":[72,72,74,74,74,74,62,40,47,58,58,58,24,24,48,34,69,66,66,74,61,61,61,28,52,52,54,60,60,60,66,66,0],"gold":22,"neow_bonus":"TEN_PERCENT_HP_BONUS","is_prod":false,"is_daily":false,"chose_seed":false,"campfire_upgraded":4,"win_rate":0,"timestamp":1563142800,"path_taken":["M","$","M","?","M","R","E","M","T","M","?","M","E","M","R","BOSS","M","?","M","M","$","R","M","R","T","?","M","R","?","M","R","BOSS"],"build_version":"2019-07-05","purchased_purges":1,"victory":false,"max_hp_per_floor":[82,82,82,74,74,74,74,74,81,81,81,81,81,81,81,81,81,81,81,81,81,81,81,81,81,81,81,81,81,81,81,81,81],"card_choices":[{"not_picked":["Body Slam","Wild Strike"],"picked":"Twin Strike","floor":1},{"not_picked":["Heavy Blade","True Grit","Twin Strike"],"picked":"SKIP","floor":3},{"not_picked":["Headbutt","Wild Strike"],"picked":"Carnage","floor":5},{"not_picked":["hubris:ReadiedAction","Twin Strike"],"picked":"Flame Barrier","floor":7},{"not_picked":["Flex","Infernal Blade","Sword Boomerang"],"picked":"SKIP","floor":8},{"not_picked":["Perfected Strike","Wild Strike"],"picked":"Cleave","floor":10},{"not_picked":["hubris:ReadiedAction","True Grit"],"picked":"Juggernaut","floor":12},{"not_picked":["Pommel Strike","Corruption"],"picked":"Inflame","floor":13},{"not_picked":["Bloodletting","Pommel Strike","Perfected Strike"],"picked":"SKIP","floor":14},{"not_picked":["Barricade","hubris:StunningStrike"],"picked":"Impervious","floor":16},{"not_picked":["Carnage","Flex"],"picked":"Headbutt","floor":18},{"not_picked":["Anger","Sword Boomerang"],"picked":"Clothesline","floor":20},{"not_picked":["Flame Barrier","Perfected Strike+1"],"picked":"Immolate","floor":21},{"not_picked":["Spot Weakness","Second Wind","Rampage"],"picked":"SKIP","floor":24},{"not_picked":["Pummel","Clothesline","Wild Strike"],"picked":"SKIP","floor":27},{"not_picked":["Havoc+1","Headbutt+1"],"picked":"Power Through","floor":28},{"not_picked":["Metallicize","Dropkick"],"picked":"Berserk","floor":31}],"player_experience":2572625,"relics_obtained":[{"floor":7,"key":"Whetstone"},{"floor":9,"key":"Strawberry"},{"floor":11,"key":"Bottled Lightning"},{"floor":13,"key":"Boot"},{"floor":26,"key":"Matryoshka"}],"event_choices":[{"damage_healed":0,"gold_gain":0,"player_choice":"Lose Max HP","damage_taken":0,"relics_obtained":["Golden Idol"],"max_hp_gain":0,"max_hp_loss":8,"event_name":"Golden Idol","floor":4,"gold_loss":0},{"damage_healed":0,"gold_gain":0,"player_choice":"Bought 1 Potion","damage_taken":0,"max_hp_gain":0,"max_hp_loss":0,"event_name":"The Woman in Blue","floor":19,"gold_loss":0}],"is_beta":false,"boss_relics":[{"not_picked":["hubris:ScarierMask","White Beast Statue"],"picked":"Velvet Choker"}],"items_purged_floors":[22],"is_endless":false,"potions_floor_spawned":[5,12,13,14,20,21],"killed_by":"Automaton","ascension_level":15}