{"gold_per_floor":[110,127,145,163,163,194,35,35,59,59,77,106,122,88,88,193,193,206,206,132,150,150,150],"floor_reached":23,"playtime":3413,"items_purged":[],"score":201,"play_id":"7194af6d-6659-4da9-bd5f-8c5545eb6e9d","local_time":"20190823152820","is_ascension_mode":false,"campfire_choices":[{"floor":15,"key":"REST"}],"neow_cost":"NONE","seed_source_timestamp":334087614841800,"circlet_count":0,"master_deck":["Strike_G","Strike_G","Strike_G","Strike_G","Defend_G","Defend_G","Defend_G","Defend_G","Survivor","Neutralize","Footwork","Choke","Footwork","Well Laid Plans","Burst","Night Terror","Calculated Gamble","Backflip","Deadly Poison","Riddle With Holes","Distraction","Tools of the Trade","Caltrops","RitualDagger","Acrobatics","Dagger Throw","Skewer","Underhanded Strike","Bouncing Flask"],"relics":["Ring of the Serpent","NeowsBlessing","Oddly Smooth Stone","Bag of Marbles","PreservedInsect","Regal Pillow"],"potions_floor_usage":[],"damage_taken":[{"damage":0,"enemies":"Small Slimes","floor":1,"turns":1},{"damage":0,"enemies":"2 Louse","floor":2,"turns":1},{"damage":0,"enemies":"Cultist","floor":3,"turns":1},{"damage":0,"enemies":"Blue Slaver","floor":4,"turns":6},{"damage":15,"enemies":"3 Sentries","floor":6,"turns":14},{"damage":3,"enemies":"Red Slaver","floor":11,"turns":4},{"damage":6,"enemies":"Gremlin Nob","floor":12,"turns":5},{"damage":5,"enemies":"Lots of Slimes","floor":13,"turns":6},{"damage":31,"enemies":"Hexaghost","floor":16,"turns":14},{"damage":8,"enemies":"Spheric Guardian","floor":18,"turns":6},{"damage":6,"enemies":"Chosen","floor":21,"turns":9},{"damage":54,"enemies":"Slavers","floor":23,"turns":3}],"seed_played":"-2576089394906979075","potions_obtained":[{"floor":2,"key":"Strength Potion"},{"floor":4,"key":"SpeedPotion"},{"floor":6,"key":"AttackPotion"},{"floor":11,"key":"Weak Potion"},{"floor":13,"key":"Energy Potion"},{"floor":21,"key":"EssenceOfSteel"}],"is_trial":false,"path_per_floor":["M","M","M","M","?","E","$","?","T","?","M","E","M","$","R","B",null,"M","?","$","M","?","E"],"character_chosen":"THE_SILENT","items_purchased":["Night Terror","Calculated Gamble","Distraction","Acrobatics","Dagger Throw"],"campfire_rested":1,"item_purchase_floors":[7,7,14,20,20],"current_hp_per_floor":[70,70,70,70,70,55,55,52,52,52,49,43,38,38,70,39,70,62,56,56,50,50,0],"gold":150,"neow_bonus":"THREE_ENEMY_KILL","is_prod":false,"is_daily":false,"chose_seed":false,"campfire_upgraded":0,"win_rate":0.0,"timestamp":1566588500,"path_taken":["M","M","M","M","?","E","$","?","T","?","M","E","M","$","R","BOSS","M","?","$","M","?","E"],"build_version":"2019-07-17","purchased_purges":0,"victory":false,"max_hp_per_floor":[70,70,70,70,70,70,70,70,70,70,70,70,70,70,70,70,70,70,70,70,70,70,70],"card_choices":[{"not_picked":["Flying Knee","Dagger Throw"],"picked":"Footwork","floor":1},{"not_picked":["Blade Dance","Underhanded Strike"],"picked":"Choke","floor":2},{"not_picked":["PiercingWail","Slice"],"picked":"Footwork","floor":3},{"not_picked":["Deadly Poison","Endless Agony"],"picked":"Well Laid Plans","floor":4},{"not_picked":["Masterful Stab","Doppelganger"],"picked":"Burst","floor":6},{"not_picked":["Footwork","Dodge and Roll"],"picked":"Backflip","floor":11},{"not_picked":["Backflip","Blade Dance"],"picked":"Deadly Poison","floor":12},{"not_picked":["Quick Slash","Well Laid Plans"],"picked":"Riddle With Holes","floor":13},{"not_picked":["Wraith Form v2","Doppelganger"],"picked":"Tools of the Trade","floor":16},{"not_picked":["Flying Knee","Dagger Throw"],"picked":"Caltrops","floor":18},{"not_picked":["Flying Knee+1","Deflect"],"picked":"Skewer","floor":21}],"player_experience":3632,"relics_obtained":[{"floor":6,"key":"Oddly Smooth Stone"},{"floor":9,"key":"PreservedInsect"},{"floor":12,"key":"Regal Pillow"}],"event_choices":[{"damage_healed":0,"gold_gain":0,"player_choice":"Leave","damage_taken":0,"max_hp_gain":0,"max_hp_loss":0,"event_name":"The Cleric","floor":5,"gold_loss":0},{"damage_healed":0,"gold_gain":0,"player_choice":"Success","damage_taken":3,"relics_obtained":["Bag of Marbles"],"max_hp_gain":0,"max_hp_loss":0,"event_name":"Scrap Ooze","floor":8,"gold_loss":0},{"damage_healed":0,"gold_gain":0,"player_choice":"Ignored","damage_taken":0,"max_hp_gain":0,"max_hp_loss":0,"event_name":"Liars Game","floor":10,"gold_loss":0},{"damage_healed":0,"gold_gain":0,"player_choice":"Joined the Cult","damage_taken":6,"max_hp_gain":0,"max_hp_loss":0,"event_name":"Nest","floor":19,"gold_loss":0,"cards_obtained":["RitualDagger"]},{"damage_healed":0,"gold_gain":0,"cards_transformed":["Strike_G","Defend_G"],"player_choice":"Became Test Subject","damage_taken":0,"max_hp_gain":0,"max_hp_loss":0,"event_name":"Drug Dealer","floor":22,"gold_loss":0,"cards_obtained":["Underhanded Strike","Bouncing Flask"]}],"is_beta":false,"boss_relics":[{"not_picked":["Philosopher\u0027s Stone","WristBlade"],"picked":"Ring of the Serpent"}],"items_purged_floors":[],"is_endless":false,"potions_floor_spawned":[2,4,6,11,13,21],"killed_by":"Slavers","ascension_level":0}