{"gold_per_floor":[110,110,123,140,140,140,156,156,180,180,200,220,255,6,6,102,102,117,129,129,61,75,75,88,88,88,115,115,115,134,152,152,250,250,265,277,377,31,0,27,27,37,87,87,87,99,99,118,118,118,118,118,18,49,49],"floor_reached":55,"playtime":2943,"items_purged":["Strike_R","Strike_R"],"score":719,"play_id":"8ba220cd-928e-46b0-a455-1dede6c2c966","local_time":"20190117172729","is_ascension_mode":false,"campfire_choices":[{"data":"Rage","floor":6,"key":"SMITH"},{"data":"Hemokinesis","floor":8,"key":"SMITH"},{"data":"Bash","floor":10,"key":"SMITH"},{"data":"Evolve","floor":15,"key":"SMITH"},{"data":"Double Tap","floor":23,"key":"SMITH"},{"data":"Blood for Blood","floor":25,"key":"SMITH"},{"data":"Heavy Blade","floor":28,"key":"SMITH"},{"floor":32,"key":"REST"},{"data":"Body Slam","floor":41,"key":"SMITH"},{"data":"Brutality","floor":44,"key":"SMITH"},{"floor":47,"key":"RECALL"},{"data":"Mind Blast","floor":49,"key":"SMITH"},{"data":"Inflame","floor":52,"key":"SMITH"}],"neow_cost":"NONE","seed_source_timestamp":73942687614400,"circlet_count":0,"master_deck":["Strike_R","Strike_R","Defend_R","Defend_R","Defend_R","Bash+1","Hemokinesis+1","Rage+1","Wild Strike","Brutality+1","Power Through","Evolve+1","Inflame+1","Immolate","Iron Wave","Double Tap+1","Heavy Blade+1","Shrug It Off","Blood for Blood+1","Havoc","Cleave","Body Slam+1","Armaments+1","Iron Wave+1","Armaments+1","Whirlwind","True Grit+1","Mind Blast+1","Master of Strategy","Burning Pact+1"],"relics":["Burning Blood","Blood Vial","Anchor","Brimstone","Busted Crown","Nloth\u0027s Gift","Pear","Calipers","Mark of Pain","Incense Burner","Lee\u0027s Waffle","Red Mask","Orichalcum","Art of War"],"potions_floor_usage":[13,13,33,33,37,46,50,55,55],"damage_taken":[{"damage":3,"enemies":"Small Slimes","floor":1,"turns":3},{"damage":3,"enemies":"Jaw Worm","floor":3,"turns":3},{"damage":3,"enemies":"2 Louse","floor":4,"turns":2},{"damage":8,"enemies":"Exordium Thugs","floor":7,"turns":5},{"damage":2,"enemies":"Blue Slaver","floor":11,"turns":3},{"damage":2,"enemies":"Exordium Wildlife","floor":12,"turns":2},{"damage":8,"enemies":"Gremlin Nob","floor":13,"turns":3},{"damage":58,"enemies":"The Guardian","floor":16,"turns":9},{"damage":7,"enemies":"2 Thieves","floor":18,"turns":3},{"damage":0,"enemies":"Spheric Guardian","floor":19,"turns":3},{"damage":8,"enemies":"Centurion and Healer","floor":22,"turns":5},{"damage":8,"enemies":"Cultist and Chosen","floor":24,"turns":3},{"damage":33,"enemies":"Gremlin Leader","floor":27,"turns":4},{"damage":30,"enemies":"Sentry and Sphere","floor":30,"turns":4},{"damage":0,"enemies":"Centurion and Healer","floor":31,"turns":4},{"damage":64,"enemies":"Automaton","floor":33,"turns":7},{"damage":17,"enemies":"3 Shapes","floor":35,"turns":4},{"damage":6,"enemies":"Orb Walker","floor":36,"turns":2},{"damage":44,"enemies":"Mind Bloom Boss Battle","floor":37,"turns":4},{"damage":19,"enemies":"Giant Head","floor":40,"turns":6},{"damage":8,"enemies":"Transient","floor":42,"turns":5},{"damage":1,"enemies":"Spire Growth","floor":46,"turns":2},{"damage":11,"enemies":"Jaw Worm Horde","floor":48,"turns":3},{"damage":75,"enemies":"Awakened One","floor":50,"turns":9},{"damage":53,"enemies":"Shield and Spear","floor":54,"turns":3},{"damage":53,"enemies":"The Heart","floor":55,"turns":3}],"seed_played":"7783556422733860549","potions_obtained":[{"floor":1,"key":"Dexterity Potion"},{"floor":4,"key":"Swift Potion"},{"floor":7,"key":"Poison Potion"},{"floor":16,"key":"SmokeBomb"},{"floor":27,"key":"SkillPotion"},{"floor":30,"key":"Ancient Potion"},{"floor":31,"key":"Ancient Potion"},{"floor":37,"key":"SneckoOil"},{"floor":40,"key":"EssenceOfSteel"},{"floor":42,"key":"Ancient Potion"}],"is_trial":false,"path_per_floor":["M","?","M","M","?","R","M","R","T","R","M","M","E","$","R","B",null,"M","M","?","$","M","R","M","R","T","E","R","?","M","M","R","B",null,"M","M","?","$","?","E","R","M","T","R","?","M","R","M","R","B",null,"R","$","E","B"],"character_chosen":"IRONCLAD","items_purchased":["Brimstone","Iron Wave","Blood for Blood","Lee\u0027s Waffle","Whirlwind"],"campfire_rested":1,"item_purchase_floors":[14,14,21,38,38],"current_hp_per_floor":[80,73,76,79,54,54,54,54,54,54,60,66,66,66,66,16,80,79,80,80,80,78,78,78,78,88,63,63,63,41,49,76,20,90,79,81,45,97,97,84,84,84,84,84,79,86,86,83,83,16,97,97,97,50,0],"gold":49,"neow_bonus":"TRANSFORM_CARD","is_prod":false,"is_daily":false,"chose_seed":false,"campfire_upgraded":11,"win_rate":0,"timestamp":1547742449,"path_taken":["M","?","M","M","?","R","M","R","T","R","M","?","E","$","R","BOSS","M","M","?","?","M","R","M","R","T","E","R","?","M","?","R","BOSS","M","M","?","$","?","E","R","M","T","R","?","M","R","M","R","BOSS","R","$","E","BOSS"],"build_version":"2019-01-10","purchased_purges":2,"victory":false,"max_hp_per_floor":[80,80,80,80,80,80,80,80,80,80,80,80,80,80,80,80,80,80,80,80,80,80,80,80,80,90,90,90,90,90,90,90,90,90,90,90,90,97,97,97,97,97,97,97,97,97,97,97,97,97,97,97,97,97,97],"card_choices":[{"not_picked":["Perfected Strike","Body Slam"],"picked":"Rage","floor":1},{"not_picked":["Blood for Blood","Heavy Blade"],"picked":"Wild Strike","floor":3},{"not_picked":["Wild Strike","Armaments"],"picked":"Brutality","floor":4},{"not_picked":["Searing Blow","Anger"],"picked":"Power Through","floor":7},{"not_picked":["Sword Boomerang","Anger"],"picked":"Evolve","floor":11},{"not_picked":["Dual Wield","Combust"],"picked":"Inflame","floor":12},{"not_picked":["Armaments","Havoc"],"picked":"Immolate","floor":13},{"not_picked":["Brutality","Impervious"],"picked":"Double Tap","floor":16},{"not_picked":[],"picked":"Heavy Blade","floor":18},{"not_picked":[],"picked":"Shrug It Off","floor":19},{"not_picked":[],"picked":"Havoc","floor":22},{"not_picked":[],"picked":"Cleave","floor":24},{"not_picked":[],"picked":"Body Slam","floor":27},{"not_picked":["Pommel Strike"],"picked":"SKIP","floor":30},{"not_picked":["Rampage"],"picked":"SKIP","floor":31},{"not_picked":[],"picked":"Armaments+1","floor":35},{"not_picked":[],"picked":"Iron Wave+1","floor":36},{"not_picked":[],"picked":"Armaments+1","floor":37},{"not_picked":["Brutality"],"picked":"SKIP","floor":40},{"not_picked":[],"picked":"True Grit+1","floor":42},{"not_picked":[],"picked":"Mind Blast","floor":45},{"not_picked":[],"picked":"Master of Strategy","floor":45},{"not_picked":[],"picked":"Burning Pact+1","floor":46},{"not_picked":["Brutality"],"picked":"SKIP","floor":48},{"not_picked":["Havoc"],"picked":"SKIP","floor":54}],"player_experience":175080,"relics_obtained":[{"floor":9,"key":"Potion Belt"},{"floor":13,"key":"Anchor"},{"floor":26,"key":"Pear"},{"floor":27,"key":"Calipers"},{"floor":37,"key":"Incense Burner"},{"floor":40,"key":"Orichalcum"},{"floor":54,"key":"Art of War"}],"event_choices":[{"cards_removed":["Strike_R"],"damage_healed":0,"gold_gain":0,"player_choice":"Card Removal","damage_taken":7,"max_hp_gain":0,"max_hp_loss":0,"event_name":"Golden Wing","floor":2,"gold_loss":0},{"damage_healed":0,"gold_gain":0,"player_choice":"Success","damage_taken":25,"relics_obtained":["Blood Vial"],"max_hp_gain":0,"max_hp_loss":0,"event_name":"Scrap Ooze","floor":5,"gold_loss":0},{"damage_healed":0,"gold_gain":0,"player_choice":"Traded Relic","damage_taken":0,"relics_obtained":["Nloth\u0027s Gift"],"max_hp_gain":0,"max_hp_loss":0,"event_name":"N\u0027loth","floor":20,"relics_lost":["Potion Belt"],"gold_loss":0},{"damage_healed":0,"gold_gain":0,"player_choice":"Ignored","damage_taken":0,"max_hp_gain":0,"max_hp_loss":0,"event_name":"Ghosts","floor":29,"gold_loss":0},{"damage_healed":0,"gold_gain":0,"player_choice":"Fight","damage_taken":0,"max_hp_gain":0,"max_hp_loss":0,"event_name":"MindBloom","floor":37,"gold_loss":0},{"damage_healed":0,"gold_gain":0,"player_choice":"Paid","damage_taken":0,"relics_obtained":["Red Mask"],"max_hp_gain":0,"max_hp_loss":0,"event_name":"Tomb of Lord Red Mask","floor":39,"gold_loss":31},{"damage_healed":0,"gold_gain":0,"player_choice":"Memory 2","damage_taken":5,"max_hp_gain":0,"max_hp_loss":0,"event_name":"SensoryStone","floor":45,"gold_loss":0}],"is_beta":false,"boss_relics":[{"not_picked":["Eternal Feather","Velvet Choker"],"picked":"Busted Crown"},{"not_picked":["Runic Dome","Snecko Eye"],"picked":"Mark of Pain"}],"items_purged_floors":[38,53],"is_endless":false,"potions_floor_spawned":[1,4,7,16,27,30,31,37,40,42],"killed_by":"The Heart","ascension_level":0}