{"gold_per_floor":[114,189,204,4,19,19,34,64,114,114,115,130,145,74,74,174,174,189,204,17,32,32,32,62,62,137,152,252,282,297,297],"floor_reached":31,"playtime":1745,"items_purged":[],"score":352,"play_id":"d4a7a7dd-2ff1-4d3f-9f18-916c7e524ad0","local_time":"20190823222925","daily_mods":["Cursed Run","Uncertain Future","DeadlyEvents"],"is_ascension_mode":false,"campfire_choices":[{"data":"Streamline","floor":6,"key":"SMITH"},{"data":"Doom and Gloom","floor":10,"key":"SMITH"},{"data":"Loop","floor":15,"key":"SMITH"},{"data":"Darkness","floor":23,"key":"SMITH"},{"floor":25,"key":"DIG"}],"neow_cost":"","seed_source_timestamp":0,"circlet_count":0,"master_deck":["Strike_B","Strike_B","Strike_B","Strike_B","Defend_B","Defend_B","Defend_B+1","Defend_B","Zap","Dualcast","Redo","Streamline+1","Ball Lightning","Tempest","Doom and Gloom+1","Parasite","FTL","Fusion","Consume","Loop+1","Clumsy","Rainbow","Redo+1","Ball Lightning+1","Core Surge","Leap+1","Darkness+1","Writhe","Sweeping Beam","Decay","Coolheaded","Conserve Battery","Defragment","Genetic Algorithm"],"special_seed":18131,"relics":["Cursed Key","Darkstone Periapt","Du-Vu Doll","MealTicket","Bottled Flame","Blood Vial","Odd Mushroom","Coffee Dripper","War Paint","Shovel","Potion Belt","Matryoshka","Torii","Mercury Hourglass","Omamori"],"potions_floor_usage":[11],"damage_taken":[{"damage":1,"enemies":"Jaw Worm","floor":1,"turns":3},{"damage":2,"enemies":"Small Slimes","floor":3,"turns":4},{"damage":0,"enemies":"2 Louse","floor":5,"turns":3},{"damage":10,"enemies":"2 Fungi Beasts","floor":7,"turns":3},{"damage":28,"enemies":"Gremlin Nob","floor":8,"turns":4},{"damage":9,"enemies":"The Mushroom Lair","floor":11,"turns":2},{"damage":2,"enemies":"Blue Slaver","floor":12,"turns":2},{"damage":0,"enemies":"Gremlin Gang","floor":13,"turns":2},{"damage":0,"enemies":"Slime Boss","floor":16,"turns":5},{"damage":7,"enemies":"Shell Parasite","floor":18,"turns":2},{"damage":23,"enemies":"2 Thieves","floor":19,"turns":3},{"damage":5,"enemies":"Sentry and Sphere","floor":21,"turns":3},{"damage":33,"enemies":"Slavers","floor":24,"turns":4},{"damage":10,"enemies":"Chosen and Byrds","floor":27,"turns":3},{"damage":12,"enemies":"Colosseum Slavers","floor":28,"turns":2},{"damage":2,"enemies":"Colosseum Nobs","floor":28,"turns":3},{"damage":27,"enemies":"Book of Stabbing","floor":29,"turns":4},{"damage":0,"enemies":"Centurion and Healer","floor":30,"turns":3},{"damage":17,"enemies":"Shelled Parasite and Fungi","floor":31,"turns":2}],"seed_played":"2764095048026629251","potions_obtained":[{"floor":3,"key":"SneckoOil"},{"floor":7,"key":"Explosive Potion"},{"floor":13,"key":"SpeedPotion"},{"floor":18,"key":"SpeedPotion"},{"floor":19,"key":"GamblersBrew"},{"floor":24,"key":"Ancient Potion"}],"is_trial":false,"path_per_floor":["M","?","M","$","M","R","M","E","T","R","?","M","M","$","R","B",null,"M","M","$","M","?","R","E","R","T","M","?","E","M","M"],"character_chosen":"DEFECT","items_purchased":["MealTicket","Loop","Core Surge","Leap"],"campfire_rested":0,"item_purchase_floors":[4,14,20,20],"current_hp_per_floor":[74,63,61,61,61,61,51,23,29,29,22,22,24,39,39,47,87,80,59,74,71,77,77,46,46,52,44,34,9,11,0],"gold":297,"neow_bonus":"","is_prod":false,"is_daily":true,"chose_seed":false,"campfire_upgraded":4,"win_rate":0,"timestamp":1566592165,"path_taken":["M","?","M","$","M","R","M","E","T","R","?","M","M","?","R","BOSS","M","M","$","M","?","R","E","R","T","M","?","?","M","M"],"build_version":"2019-07-17","purchased_purges":0,"victory":false,"max_hp_per_floor":[75,75,75,75,75,75,75,75,81,81,81,81,81,81,81,87,87,87,87,87,87,93,93,93,93,99,99,99,99,99,99],"card_choices":[{"not_picked":["Go for the Eyes","Defragment"],"picked":"Redo","floor":1},{"not_picked":["Stack","Hello World"],"picked":"Streamline","floor":3},{"not_picked":["Compile Driver","Rebound"],"picked":"Ball Lightning","floor":5},{"not_picked":["Seek","Steam"],"picked":"Tempest","floor":7},{"not_picked":["Compile Driver","Double Energy"],"picked":"Doom and Gloom","floor":8},{"not_picked":["Blizzard","Redo"],"picked":"FTL","floor":11},{"not_picked":["Ball Lightning","Redo"],"picked":"Fusion","floor":12},{"not_picked":["Gash","Coolheaded"],"picked":"Consume","floor":13},{"not_picked":["Buffer","Hyperbeam"],"picked":"Rainbow","floor":16},{"not_picked":["Go for the Eyes","Compile Driver"],"picked":"Redo+1","floor":18},{"not_picked":["Hologram","Redo"],"picked":"Ball Lightning+1","floor":19},{"not_picked":["Go for the Eyes","Undo"],"picked":"Darkness","floor":21},{"not_picked":["Beam Cell","Aggregate"],"picked":"Sweeping Beam","floor":24},{"not_picked":["Scrape","Ball Lightning"],"picked":"Coolheaded","floor":27},{"not_picked":["Creative AI","Recycle+1"],"picked":"Conserve Battery","floor":28},{"not_picked":["Conserve Battery","Redo+1"],"picked":"Defragment","floor":29},{"not_picked":["Undo+1","Leap"],"picked":"Genetic Algorithm","floor":30}],"player_experience":169571,"relics_obtained":[{"floor":8,"key":"Bottled Flame"},{"floor":9,"key":"Blood Vial"},{"floor":11,"key":"Odd Mushroom"},{"floor":24,"key":"Shovel"},{"floor":25,"key":"Potion Belt"},{"floor":26,"key":"Matryoshka"},{"floor":28,"key":"Torii"},{"floor":28,"key":"Mercury Hourglass"},{"floor":29,"key":"Omamori"}],"event_choices":[{"damage_healed":0,"gold_gain":75,"player_choice":"Gather Gold","damage_taken":11,"max_hp_gain":0,"max_hp_loss":0,"event_name":"World of Goop","floor":2,"gold_loss":0},{"damage_healed":0,"gold_gain":0,"player_choice":"Fought Mushrooms","damage_taken":0,"max_hp_gain":0,"max_hp_loss":0,"event_name":"Mushrooms","floor":11,"gold_loss":0},{"damage_healed":0,"gold_gain":0,"player_choice":"Opened","damage_taken":0,"relics_obtained":["War Paint"],"max_hp_gain":0,"max_hp_loss":0,"event_name":"The Mausoleum","floor":22,"gold_loss":0,"cards_obtained":["Writhe"]},{"damage_healed":0,"gold_gain":0,"player_choice":"Fight","damage_taken":0,"max_hp_gain":0,"max_hp_loss":0,"event_name":"Colosseum","floor":28,"gold_loss":0},{"damage_healed":0,"gold_gain":0,"player_choice":"Fought Nobs","damage_taken":0,"max_hp_gain":0,"max_hp_loss":0,"event_name":"Colosseum","floor":28,"gold_loss":0}],"is_beta":false,"boss_relics":[{"not_picked":["Lizard Tail","Sozu"],"picked":"Coffee Dripper"}],"items_purged_floors":[],"is_endless":false,"potions_floor_spawned":[3,7,13,18,19,24,28],"killed_by":"Shelled Parasite and Fungi","ascension_level":0}