{"gold_per_floor":[109,58,58,75,85,85,116,133,212,212,212,231,231,231,231,328,328,345,355,1,1,14,14,47,47,47,81,81,96,96,129,129,224,224,244,244,257,5,22,22,47,62,109,109],"floor_reached":44,"playtime":3123,"items_purged":["Defend_R","Anger"],"score":601,"play_id":"6eda1881-ec52-428f-9027-f12c82eea9ea","local_time":"20190113170909","is_ascension_mode":true,"campfire_choices":[{"data":"Armaments","floor":6,"key":"SMITH"},{"data":"Double Tap","floor":10,"key":"SMITH"},{"data":"True Grit","floor":13,"key":"SMITH"},{"data":"Bash","floor":15,"key":"SMITH"},{"data":"Flame Barrier","floor":23,"key":"SMITH"},{"floor":25,"key":"REST"},{"data":"Impervious","floor":28,"key":"SMITH"},{"floor":30,"key":"REST"},{"data":"Clothesline","floor":32,"key":"SMITH"},{"floor":40,"key":"REST"}],"neow_cost":"NONE","seed_source_timestamp":262700463024200,"circlet_count":0,"master_deck":["Bash+1","Double Tap+1","Cleave","Warcry","Armaments+1","Thunderclap","True Grit+1","Shrug It Off","Juggernaut","Demon Form","Metallicize","Shrug It Off+1","Flame Barrier+1","Clothesline+1","Bloodletting+1","Impervious+1","Heavy Blade+1","Flex+1","Double Tap","Armaments","Dropkick","Wild Strike","Whirlwind","Infernal Blade","Heavy Blade","True Grit","Uppercut","Spot Weakness"],"relics":["Burning Blood","Pocketwatch","Blue Candle","NlothsMask","Mark of Pain","Mercury Hourglass","Regal Pillow","Potion Belt","Question Card","Pandora\u0027s Box","Blood Vial","Art of War"],"potions_floor_usage":[7,18,19,19,33,33,41,41],"damage_taken":[{"damage":0,"enemies":"Small Slimes","floor":1,"turns":3},{"damage":7,"enemies":"2 Louse","floor":4,"turns":2},{"damage":1,"enemies":"Cultist","floor":5,"turns":3},{"damage":27,"enemies":"Gremlin Nob","floor":7,"turns":4},{"damage":0,"enemies":"Large Slime","floor":8,"turns":4},{"damage":0,"enemies":"2 Fungi Beasts","floor":12,"turns":3},{"damage":11,"enemies":"Slime Boss","floor":16,"turns":10},{"damage":15,"enemies":"Chosen","floor":18,"turns":4},{"damage":1,"enemies":"3 Byrds","floor":19,"turns":3},{"damage":21,"enemies":"Snecko","floor":22,"turns":5},{"damage":44,"enemies":"Slavers","floor":24,"turns":6},{"damage":15,"enemies":"Book of Stabbing","floor":27,"turns":7},{"damage":11,"enemies":"Centurion and Healer","floor":29,"turns":6},{"damage":3,"enemies":"Gremlin Leader","floor":31,"turns":6},{"damage":49,"enemies":"Collector","floor":33,"turns":9},{"damage":6,"enemies":"Orb Walker","floor":35,"turns":3},{"damage":19,"enemies":"3 Shapes","floor":37,"turns":6},{"damage":52,"enemies":"Jaw Worm Horde","floor":39,"turns":4},{"damage":31,"enemies":"Reptomancer","floor":41,"turns":5},{"damage":37,"enemies":"4 Shapes","floor":42,"turns":6},{"damage":27,"enemies":"Sphere and 2 Shapes","floor":44,"turns":2}],"seed_played":"-2038926071876809257","potions_obtained":[{"floor":1,"key":"Strength Potion"},{"floor":8,"key":"EssenceOfSteel"},{"floor":16,"key":"AttackPotion"},{"floor":18,"key":"Block Potion"},{"floor":27,"key":"Energy Potion"},{"floor":29,"key":"SteroidPotion"},{"floor":37,"key":"Energy Potion"}],"is_trial":false,"path_per_floor":["M","$","?","M","M","R","E","M","T","R","?","M","R","?","R","B",null,"M","M","$","?","M","R","E","R","T","E","R","M","R","E","R","B",null,"M","?","M","$","M","R","E","M","T","M"],"character_chosen":"IRONCLAD","items_purchased":["Warcry","Mercury Hourglass","Flame Barrier","FearPotion","Weak Potion","True Grit"],"campfire_rested":3,"item_purchase_floors":[2,20,20,38,38,38],"current_hp_per_floor":[80,80,85,84,85,85,64,70,70,70,63,69,69,69,69,64,85,76,81,81,65,50,50,12,54,54,45,45,40,82,85,85,42,90,90,90,77,77,31,73,48,19,19,0],"gold":109,"neow_bonus":"ONE_RANDOM_RARE_CARD","is_prod":false,"is_daily":false,"chose_seed":false,"campfire_upgraded":7,"win_rate":0,"timestamp":1547395749,"path_taken":["M","$","?","M","M","R","E","M","T","R","?","M","R","?","R","BOSS","M","M","$","?","M","R","E","R","T","E","R","M","R","E","R","BOSS","M","?","M","$","M","R","E","M","T","M"],"build_version":"2019-01-10","purchased_purges":2,"victory":false,"max_hp_per_floor":[80,80,85,85,85,85,85,85,85,85,85,85,85,85,85,85,85,85,85,85,90,90,90,90,90,90,90,90,90,90,90,90,90,90,90,90,90,90,90,90,90,90,90,90],"card_choices":[{"not_picked":["Flex","Dual Wield"],"picked":"Cleave","floor":1},{"not_picked":["Wild Strike","Havoc"],"picked":"Armaments","floor":4},{"not_picked":["Feed","Burning Pact"],"picked":"Thunderclap","floor":5},{"not_picked":["Rupture","Cleave"],"picked":"True Grit","floor":7},{"not_picked":["Searing Blow","Heavy Blade"],"picked":"Shrug It Off","floor":8},{"not_picked":["Iron Wave","Corruption"],"picked":"Juggernaut","floor":12},{"not_picked":["Barricade","Feed"],"picked":"Demon Form","floor":16},{"not_picked":["True Grit","Searing Blow+1"],"picked":"Metallicize","floor":18},{"not_picked":["Pommel Strike","Entrench+1"],"picked":"Shrug It Off+1","floor":19},{"not_picked":["Perfected Strike","Iron Wave"],"picked":"Clothesline","floor":22},{"not_picked":["Cleave","Rampage"],"picked":"Bloodletting+1","floor":24},{"not_picked":["Sever Soul","Anger"],"picked":"Impervious","floor":27},{"not_picked":["Warcry","Dropkick"],"picked":"Heavy Blade+1","floor":29},{"not_picked":["Havoc","Shrug It Off+1"],"picked":"Flex+1","floor":31},{"not_picked":["Demon Form","Brutality","Exhume"],"picked":"Double Tap","floor":33},{"not_picked":["Iron Wave","Wild Strike+1","Sever Soul+1"],"picked":"Heavy Blade","floor":35},{"not_picked":["Battle Trance+1","Dual Wield","Shrug It Off+1","Warcry"],"picked":"SKIP","floor":37},{"not_picked":["Headbutt","Sentinel","Heavy Blade"],"picked":"Uppercut","floor":39},{"not_picked":["Thunderclap","Dual Wield","Heavy Blade+1","Sever Soul"],"picked":"SKIP","floor":41},{"not_picked":["Heavy Blade+1","Sword Boomerang+1","Clothesline+1"],"picked":"Spot Weakness","floor":42}],"player_experience":156583,"relics_obtained":[{"floor":7,"key":"Pocketwatch"},{"floor":9,"key":"Blue Candle"},{"floor":24,"key":"Regal Pillow"},{"floor":27,"key":"Potion Belt"},{"floor":31,"key":"Question Card"},{"floor":41,"key":"Blood Vial"},{"floor":43,"key":"Art of War"}],"event_choices":[{"damage_healed":0,"gold_gain":0,"player_choice":"Donut","damage_taken":0,"max_hp_gain":5,"max_hp_loss":0,"event_name":"Big Fish","floor":3,"gold_loss":0},{"cards_removed":["Strike_R"],"damage_healed":0,"gold_gain":0,"player_choice":"Card Removal","damage_taken":7,"max_hp_gain":0,"max_hp_loss":0,"event_name":"Golden Wing","floor":11,"gold_loss":0},{"damage_healed":0,"gold_gain":0,"player_choice":"Trade","damage_taken":0,"relics_obtained":["NlothsMask"],"max_hp_gain":0,"max_hp_loss":0,"event_name":"FaceTrader","floor":14,"gold_loss":0},{"damage_healed":0,"gold_gain":0,"player_choice":"Shed Blood","damage_taken":21,"max_hp_gain":5,"max_hp_loss":0,"event_name":"Forgotten Altar","floor":21,"gold_loss":0},{"cards_removed":["Sentinel"],"damage_healed":0,"gold_gain":0,"player_choice":"Removed Skill","damage_taken":0,"max_hp_gain":0,"max_hp_loss":0,"event_name":"Falling","floor":36,"gold_loss":0}],"is_beta":false,"boss_relics":[{"not_picked":["Eternal Feather","Ectoplasm"],"picked":"Mark of Pain"},{"not_picked":["Fusion Hammer","Tiny House"],"picked":"Pandora\u0027s Box"}],"items_purged_floors":[20,38],"is_endless":false,"potions_floor_spawned":[1,8,16,18,27,29,37],"killed_by":"Sphere and 2 Shapes","ascension_level":2}