{"gold_per_floor":[115,40,51,65,90,90,148,172,172,172,72,72,106,116,116,194,194,205,216,216,37,37],"floor_reached":22,"playtime":887,"items_purged":["Normality","Doubt","Decay"],"score":336,"play_id":"83c01220-6149-481d-883a-11f7d37189bd","local_time":"20190826084143","is_ascension_mode":true,"campfire_choices":[{"data":"Bouncing Flask","floor":6.0,"key":"SMITH"},{"floor":15,"key":"REST"}],"neow_cost":"NONE","seed_source_timestamp":0,"circlet_count":0,"master_deck":["AscendersBane","Strike_G","Strike_G","Strike_G","Strike_G","Strike_G","Defend_G","Defend_G","Defend_G","Defend_G","Defend_G","Survivor","Neutralize","Bouncing Flask+1","Skewer","Well Laid Plans","Escape Plan","Escape Plan","Corpse Explosion","Deadly Poison","Envenom","Outmaneuver","Crippling Poison","Noxious Fumes","Sucker Punch"],"special_seed":0,"relics":["Calling Bell","Ancient Tea Set","Meat on the Bone","Ice Cream","Bag of Marbles","Tiny Chest","Odd Mushroom","Question Card","PreservedInsect","Cursed Key"],"potions_floor_usage":[8,18],"damage_taken":[{"damage":21.0,"enemies":"Cultist","floor":1.0,"turns":6.0},{"damage":7.0,"enemies":"2 Louse","floor":3.0,"turns":5.0},{"damage":11.0,"enemies":"Jaw Worm","floor":4.0,"turns":4.0},{"damage":12.0,"enemies":"Lagavulin","floor":7.0,"turns":5.0},{"damage":15,"enemies":"The Mushroom Lair","floor":8,"turns":3},{"damage":33,"enemies":"Gremlin Nob","floor":13,"turns":4},{"damage":12,"enemies":"3 Louse","floor":14,"turns":3},{"damage":15,"enemies":"Hexaghost","floor":16,"turns":9},{"damage":8,"enemies":"Chosen","floor":18,"turns":4},{"damage":31,"enemies":"2 Thieves","floor":19,"turns":4},{"damage":40,"enemies":"Centurion and Healer","floor":22,"turns":5}],"seed_played":"-4296228083487895479","potions_obtained":[{"floor":4.0,"key":"Explosive Potion"},{"floor":8,"key":"LiquidBronze"},{"floor":13,"key":"Weak Potion"},{"floor":18,"key":"GamblersBrew"}],"is_trial":false,"path_per_floor":["M","$","M","M","T","R","E","?","T","?","$","?","E","M","R","B",null,"M","M","?","$","M"],"character_chosen":"THE_SILENT","items_purchased":["Sucker Punch"],"campfire_rested":1,"item_purchase_floors":[21],"current_hp_per_floor":[38,38,43,44,44,44,44,41,41,41,41,41,20,20,39,36,59,51,32,32,32,0],"gold":37,"neow_bonus":"BOSS_RELIC","is_prod":false,"is_daily":false,"chose_seed":false,"campfire_upgraded":1,"win_rate":0,"timestamp":1566780103,"path_taken":["M","$","?","M","?","R","E","?","T","?","$","?","E","M","R","BOSS","M","M","?","?","M"],"build_version":"2019-07-17","purchased_purges":3,"victory":false,"max_hp_per_floor":[66,66,66,66,66,66,66,66,66,66,66,66,66,66,66,66,66,66,66,66,66,66],"card_choices":[{"not_picked":["Flying Knee","Blade Dance"],"picked":"Bouncing Flask","floor":1.0},{"not_picked":["Bane","Acrobatics"],"picked":"Skewer","floor":3.0},{"not_picked":["Quick Slash","Poisoned Stab"],"picked":"Well Laid Plans","floor":4.0},{"not_picked":["Acrobatics","PiercingWail"],"picked":"Escape Plan","floor":7},{"not_picked":["Prepared","Quick Slash"],"picked":"Escape Plan","floor":8},{"not_picked":["Dodge and Roll","Dagger Throw","Malaise"],"picked":"Corpse Explosion","floor":13},{"not_picked":["Heel Hook","Deflect","Sucker Punch"],"picked":"Deadly Poison","floor":14},{"not_picked":["Storm of Steel","Burst","Corpse Explosion"],"picked":"Envenom","floor":16},{"not_picked":["Blur","Acrobatics","Prepared+1"],"picked":"Outmaneuver","floor":18},{"not_picked":["Setup","Bouncing Flask","Poisoned Stab"],"picked":"Crippling Poison","floor":19}],"player_experience":896044,"relics_obtained":[{"floor":0.0,"key":"Ancient Tea Set"},{"floor":0.0,"key":"Meat on the Bone"},{"floor":0.0,"key":"Ice Cream"},{"floor":5.0,"key":"Bag of Marbles"},{"floor":7,"key":"Tiny Chest"},{"floor":8,"key":"Odd Mushroom"},{"floor":9,"key":"Question Card"},{"floor":13,"key":"PreservedInsect"}],"event_choices":[{"damage_healed":0,"gold_gain":0,"player_choice":"Fought Mushrooms","damage_taken":0,"max_hp_gain":0,"max_hp_loss":0,"event_name":"Mushrooms","floor":8,"gold_loss":0},{"damage_healed":0,"gold_gain":0,"player_choice":"Ignored","damage_taken":0,"max_hp_gain":0,"max_hp_loss":0,"event_name":"Shining Light","floor":10,"gold_loss":0},{"damage_healed":0,"gold_gain":0,"player_choice":"Searched \u00271\u0027 times","damage_taken":0,"max_hp_gain":0,"max_hp_loss":0,"event_name":"Dead Adventurer","floor":12,"gold_loss":0},{"damage_healed":0,"gold_gain":0,"player_choice":"1 cards matched","damage_taken":0,"max_hp_gain":0,"max_hp_loss":0,"event_name":"Match and Keep!","floor":20,"gold_loss":0,"cards_obtained":["Noxious Fumes"]}],"is_beta":false,"boss_relics":[{"not_picked":["White Beast Statue","Coffee Dripper"],"picked":"Cursed Key"}],"items_purged_floors":[2,11,21],"is_endless":false,"potions_floor_spawned":[4,8,13,18,19],"killed_by":"Centurion and Healer","ascension_level":15}