{"gold_per_floor":[118,136,152,67,67,67,67,95,95,85,97,117,37,56,56,153,153,167,181,181,195,21,21,36,36,36,36,56,70,82,82,82,186,186,201,219,232,250,96,112,112],"floor_reached":41,"playtime":5899,"items_purged":[],"score":478,"play_id":"2a3d476a-d2fe-4a54-9010-04536473dcef","local_time":"20190823192940","is_ascension_mode":false,"campfire_choices":[{"data":"Hello World","floor":6,"key":"SMITH"},{"floor":15,"key":"REST"},{"floor":23,"key":"REST"},{"data":"Apotheosis","floor":25,"key":"SMITH"},{"floor":32,"key":"REST"}],"neow_cost":"NONE","seed_source_timestamp":346077421678400,"circlet_count":0,"master_deck":["Strike_B","Strike_B","Defend_B","Defend_B","Defend_B","Defend_B","Zap+1","Dualcast","Skim","Ball Lightning","Hello World+1","Genetic Algorithm","Redo","Genetic Algorithm+1","Sweeping Beam","Coolheaded","BootSequence","Chill","Conserve Battery","Machine Learning","Ball Lightning+1","Fusion+1","Streamline","Compile Driver+1","Chill","Apotheosis+1","Leap","Doom and Gloom","Blizzard","Lockon+1","Rainbow","Biased Cognition","Hologram+1","Cold Snap","White Noise","Sweeping Beam","Loop","Doom and Gloom+1","Loop","Cold Snap+1","Biased Cognition","Creative AI","Redo+1"],"relics":["Cracked Core","WarpedTongs","Pear","War Paint","Astrolabe","Mummified Hand","Orrery"],"potions_floor_usage":[33],"damage_taken":[{"damage":0,"enemies":"Small Slimes","floor":1,"turns":3},{"damage":1,"enemies":"Cultist","floor":2,"turns":4},{"damage":0,"enemies":"2 Louse","floor":3,"turns":2},{"damage":42,"enemies":"3 Sentries","floor":8,"turns":7},{"damage":17,"enemies":"Exordium Thugs","floor":10,"turns":4},{"damage":13,"enemies":"Red Slaver","floor":11,"turns":2},{"damage":1,"enemies":"2 Fungi Beasts","floor":12,"turns":3},{"damage":3,"enemies":"Looter","floor":14,"turns":3},{"damage":35,"enemies":"Slime Boss","floor":16,"turns":11},{"damage":21,"enemies":"Spheric Guardian","floor":18,"turns":6},{"damage":15,"enemies":"3 Byrds","floor":19,"turns":5},{"damage":14,"enemies":"Snecko","floor":21,"turns":5},{"damage":0,"enemies":"Shelled Parasite and Fungi","floor":24,"turns":7},{"damage":3,"enemies":"Sentry and Sphere","floor":28,"turns":6},{"damage":22,"enemies":"Snake Plant","floor":29,"turns":5},{"damage":21,"enemies":"3 Cultists","floor":30,"turns":6},{"damage":0,"enemies":"Automaton","floor":33,"turns":9},{"damage":0,"enemies":"Orb Walker","floor":35,"turns":4},{"damage":15,"enemies":"3 Shapes","floor":36,"turns":5},{"damage":9,"enemies":"Maw","floor":37,"turns":9},{"damage":22,"enemies":"3 Darklings","floor":38,"turns":5},{"damage":10,"enemies":"Jaw Worm Horde","floor":40,"turns":3},{"damage":50,"enemies":"Giant Head","floor":41,"turns":9}],"seed_played":"5459844560145202581","potions_obtained":[{"floor":1,"key":"Strength Potion"},{"floor":2,"key":"AttackPotion"},{"floor":11,"key":"SpeedPotion"},{"floor":16,"key":"PowerPotion"},{"floor":21,"key":"FocusPotion"},{"floor":33,"key":"Regen Potion"},{"floor":38,"key":"EntropicBrew"}],"is_trial":false,"path_per_floor":["M","M","M","$","?","R","?","E","T","M","M","M","$","M","R","B",null,"M","M","?","M","$","R","M","R","T","$","M","M","M","?","R","B",null,"M","M","M","M","$","M","E"],"character_chosen":"DEFECT","items_purchased":["Genetic Algorithm","Redo","Chill","Apotheosis","Creative AI"],"campfire_rested":3,"item_purchase_floors":[4,4,13,22,39],"current_hp_per_floor":[82,81,81,81,81,81,81,49,49,32,19,18,18,15,42,7,92,71,56,56,42,42,68,68,68,68,68,65,43,22,22,48,48,89,89,74,65,43,43,33,0],"gold":112,"neow_bonus":"TEN_PERCENT_HP_BONUS","is_prod":false,"is_daily":false,"chose_seed":false,"campfire_upgraded":2,"win_rate":0.0,"timestamp":1566602980,"path_taken":["M","M","M","$","?","R","?","E","T","M","?","M","$","M","R","BOSS","M","M","?","M","?","R","?","R","T","$","M","M","M","?","R","BOSS","M","M","M","M","$","M","E"],"build_version":"2019-07-17","purchased_purges":0,"victory":false,"max_hp_per_floor":[82,82,82,82,82,82,82,92,92,92,92,92,92,92,92,92,92,92,92,89,89,89,89,89,89,89,89,89,89,89,89,89,89,89,89,89,89,89,89,89,89],"card_choices":[{"not_picked":["Capacitor","Stack"],"picked":"Skim","floor":1},{"not_picked":["Glacier","Static Discharge"],"picked":"Ball Lightning","floor":2},{"not_picked":["Scrape","Stack"],"picked":"Hello World","floor":3},{"not_picked":["Hologram","Barrage"],"picked":"Genetic Algorithm","floor":8},{"not_picked":["Go for the Eyes","Blizzard"],"picked":"Sweeping Beam","floor":10},{"not_picked":["Auto Shields","Beam Cell"],"picked":"Coolheaded","floor":11},{"not_picked":["Scrape","Barrage"],"picked":"BootSequence","floor":12},{"not_picked":["Go for the Eyes","Consume"],"picked":"Conserve Battery","floor":14},{"not_picked":["Creative AI","Multi-Cast"],"picked":"Machine Learning","floor":16},{"not_picked":["Barrage","Reprogram"],"picked":"Streamline","floor":18},{"not_picked":["Ball Lightning","Double Energy"],"picked":"Compile Driver+1","floor":19},{"not_picked":["Hologram","Beam Cell"],"picked":"Chill","floor":21},{"not_picked":["Steam","Redo"],"picked":"Leap","floor":24},{"not_picked":["Cold Snap+1","Go for the Eyes+1"],"picked":"Doom and Gloom","floor":28},{"not_picked":["Storm","Auto Shields"],"picked":"Blizzard","floor":29},{"not_picked":["Compile Driver","Conserve Battery"],"picked":"Lockon+1","floor":30},{"not_picked":["Amplify","Thunder Strike"],"picked":"Biased Cognition","floor":33},{"not_picked":["Auto Shields","Gash"],"picked":"Hologram+1","floor":34},{"not_picked":["Skim","Stack"],"picked":"Cold Snap","floor":34},{"not_picked":["Chill","Cold Snap+1"],"picked":"White Noise","floor":34},{"not_picked":["Gash+1","Beam Cell"],"picked":"Sweeping Beam","floor":34},{"not_picked":["Gash","Static Discharge+1"],"picked":"Loop","floor":34},{"not_picked":["Streamline+1","Hello World"],"picked":"Doom and Gloom+1","floor":35},{"not_picked":["Hologram","Redo+1"],"picked":"Loop","floor":36},{"not_picked":["Sweeping Beam","Streamline+1"],"picked":"Cold Snap+1","floor":37},{"not_picked":["Go for the Eyes+1","Redo+1"],"picked":"Biased Cognition","floor":38},{"not_picked":["Conserve Battery","Reinforced Body+1"],"picked":"Redo+1","floor":40}],"player_experience":15529,"relics_obtained":[{"floor":8,"key":"Pear"},{"floor":9,"key":"War Paint"},{"floor":26,"key":"Mummified Hand"}],"event_choices":[{"damage_healed":0,"gold_gain":0,"player_choice":"Ignored","damage_taken":0,"max_hp_gain":0,"max_hp_loss":0,"event_name":"Liars Game","floor":5,"gold_loss":0},{"damage_healed":0,"gold_gain":0,"player_choice":"Rummage","damage_taken":0,"relics_obtained":["WarpedTongs"],"max_hp_gain":0,"max_hp_loss":0,"event_name":"Accursed Blacksmith","floor":7,"gold_loss":0,"cards_obtained":["Pain"]},{"cards_removed":["Parasite"],"damage_healed":0,"gold_gain":0,"player_choice":"Purged","damage_taken":0,"max_hp_gain":0,"max_hp_loss":0,"event_name":"Purifier","floor":20,"gold_loss":0},{"damage_healed":0,"gold_gain":0,"player_choice":"Read","damage_taken":0,"max_hp_gain":0,"max_hp_loss":0,"event_name":"The Library","floor":31,"gold_loss":0,"cards_obtained":["Rainbow"]}],"is_beta":false,"boss_relics":[{"not_picked":["Philosopher\u0027s Stone","Cursed Key"],"picked":"Astrolabe"},{"not_picked":["Fusion Hammer","Runic Pyramid"],"picked":"Orrery"}],"items_purged_floors":[],"is_endless":false,"potions_floor_spawned":[1,2,11,16,18,21,33,38],"killed_by":"Giant Head","ascension_level":0}