{"gold_per_floor":[114,39,39,58,78,78,105,105,152,122,139,171,188,188,188,290,290,306,41,60,60,73,98,98],"floor_reached":24,"playtime":6097,"items_purged":["Defend_G","Defend_G"],"score":226,"play_id":"637ba9f8-e981-4d4b-b0bc-40bc8fc30228","local_time":"20190826002318","is_ascension_mode":false,"campfire_choices":[{"data":"Burst","floor":6.0,"key":"SMITH"},{"floor":15.0,"key":"REST"}],"neow_cost":"NONE","seed_source_timestamp":0,"circlet_count":0,"master_deck":["Strike_G","Strike_G","Strike_G","Strike_G","Strike_G","Defend_G","Defend_G","Defend_G","Survivor","Neutralize","Escape Plan","Poisoned Stab","Burst+1","Bouncing Flask","Leg Sweep","Backstab","Tools of the Trade","Backflip","Dagger Throw","Bullet Time","Master of Strategy","Poisoned Stab"],"special_seed":0,"relics":["Ring of the Serpent","NeowsBlessing","Dream Catcher","Strawberry","Gremlin Horn","Turnip"],"potions_floor_usage":[22,23,23,24],"damage_taken":[{"damage":0.0,"enemies":"2 Louse","floor":1.0,"turns":1.0},{"damage":0.0,"enemies":"Cultist","floor":4.0,"turns":1.0},{"damage":0.0,"enemies":"Small Slimes","floor":5.0,"turns":1.0},{"damage":41.0,"enemies":"Lagavulin","floor":7.0,"turns":9.0},{"damage":0.0,"enemies":"Looter","floor":10.0,"turns":4.0},{"damage":14.0,"enemies":"Red Slaver","floor":11.0,"turns":5.0},{"damage":29.0,"enemies":"Gremlin Nob","floor":12.0,"turns":6.0},{"damage":0.0,"enemies":"Blue Slaver","floor":13.0,"turns":4.0},{"damage":21.0,"enemies":"Hexaghost","floor":16.0,"turns":10.0},{"damage":0,"enemies":"Chosen","floor":18,"turns":4},{"damage":0,"enemies":"3 Byrds","floor":20,"turns":6},{"damage":36,"enemies":"3 Cultists","floor":22,"turns":7},{"damage":27,"enemies":"Gremlin Leader","floor":23,"turns":12},{"damage":18,"enemies":"Snake Plant","floor":24,"turns":4}],"seed_played":"-3353333977608585531","potions_obtained":[{"floor":1.0,"key":"Swift Potion"},{"floor":7.0,"key":"Regen Potion"},{"floor":11.0,"key":"Swift Potion"},{"floor":13.0,"key":"Regen Potion"},{"floor":18,"key":"EssenceOfSteel"},{"floor":22,"key":"Poison Potion"},{"floor":23,"key":"SneckoOil"}],"is_trial":false,"path_per_floor":["M","$","?","M","M","R","E","?","T","M","M","E","M","?","R","B",null,"M","$","M","?","M","E","M"],"character_chosen":"THE_SILENT","items_purchased":["Master of Strategy"],"campfire_rested":1,"item_purchase_floors":[19],"current_hp_per_floor":[70,70,70,70,70,70,29,29,36,36,22,8,8,8,31,25,77,77,77,77,77,41,14,0],"gold":98,"neow_bonus":"THREE_ENEMY_KILL","is_prod":false,"is_daily":false,"chose_seed":false,"campfire_upgraded":1,"win_rate":0,"timestamp":1566771798,"path_taken":["M","$","?","?","M","R","E","?","T","?","M","E","M","?","R","BOSS","M","$","M","?","?","E","M"],"build_version":"2019-07-17","purchased_purges":2,"victory":false,"max_hp_per_floor":[70,70,70,70,70,70,70,70,77,77,77,77,77,77,77,77,77,77,77,77,77,77,77,77],"card_choices":[{"not_picked":["Endless Agony","Acrobatics"],"picked":"Escape Plan","floor":1.0},{"not_picked":["Expertise","Underhanded Strike"],"picked":"Poisoned Stab","floor":4.0},{"not_picked":["Acrobatics","Cloak And Dagger"],"picked":"Burst","floor":5.0},{"not_picked":["Bane","Distraction"],"picked":"Bouncing Flask","floor":7.0},{"not_picked":["Sucker Punch","Skewer"],"picked":"Leg Sweep","floor":10.0},{"not_picked":["Concentrate","Quick Slash"],"picked":"Backstab","floor":11.0},{"not_picked":["Dagger Spray","Deflect"],"picked":"Tools of the Trade","floor":12.0},{"not_picked":["PiercingWail","Reflex"],"picked":"Backflip","floor":13.0},{"not_picked":["Poisoned Stab","Sucker Punch"],"picked":"Dagger Throw","floor":15.0},{"not_picked":["Storm of Steel","A Thousand Cuts"],"picked":"Bullet Time","floor":16.0},{"not_picked":["Calculated Gamble","Dodge and Roll","Blade Dance"],"picked":"SKIP","floor":18},{"not_picked":["Prepared","PiercingWail+1"],"picked":"Poisoned Stab","floor":20},{"not_picked":["Choke","Reflex","Quick Slash+1"],"picked":"SKIP","floor":22},{"not_picked":["Blade Dance+1","Outmaneuver","Leg Sweep"],"picked":"SKIP","floor":23}],"player_experience":163896,"relics_obtained":[{"floor":7.0,"key":"Dream Catcher"},{"floor":9.0,"key":"Strawberry"},{"floor":12.0,"key":"Gremlin Horn"},{"floor":23,"key":"Turnip"}],"event_choices":[{"damage_healed":0.0,"max_hp_gain":0.0,"max_hp_loss":0.0,"gold_gain":0.0,"event_name":"Wheel of Change","player_choice":"Cursed","floor":3.0,"gold_loss":0.0,"damage_taken":0.0,"cards_obtained":["Decay"]},{"cards_removed":["Decay"],"damage_healed":0.0,"max_hp_gain":0.0,"max_hp_loss":0.0,"gold_gain":0.0,"event_name":"Fountain of Cleansing","player_choice":"Removed Curses","floor":8.0,"gold_loss":0.0,"damage_taken":0.0},{"damage_healed":0.0,"max_hp_gain":0.0,"max_hp_loss":0.0,"gold_gain":0.0,"event_name":"Shining Light","player_choice":"Ignored","floor":14.0,"gold_loss":0.0,"damage_taken":0.0},{"damage_healed":0,"gold_gain":0,"player_choice":"Ignored","damage_taken":0,"max_hp_gain":0,"max_hp_loss":0,"event_name":"N\u0027loth","floor":21,"gold_loss":0}],"is_beta":false,"boss_relics":[{"not_picked":["Velvet Choker","HoveringKite"],"picked":"Ring of the Serpent"}],"items_purged_floors":[2,19],"is_endless":false,"potions_floor_spawned":[1,7,11,13,18,22,23],"killed_by":"Snake Plant","ascension_level":0}