{"gold_per_floor":[118,129,144,33,133,133,159,176,199,212,241,241,255,272,272,371,371,390,401,44,54,78,78,109,109,134,134,134],"floor_reached":28,"playtime":1665,"items_purged":[],"score":275,"play_id":"5e7f378a-2acd-4d8a-b799-caa5195af877","local_time":"20190102225612","is_ascension_mode":true,"campfire_choices":[{"data":"Dualcast","floor":6,"key":"SMITH"},{"data":"Zap","floor":12,"key":"SMITH"},{"data":"Streamline","floor":15,"key":"SMITH"},{"data":"Redo","floor":23,"key":"SMITH"},{"floor":25,"key":"REST"},{"floor":27,"key":"REST"}],"neow_cost":"NONE","seed_source_timestamp":382249965475800,"circlet_count":0,"master_deck":["Strike_B+1","Strike_B","Strike_B","Strike_B+1","Defend_B","Defend_B","Defend_B","Defend_B","Zap+1","Dualcast+1","Impatience","Doom and Gloom","Leap","Tempest","Conserve Battery","Flash of Steel","Leap","Leap","Streamline+1","Sweeping Beam","Sunder","Sweeping Beam","Multi-Cast","Fusion+1","Redo+1","Gash","Melter+1","Coolheaded+1"],"relics":["Cracked Core","Dream Catcher","Happy Flower","Whetstone","Inserter","PreservedInsect","Toolbox","Art of War","Toxic Egg 2","Smiling Mask"],"potions_floor_usage":[7,11,11,16,16,24],"damage_taken":[{"damage":0,"enemies":"Cultist","floor":1,"turns":3},{"damage":12,"enemies":"Jaw Worm","floor":2,"turns":4},{"damage":0,"enemies":"2 Louse","floor":3,"turns":3},{"damage":6,"enemies":"Gremlin Nob","floor":7,"turns":4},{"damage":0,"enemies":"Gremlin Gang","floor":8,"turns":2},{"damage":0,"enemies":"Exordium Wildlife","floor":10,"turns":2},{"damage":10,"enemies":"Lagavulin","floor":11,"turns":6},{"damage":0,"enemies":"3 Louse","floor":13,"turns":1},{"damage":0,"enemies":"Lots of Slimes","floor":14,"turns":2},{"damage":20,"enemies":"The Guardian","floor":16,"turns":9},{"damage":6,"enemies":"Chosen","floor":18,"turns":4},{"damage":19,"enemies":"2 Thieves","floor":19,"turns":4},{"damage":9,"enemies":"Cultist and Chosen","floor":21,"turns":6},{"damage":44,"enemies":"Gremlin Leader","floor":24,"turns":6},{"damage":52,"enemies":"Slavers","floor":28,"turns":5}],"seed_played":"-2225110023864980755","potions_obtained":[{"floor":3,"key":"Block Potion"},{"floor":7,"key":"SkillPotion"},{"floor":8,"key":"PowerPotion"},{"floor":11,"key":"Fruit Juice"},{"floor":14,"key":"EssenceOfSteel"},{"floor":19,"key":"GamblersBrew"}],"is_trial":false,"path_per_floor":["M","M","M","$","?","R","E","M","T","M","E","R","M","M","R","B",null,"M","M","$","M","T","R","E","R","T","R","E"],"character_chosen":"DEFECT","items_purchased":["Conserve Battery","Flash of Steel","PreservedInsect","Toolbox"],"campfire_rested":2,"item_purchase_floors":[4,4,20,20],"current_hp_per_floor":[75,63,63,63,63,63,57,57,57,57,52,52,52,52,52,32,80,74,55,55,46,46,46,2,26,26,50,0],"gold":134,"neow_bonus":"RANDOM_COLORLESS","is_prod":false,"is_daily":false,"chose_seed":false,"campfire_upgraded":4,"win_rate":0,"timestamp":1546466172,"path_taken":["M","M","?","$","?","R","E","M","T","M","E","R","?","M","R","BOSS","M","M","$","?","?","R","E","R","T","R","E"],"build_version":"2018-12-20","purchased_purges":0,"victory":false,"max_hp_per_floor":[75,75,75,75,75,75,75,75,75,75,80,80,80,80,80,80,80,80,80,80,80,80,80,80,80,80,80,80],"card_choices":[{"not_picked":["Compile Driver","Double Energy"],"picked":"Doom and Gloom","floor":1},{"not_picked":["Blizzard","Hologram"],"picked":"Leap","floor":2},{"not_picked":["Consume","Heatsinks"],"picked":"Tempest","floor":3},{"not_picked":["Gash","Coolheaded"],"picked":"Leap","floor":7},{"not_picked":["Amplify","Force Field"],"picked":"Leap","floor":8},{"not_picked":["Turbo","Chill"],"picked":"Streamline","floor":10},{"not_picked":["Doom and Gloom","Multi-Cast"],"picked":"Sweeping Beam","floor":11},{"not_picked":["Turbo","Leap"],"picked":"Sunder","floor":13},{"not_picked":["Aggregate","Darkness"],"picked":"Sweeping Beam","floor":14},{"not_picked":["Rainbow","Reboot"],"picked":"Multi-Cast","floor":16},{"not_picked":["Streamline+1","Turbo","Reprogram+1"],"picked":"SKIP","floor":18},{"not_picked":["Go for the Eyes","Coolheaded"],"picked":"Fusion+1","floor":19},{"not_picked":["Lockon","Reprogram"],"picked":"Redo","floor":21},{"not_picked":["Streamline","Static Discharge"],"picked":"Gash","floor":24},{"not_picked":["Barrage","Leap+1"],"picked":"Melter+1","floor":25},{"not_picked":["Heatsinks+1","Beam Cell"],"picked":"Coolheaded+1","floor":27}],"player_experience":140438,"relics_obtained":[{"floor":7,"key":"Dream Catcher"},{"floor":9,"key":"Happy Flower"},{"floor":11,"key":"Whetstone"},{"floor":22,"key":"Art of War"},{"floor":24,"key":"Toxic Egg 2"},{"floor":26,"key":"Smiling Mask"}],"event_choices":[{"damage_healed":0,"gold_gain":100,"player_choice":"Pray","damage_taken":0,"max_hp_gain":0,"max_hp_loss":0,"event_name":"Golden Shrine","floor":5,"gold_loss":0}],"is_beta":false,"boss_relics":[{"not_picked":["Runic Pyramid","Lizard Tail"],"picked":"Inserter"}],"items_purged_floors":[],"is_endless":false,"potions_floor_spawned":[3,7,8,11,14,19],"killed_by":"Slavers","ascension_level":2}