{"gold_per_floor":[118,136,10,10,30,63,63,88,88,121,182,197,197,122,122,199,199,214,314,364,380,430,430,492,512,512,512,60,92,142,192,192,269,269,286,336,1385,471,482,482,508,508,562,582,582,448,515,549,549,549,549,549,23,49,49],"floor_reached":56,"playtime":2092,"items_purged":["Strike_R","Pain","Normality","Normality"],"score":2141,"play_id":"a7f9677d-53e3-4d99-91b2-5ce1a17ace43","local_time":"20190514002119","is_ascension_mode":true,"campfire_choices":[{"data":"Armaments","floor":7.0,"key":"SMITH"},{"data":"Limit Break","floor":13.0,"key":"SMITH"},{"data":"Inflame","floor":15.0,"key":"SMITH"},{"data":"Feed","floor":23.0,"key":"SMITH"},{"data":"Uppercut","floor":27.0,"key":"SMITH"},{"data":"J.A.X.","floor":32.0,"key":"SMITH"},{"floor":40.0,"key":"RECALL"},{"data":"Flame Barrier","floor":42.0,"key":"SMITH"},{"data":"Shrug It Off","floor":45.0,"key":"SMITH"},{"data":"Disarm","floor":49.0,"key":"SMITH"},{"data":"Bash","floor":52.0,"key":"SMITH"}],"neow_cost":"NONE","seed_source_timestamp":45965886124906,"circlet_count":0,"master_deck":["AscendersBane","Defend_R","Defend_R","Defend_R","Defend_R","Bash+1","Armaments+1","Flame Barrier+1","Inflame+1","Twin Strike","Uppercut+1","Feed+1","Limit Break+1","Reaper","Bite","Bite","Bite","Bite","Bite","Shrug It Off+1","Reaper","Metallicize+1","Disarm+1","J.A.X.+1","Exhume","Corruption+1","Feel No Pain+1","Disarm+1","Reaper"],"special_seed":0,"relics":["Black Blood","NeowsBlessing","SsserpentHead","Anchor","StoneCalendar","Bottled Flame","Magic Flower","Velvet Choker","WarpedTongs","Frozen Egg 2","Tiny Chest","The Courier","Dead Branch","Happy Flower","Oddly Smooth Stone","Kunai","Centennial Puzzle","Lantern","Strawberry","Pen Nib","Self Forming Clay","Incense Burner","Red Skull","Blood Vial","Bag of Preparation"],"potions_floor_usage":[55],"damage_taken":[{"damage":0.0,"enemies":"Cultist","floor":1.0,"turns":1.0},{"damage":0.0,"enemies":"2 Louse","floor":2.0,"turns":1.0},{"damage":0.0,"enemies":"Small Slimes","floor":5.0,"turns":2.0},{"damage":44.0,"enemies":"Gremlin Nob","floor":6.0,"turns":6.0},{"damage":0.0,"enemies":"3 Sentries","floor":8.0,"turns":8.0},{"damage":33.0,"enemies":"Gremlin Nob","floor":10.0,"turns":5.0},{"damage":9.0,"enemies":"Exordium Thugs","floor":11.0,"turns":7.0},{"damage":11.0,"enemies":"Looter","floor":12.0,"turns":4.0},{"damage":14.0,"enemies":"Hexaghost","floor":16.0,"turns":11.0},{"damage":26.0,"enemies":"Chosen","floor":18.0,"turns":6.0},{"damage":25.0,"enemies":"Spheric Guardian","floor":21.0,"turns":6.0},{"damage":47.0,"enemies":"Shelled Parasite and Fungi","floor":24.0,"turns":6.0},{"damage":36.0,"enemies":"3 Cultists","floor":25.0,"turns":6.0},{"damage":52.0,"enemies":"Slavers","floor":29.0,"turns":7.0},{"damage":72.0,"enemies":"Champ","floor":33.0,"turns":12.0},{"damage":38.0,"enemies":"Orb Walker","floor":35.0,"turns":7.0},{"damage":1.0,"enemies":"3 Shapes","floor":39.0,"turns":3.0},{"damage":61.0,"enemies":"Nemesis","floor":41.0,"turns":11.0},{"damage":9.0,"enemies":"Jaw Worm Horde","floor":44.0,"turns":7.0},{"damage":31.0,"enemies":"4 Shapes","floor":47.0,"turns":7.0},{"damage":58.0,"enemies":"Reptomancer","floor":48.0,"turns":8.0},{"damage":72.0,"enemies":"Donu and Deca","floor":50.0,"turns":9.0},{"damage":51.0,"enemies":"Shield and Spear","floor":54.0,"turns":9.0},{"damage":72,"enemies":"The Heart","floor":55,"turns":8}],"seed_played":"-8306053931802606537","potions_obtained":[{"floor":5.0,"key":"Weak Potion"},{"floor":11.0,"key":"Block Potion"},{"floor":12.0,"key":"Weak Potion"},{"floor":16.0,"key":"EssenceOfSteel"},{"floor":21.0,"key":"Fire Potion"},{"floor":25.0,"key":"Fire Potion"},{"floor":39.0,"key":"SteroidPotion"}],"is_trial":false,"path_per_floor":["M","M","$","?","M","E","R","E","T","E","M","M","R","$","R","B",null,"M","?","?","M","?","R","M","M","T","R","$","E","?","T","R","B",null,"M","?","?","$","M","R","E","R","T","M","R","$","M","E","R","B",null,"R","$","E","B",null],"character_chosen":"IRONCLAD","items_purchased":["Inflame","Fire Potion","Tiny Chest","Reaper","Metallicize+1","Happy Flower","Oddly Smooth Stone","Kunai","Centennial Puzzle","Lantern","Strawberry","Disarm","Incense Burner","Red Skull","Blood Vial","SpeedPotion"],"campfire_rested":0,"item_purchase_floors":[3,3,28,28,28,38,38,38,38,38,38,46,53,53,53,53],"current_hp_per_floor":[74,75,75,75,75,37,37,43,43,20,26,24,24,24,24,19,67,70,70,60,62,62,62,61,64,64,64,64,71,71,71,71,47,68,64,64,64,71,90,90,89,89,89,94,94,94,84,98,98,92,103,103,103,106,93],"gold":49,"neow_bonus":"THREE_ENEMY_KILL","is_prod":false,"is_daily":false,"chose_seed":false,"campfire_upgraded":10,"win_rate":0,"timestamp":1557807679,"path_taken":["M","?","$","?","M","E","R","E","T","E","?","M","R","$","R","BOSS","M","?","?","M","?","R","?","M","T","R","$","E","?","?","R","BOSS","M","?","?","$","M","R","E","R","T","M","R","?","?","E","R","BOSS","R","$","E","BOSS"],"build_version":"2019-05-07","purchased_purges":4,"victory":true,"max_hp_per_floor":[75,75,75,75,75,75,75,75,75,79,83,83,83,83,83,83,83,86,86,60,63,63,63,67,71,71,71,71,71,71,71,71,75,75,75,75,75,82,90,90,90,90,90,94,94,94,94,98,98,106,106,106,106,106,106],"card_choices":[{"not_picked":["True Grit","Ghostly Armor"],"picked":"Armaments","floor":1.0},{"not_picked":["Dropkick","Corruption"],"picked":"Flame Barrier","floor":2.0},{"not_picked":["Rupture","Perfected Strike"],"picked":"Twin Strike","floor":5.0},{"not_picked":["Wild Strike","Clothesline"],"picked":"Uppercut","floor":6.0},{"not_picked":["Hemokinesis","Headbutt"],"picked":"Feed","floor":8.0},{"not_picked":["Sever Soul","Blood for Blood","Twin Strike"],"picked":"SKIP","floor":10.0},{"not_picked":["Cleave","Flex","Body Slam"],"picked":"SKIP","floor":11.0},{"not_picked":["True Grit","Anger"],"picked":"Limit Break","floor":12.0},{"not_picked":["Juggernaut","Impervious"],"picked":"Reaper","floor":16.0},{"not_picked":["Warcry","Dropkick","Iron Wave"],"picked":"SKIP","floor":18.0},{"not_picked":["Pummel","Corruption"],"picked":"Shrug It Off","floor":21.0},{"not_picked":["Dropkick","Pummel","Entrench"],"picked":"SKIP","floor":24.0},{"not_picked":["Rampage","Hemokinesis"],"picked":"Shrug It Off","floor":25.0},{"not_picked":["Clash+1","Heavy Blade"],"picked":"Disarm+1","floor":29.0},{"not_picked":["Limit Break","Fiend Fire"],"picked":"Exhume","floor":33.0},{"not_picked":["Warcry","Wild Strike"],"picked":"Corruption+1","floor":35.0},{"not_picked":["True Grit","Havoc","Pommel Strike"],"picked":"SKIP","floor":39.0},{"not_picked":["Infernal Blade","Power Through","Intimidate"],"picked":"SKIP","floor":41.0},{"not_picked":["Uppercut","Perfected Strike"],"picked":"Feel No Pain+1","floor":44.0},{"not_picked":["Headbutt","Searing Blow+1","Clash+1"],"picked":"SKIP","floor":47.0},{"not_picked":["Battle Trance","Flame Barrier"],"picked":"Reaper","floor":48.0},{"not_picked":["Pommel Strike+1","Feed","Reckless Charge"],"picked":"SKIP","floor":54.0}],"player_experience":2505077,"relics_obtained":[{"floor":6.0,"key":"Anchor"},{"floor":8.0,"key":"StoneCalendar"},{"floor":9.0,"key":"Bottled Flame"},{"floor":10.0,"key":"Magic Flower"},{"floor":26.0,"key":"Frozen Egg 2"},{"floor":29.0,"key":"The Courier"},{"floor":31.0,"key":"Dead Branch"},{"floor":41.0,"key":"Pen Nib"},{"floor":48.0,"key":"Self Forming Clay"},{"floor":54.0,"key":"Bag of Preparation"}],"event_choices":[{"damage_healed":0.0,"max_hp_gain":0.0,"max_hp_loss":0.0,"gold_gain":0.0,"event_name":"FaceTrader","player_choice":"Trade","floor":4.0,"gold_loss":0.0,"damage_taken":0.0,"relics_obtained":["SsserpentHead"]},{"damage_healed":0.0,"max_hp_gain":0.0,"max_hp_loss":0.0,"gold_gain":50.0,"event_name":"Nest","player_choice":"Stole From Cult","floor":19.0,"gold_loss":0.0,"damage_taken":0.0},{"damage_healed":0.0,"max_hp_gain":0.0,"max_hp_loss":26.0,"gold_gain":0.0,"event_name":"Vampires","player_choice":"Became a vampire","floor":20.0,"gold_loss":0.0,"damage_taken":0.0,"cards_obtained":["Bite","Bite","Bite","Bite","Bite"]},{"damage_healed":0.0,"max_hp_gain":0.0,"max_hp_loss":0.0,"gold_gain":0.0,"event_name":"Accursed Blacksmith","player_choice":"Rummage","floor":22.0,"gold_loss":0.0,"damage_taken":0.0,"relics_obtained":["WarpedTongs"],"cards_obtained":["Pain"]},{"damage_healed":0.0,"max_hp_gain":0.0,"max_hp_loss":0.0,"gold_gain":0.0,"event_name":"Drug Dealer","player_choice":"Obtain J.A.X.","floor":30.0,"gold_loss":0.0,"damage_taken":0.0,"cards_obtained":["J.A.X."]},{"cards_removed":["Shrug It Off"],"damage_healed":0.0,"max_hp_gain":0.0,"max_hp_loss":0.0,"gold_gain":0.0,"event_name":"Falling","player_choice":"Removed Skill","floor":36.0,"gold_loss":0.0,"damage_taken":0.0},{"damage_healed":0.0,"max_hp_gain":0.0,"max_hp_loss":0.0,"gold_gain":999.0,"event_name":"MindBloom","player_choice":"Gold","floor":37.0,"gold_loss":0.0,"damage_taken":0.0,"cards_obtained":["Normality","Normality"]}],"is_beta":true,"boss_relics":[{"not_picked":["Pandora\u0027s Box","White Beast Statue"],"picked":"Velvet Choker"},{"not_picked":["Sozu","Philosopher\u0027s Stone"],"picked":"Black Blood"}],"items_purged_floors":[14,28,38,46],"is_endless":false,"potions_floor_spawned":[5,11,12,16,21,25,33,39,47,48,54],"ascension_level":15}