{"gold_per_floor":[111,123,141,216,231,266,266,276,303,59,78,78,143,155,155,258,258,274,64,82,96,96,96,113,113],"floor_reached":25,"playtime":2165,"items_purged":["Strike_B"],"score":207,"play_id":"b08ebd6c-7201-4b3e-8676-28956dcd6ff8","local_time":"20190818005802","is_ascension_mode":false,"campfire_choices":[{"data":"White Noise","floor":12,"key":"SMITH"},{"data":"White Noise","floor":15,"key":"SMITH"},{"floor":23,"key":"REST"}],"neow_cost":"NONE","seed_source_timestamp":48312538232700,"circlet_count":0,"master_deck":["Strike_B","Strike_B","Strike_B","Defend_B","Defend_B","Defend_B","Defend_B","Zap","Dualcast","White Noise+1","Cold Snap","Glacier","Streamline","White Noise+1","Leap","Capacitor","Chrysalis","Leap","Streamline","Core Surge","Darkness","Barrage","Blizzard+1"],"relics":["Cracked Core","Vajra","Oddly Smooth Stone","DataDisk","Snecko Eye","Strange Spoon","Nilry\u0027s Codex"],"potions_floor_usage":[25],"damage_taken":[{"damage":2,"enemies":"2 Louse","floor":1,"turns":3},{"damage":0,"enemies":"Small Slimes","floor":2,"turns":3},{"damage":0,"enemies":"Jaw Worm","floor":3,"turns":6},{"damage":0,"enemies":"Large Slime","floor":5,"turns":5},{"damage":22,"enemies":"3 Sentries","floor":6,"turns":10},{"damage":5,"enemies":"3 Louse","floor":8,"turns":3},{"damage":8,"enemies":"Exordium Thugs","floor":11,"turns":5},{"damage":0,"enemies":"Lots of Slimes","floor":14,"turns":5},{"damage":1,"enemies":"Hexaghost","floor":16,"turns":9},{"damage":4,"enemies":"Shell Parasite","floor":18,"turns":5},{"damage":9,"enemies":"3 Byrds","floor":20,"turns":3},{"damage":22,"enemies":"Snake Plant","floor":21,"turns":5},{"damage":23,"enemies":"Cultist and Chosen","floor":24,"turns":9},{"damage":27,"enemies":"Book of Stabbing","floor":25,"turns":7}],"seed_played":"-743040112760945067","potions_obtained":[{"floor":2,"key":"Ancient Potion"},{"floor":3,"key":"Dexterity Potion"},{"floor":6,"key":"FairyPotion"},{"floor":21,"key":"LiquidBronze"}],"is_trial":false,"path_per_floor":["M","M","M","?","M","E","?","M","T","$","M","R","?","M","R","B",null,"M","$","M","M","?","R","M","E"],"character_chosen":"DEFECT","items_purchased":["Chrysalis","Strange Spoon"],"campfire_rested":1,"item_purchase_floors":[10,19],"current_hp_per_floor":[73,73,73,62,62,40,37,32,32,32,24,24,24,24,24,23,75,71,71,62,40,24,46,23,0],"gold":113,"neow_bonus":"THREE_CARDS","is_prod":false,"is_daily":false,"chose_seed":false,"campfire_upgraded":2,"win_rate":0,"timestamp":1566082682,"path_taken":["M","M","M","?","M","E","?","M","T","$","M","R","?","M","R","BOSS","M","$","M","M","?","R","M","E"],"build_version":"2019-07-17","purchased_purges":1,"victory":false,"max_hp_per_floor":[75,75,75,75,75,75,75,75,75,75,75,75,75,75,75,75,75,75,75,75,75,75,75,75,75],"card_choices":[{"not_picked":["Conserve Battery","Glacier"],"picked":"White Noise","floor":0},{"not_picked":["Leap","Coolheaded"],"picked":"Cold Snap","floor":1},{"not_picked":["Hologram","Gash"],"picked":"Glacier","floor":2},{"not_picked":["Gash","Cold Snap"],"picked":"Streamline","floor":3},{"not_picked":["Streamline","Steam"],"picked":"White Noise","floor":5},{"not_picked":["Aggregate","Turbo"],"picked":"Leap","floor":6},{"not_picked":["Barrage","Tempest"],"picked":"Capacitor","floor":8},{"not_picked":["Gash","Lockon"],"picked":"Leap","floor":11},{"not_picked":["Gash","Melter"],"picked":"Streamline","floor":14},{"not_picked":["Hyperbeam","Biased Cognition"],"picked":"Core Surge","floor":16},{"not_picked":["Tempest+1","Rip and Tear"],"picked":"Darkness","floor":18},{"not_picked":["Recycle","Capacitor"],"picked":"Barrage","floor":20},{"not_picked":["Leap","Beam Cell"],"picked":"Blizzard+1","floor":21},{"not_picked":["Leap","Cold Snap","Stack"],"picked":"SKIP","floor":24}],"player_experience":315227,"relics_obtained":[{"floor":6,"key":"Vajra"},{"floor":9,"key":"DataDisk"},{"floor":22,"key":"Nilry\u0027s Codex"}],"event_choices":[{"damage_healed":0,"gold_gain":75,"player_choice":"Gather Gold","damage_taken":11,"max_hp_gain":0,"max_hp_loss":0,"event_name":"World of Goop","floor":4,"gold_loss":0},{"damage_healed":0,"gold_gain":0,"player_choice":"Success","damage_taken":3,"relics_obtained":["Oddly Smooth Stone"],"max_hp_gain":0,"max_hp_loss":0,"event_name":"Scrap Ooze","floor":7,"gold_loss":0},{"damage_healed":0,"gold_gain":65,"player_choice":"Gained Gold","damage_taken":0,"max_hp_gain":0,"max_hp_loss":0,"event_name":"Golden Wing","floor":13,"gold_loss":0},{"damage_healed":0,"gold_gain":0,"player_choice":"Obtained Book","damage_taken":16,"max_hp_gain":0,"max_hp_loss":0,"event_name":"Cursed Tome","floor":22,"gold_loss":0}],"is_beta":false,"boss_relics":[{"not_picked":["Runic Dome","Empty Cage"],"picked":"Snecko Eye"}],"items_purged_floors":[10],"is_endless":false,"potions_floor_spawned":[2,3,6,16,21],"killed_by":"Book of Stabbing","ascension_level":0}