{"gold_per_floor":[117,80,99,99,117,117,142,142,142,169,25,25,25,44,44,119,119,139,155,155,155,80,80,106,69,119,40,54,64,92,120,120,120],"floor_reached":33,"playtime":941,"items_purged":[],"score":553,"play_id":"9aff1e7e-0cc1-468c-adfe-a8b763ef2688","local_time":"20190626000746","is_ascension_mode":true,"campfire_choices":[{"data":"Bash","floor":6.0,"key":"SMITH"},{"data":"Immolate","floor":8.0,"key":"SMITH"},{"data":"Disarm","floor":12.0,"key":"SMITH"},{"data":"Bludgeon","floor":15.0,"key":"SMITH"},{"floor":23.0,"key":"REST"},{"data":"Demon Form","floor":32,"key":"SMITH"}],"neow_cost":"PERCENT_DAMAGE","seed_source_timestamp":1051591327176915,"circlet_count":0,"master_deck":["AscendersBane","Strike_R","Strike_R","Strike_R","Strike_R","Defend_R","Defend_R","Defend_R","Defend_R","Bash+1","Immolate+1","Thunderclap","Disarm+1","Shrug It Off","Cleave","Bludgeon+1","Bloodletting","Warcry","Demon Form+1","Iron Wave+1","Havoc+1","Shockwave","Corruption","Ghostly Armor"],"special_seed":0,"relics":["Burning Blood","Bottled Flame","Sundial","Blood Vial","Pen Nib","Philosopher\u0027s Stone","Meat on the Bone","Strawberry","Red Mask","Mummified Hand"],"potions_floor_usage":[31,33],"damage_taken":[{"damage":0.0,"enemies":"2 Louse","floor":1.0,"turns":1.0},{"damage":5.0,"enemies":"Jaw Worm","floor":3.0,"turns":3.0},{"damage":3.0,"enemies":"Cultist","floor":5.0,"turns":4.0},{"damage":20.0,"enemies":"Gremlin Nob","floor":7.0,"turns":4.0},{"damage":10.0,"enemies":"3 Sentries","floor":10.0,"turns":3.0},{"damage":3.0,"enemies":"Blue Slaver","floor":14.0,"turns":2.0},{"damage":25.0,"enemies":"Hexaghost","floor":16.0,"turns":7.0},{"damage":17.0,"enemies":"Chosen","floor":18.0,"turns":2.0},{"damage":4.0,"enemies":"3 Byrds","floor":19.0,"turns":2.0},{"damage":27.0,"enemies":"Slavers","floor":24.0,"turns":5.0},{"damage":0.0,"enemies":"Shelled Parasite and Fungi","floor":28.0,"turns":1.0},{"damage":30.0,"enemies":"Snake Plant","floor":29.0,"turns":4.0},{"damage":0,"enemies":"Masked Bandits","floor":30,"turns":1},{"damage":27,"enemies":"Gremlin Leader","floor":31,"turns":6},{"damage":73,"enemies":"Automaton","floor":33,"turns":6}],"seed_played":"4419018645004395785","potions_obtained":[{"floor":7.0,"key":"EssenceOfSteel"},{"floor":10.0,"key":"LiquidBronze"},{"floor":16.0,"key":"SteroidPotion"},{"floor":24.0,"key":"Swift Potion"},{"floor":29.0,"key":"Weak Potion"},{"floor":30,"key":"Energy Potion"}],"is_trial":false,"path_per_floor":["M","$","M","?","M","R","E","R","T","E","$","R","?","M","R","B",null,"M","M","T","?","?","R","E","$","T","$","M","M","?","E","R","B"],"character_chosen":"IRONCLAD","items_purchased":["Disarm","Pen Nib","Shockwave","Corruption"],"campfire_rested":1,"item_purchase_floors":[2,11,25,27],"current_hp_per_floor":[56,56,57,57,60,60,46,46,46,42,42,42,42,47,47,30,64,55,59,59,38,38,62,62,62,62,62,70,60,68,61,61,0],"gold":120,"neow_bonus":"THREE_RARE_CARDS","is_prod":false,"is_daily":false,"chose_seed":false,"campfire_upgraded":5,"win_rate":0,"timestamp":1561522066,"path_taken":["M","$","M","?","M","R","E","R","T","E","$","R","?","M","R","BOSS","M","M","?","?","?","R","E","$","T","?","?","M","?","E","R","BOSS"],"build_version":"2019-06-24","purchased_purges":0,"victory":false,"max_hp_per_floor":[75,75,75,75,75,75,75,75,75,75,75,75,75,75,75,75,75,75,75,75,80,80,80,87,87,87,87,87,87,87,87,87,87],"card_choices":[{"not_picked":["Juggernaut","Berserk"],"picked":"Immolate","floor":0.0},{"not_picked":["Sword Boomerang","Armaments"],"picked":"Thunderclap","floor":1.0},{"not_picked":["Whirlwind","Perfected Strike"],"picked":"Shrug It Off","floor":3.0},{"not_picked":["Iron Wave","Shrug It Off"],"picked":"Cleave","floor":5.0},{"not_picked":["Body Slam","Clothesline"],"picked":"Bludgeon","floor":7.0},{"not_picked":["Bloodletting","Clothesline","Heavy Blade"],"picked":"SKIP","floor":10.0},{"not_picked":["Rage","Wild Strike","Iron Wave"],"picked":"SKIP","floor":14.0},{"not_picked":["Exhume","Bludgeon"],"picked":"Demon Form","floor":16.0},{"not_picked":["Wild Strike","Clash"],"picked":"Iron Wave+1","floor":18.0},{"not_picked":["Clothesline","Disarm"],"picked":"Havoc+1","floor":19.0},{"not_picked":["Clothesline","Iron Wave","Havoc"],"picked":"SKIP","floor":24.0},{"not_picked":["Twin Strike+1","Warcry","Heavy Blade"],"picked":"SKIP","floor":28.0},{"not_picked":["Pommel Strike","Cleave"],"picked":"Ghostly Armor","floor":29.0},{"not_picked":["Thunderclap+1","Evolve","Armaments"],"picked":"SKIP","floor":31}],"player_experience":2568563,"relics_obtained":[{"floor":7.0,"key":"Bottled Flame"},{"floor":9.0,"key":"Sundial"},{"floor":10.0,"key":"Blood Vial"},{"floor":20.0,"key":"Meat on the Bone"},{"floor":24.0,"key":"Strawberry"},{"floor":30,"key":"Red Mask"},{"floor":31,"key":"Mummified Hand"}],"event_choices":[{"damage_healed":0.0,"max_hp_gain":0.0,"max_hp_loss":0.0,"gold_gain":0.0,"event_name":"Liars Game","player_choice":"Ignored","floor":4.0,"gold_loss":0.0,"damage_taken":0.0},{"damage_healed":0.0,"max_hp_gain":0.0,"max_hp_loss":0.0,"gold_gain":0.0,"event_name":"Match and Keep!","player_choice":"2 cards matched","floor":13.0,"gold_loss":0.0,"damage_taken":0.0,"cards_obtained":["Bloodletting","Warcry"]},{"damage_healed":0.0,"max_hp_gain":5.0,"max_hp_loss":0.0,"gold_gain":0.0,"event_name":"Forgotten Altar","player_choice":"Shed Blood","floor":21.0,"gold_loss":0.0,"damage_taken":26.0},{"cards_removed":["Strike_R"],"damage_healed":0.0,"max_hp_gain":0.0,"max_hp_loss":0.0,"gold_gain":0.0,"event_name":"Beggar","player_choice":"Gave Gold","floor":22.0,"gold_loss":75.0,"damage_taken":0.0},{"damage_healed":0,"gold_gain":0,"player_choice":"Fought Bandits","damage_taken":0,"max_hp_gain":0,"max_hp_loss":0,"event_name":"Masked Bandits","floor":30,"gold_loss":0}],"is_beta":true,"boss_relics":[{"not_picked":["Ectoplasm","Coffee Dripper"],"picked":"Philosopher\u0027s Stone"}],"items_purged_floors":[],"is_endless":false,"potions_floor_spawned":[7,10,16,24,29,30],"killed_by":"Automaton","ascension_level":15}