{"gold_per_floor":[109,125,66,79,96,96,125,125,207,224,244,273,285,317,317,391,391,410,423,440,440,212,212,242,242,242,120,154,169,169,187,187,261,261,280,6,0,18,18,18,46,46,46,58,58,69,99,116,116,116,116,116,0,25,25],"floor_reached":56,"playtime":2655,"items_purged":["Strike_R","Normality"],"score":2246,"play_id":"a7a8f0ae-8104-475c-931f-c1a6c6e5b179","local_time":"20190819223101","is_ascension_mode":true,"campfire_choices":[{"data":"Hemokinesis","floor":6,"key":"SMITH"},{"data":"Bash","floor":8,"key":"SMITH"},{"data":"True Grit","floor":15,"key":"SMITH"},{"data":"Inflame","floor":23,"key":"SMITH"},{"data":"Feed","floor":30,"key":"SMITH"},{"data":"Feel No Pain","floor":32,"key":"SMITH"},{"floor":40,"key":"RECALL"},{"data":"Barricade","floor":42,"key":"SMITH"},{"data":"Shockwave","floor":49,"key":"SMITH"},{"data":"Burning Pact","floor":52,"key":"SMITH"}],"neow_cost":"NONE","seed_source_timestamp":439722643798362,"circlet_count":0,"master_deck":["AscendersBane","Strike_R","Strike_R","Strike_R+1","Strike_R+1","Defend_R","Defend_R","Defend_R","Defend_R","Bash+1","Hemokinesis+1","Headbutt","Shrug It Off","Flame Barrier","Inflame+1","Shockwave+1","True Grit+1","Reaper","Battle Trance+1","Battle Trance","Power Through+1","Necronomicurse","Reaper","Sword Boomerang","Feed+1","Feel No Pain+1","Exhume","Doubt","Evolve","Barricade+1","Pummel+1","Burning Pact+1","Feel No Pain","Corruption","Flame Barrier"],"relics":["Burning Blood","Centennial Puzzle","Dead Branch","Lantern","Meat on the Bone","Du-Vu Doll","Whetstone","Coffee Dripper","Necronomicon","Bag of Preparation","Kunai","Pantograph","Unceasing Top","Calling Bell","Potion Belt","The Courier","Thread and Needle","Mummified Hand","Red Mask","Pen Nib","Ancient Tea Set","Pear"],"potions_floor_usage":[7,24,50,55,55,55,55,55,55,55],"damage_taken":[{"damage":7,"enemies":"Jaw Worm","floor":1,"turns":3},{"damage":3,"enemies":"Cultist","floor":2,"turns":2},{"damage":0,"enemies":"Small Slimes","floor":4,"turns":3},{"damage":6,"enemies":"Blue Slaver","floor":5,"turns":4},{"damage":27,"enemies":"Lagavulin","floor":7,"turns":10},{"damage":22,"enemies":"Exordium Thugs","floor":10,"turns":6},{"damage":13,"enemies":"2 Fungi Beasts","floor":11,"turns":5},{"damage":8,"enemies":"Gremlin Nob","floor":12,"turns":3},{"damage":5,"enemies":"Large Slime","floor":13,"turns":7},{"damage":11,"enemies":"Lagavulin","floor":14,"turns":8},{"damage":22,"enemies":"Hexaghost","floor":16,"turns":9},{"damage":10,"enemies":"Spheric Guardian","floor":18,"turns":4},{"damage":3,"enemies":"3 Byrds","floor":19,"turns":5},{"damage":20,"enemies":"Snake Plant","floor":20,"turns":5},{"damage":11,"enemies":"Gremlin Leader","floor":24,"turns":7},{"damage":8,"enemies":"Slavers","floor":28,"turns":6},{"damage":2,"enemies":"Snecko","floor":29,"turns":2},{"damage":1,"enemies":"3 Cultists","floor":31,"turns":4},{"damage":34,"enemies":"Champ","floor":33,"turns":10},{"damage":28,"enemies":"3 Darklings","floor":35,"turns":3},{"damage":3,"enemies":"3 Shapes","floor":38,"turns":6},{"damage":17,"enemies":"Nemesis","floor":41,"turns":13},{"damage":37,"enemies":"Writhing Mass","floor":44,"turns":5},{"damage":3,"enemies":"Jaw Worm Horde","floor":46,"turns":7},{"damage":27,"enemies":"Reptomancer","floor":47,"turns":9},{"damage":0,"enemies":"Spire Growth","floor":48,"turns":4},{"damage":59,"enemies":"Donu and Deca","floor":50,"turns":9},{"damage":0,"enemies":"Shield and Spear","floor":54,"turns":8},{"damage":0,"enemies":"The Heart","floor":55,"turns":9}],"seed_played":"-3205364693350094134","potions_obtained":[{"floor":2,"key":"EntropicBrew"},{"floor":4,"key":"Block Potion"},{"floor":10,"key":"Regen Potion"},{"floor":28,"key":"Strength Potion"},{"floor":47,"key":"AttackPotion"},{"floor":48,"key":"Strength Potion"}],"is_trial":false,"path_per_floor":["M","M","?","M","M","R","E","R","T","M","M","E","M","E","R","B",null,"M","M","M","?","$","R","E","?","T","$","E","M","R","M","R","B",null,"M","$","?","M","?","R","E","R","T","M","?","M","E","M","R","B",null,"R","$","E","B",null],"character_chosen":"IRONCLAD","items_purchased":["Bag of Preparation","Reaper","Sword Boomerang","Mummified Hand","Feel No Pain","Corruption"],"campfire_rested":0,"item_purchase_floors":[22,27,27,36,53,53],"current_hp_per_floor":[67,70,70,75,75,75,54,54,54,50,55,53,54,49,49,45,68,64,75,66,45,45,45,75,75,75,75,75,78,78,82,82,86,86,86,86,86,90,90,90,94,94,94,94,89,100,106,110,110,114,114,114,114,132,136],"gold":25,"neow_bonus":"RANDOM_COMMON_RELIC","is_prod":false,"is_daily":false,"chose_seed":false,"campfire_upgraded":9,"win_rate":0,"timestamp":1566268261,"path_taken":["M","M","?","M","M","R","E","R","T","M","M","E","M","E","R","BOSS","M","?","M","?","$","R","E","?","T","?","E","M","R","?","R","BOSS","M","$","?","M","?","R","E","R","T","?","?","M","E","M","R","BOSS","R","$","E","BOSS"],"build_version":"2019-07-17","purchased_purges":2,"victory":true,"max_hp_per_floor":[75,75,75,75,75,75,75,75,75,75,75,75,75,75,75,75,75,75,75,75,75,75,75,75,75,75,75,75,78,78,82,82,86,86,86,86,86,90,90,90,94,94,94,94,94,102,106,110,110,114,114,114,114,132,136],"card_choices":[{"not_picked":["Cleave","Havoc"],"picked":"Hemokinesis","floor":1},{"not_picked":["Heavy Blade","Infernal Blade"],"picked":"Headbutt","floor":2},{"not_picked":["Wild Strike","Power Through"],"picked":"Shrug It Off","floor":4},{"not_picked":["Bloodletting","Perfected Strike","Rampage"],"picked":"SKIP","floor":5},{"not_picked":["Second Wind","Headbutt"],"picked":"Flame Barrier","floor":7},{"not_picked":["Burning Pact","Thunderclap"],"picked":"Inflame","floor":10},{"not_picked":["Hemokinesis","Heavy Blade"],"picked":"Shockwave","floor":11},{"not_picked":["Flex","Havoc","Wild Strike"],"picked":"SKIP","floor":12},{"not_picked":["Blood for Blood","Flex","Carnage"],"picked":"SKIP","floor":13},{"not_picked":["Inflame","Body Slam"],"picked":"True Grit","floor":14},{"not_picked":["Exhume","Impervious"],"picked":"Reaper","floor":16},{"not_picked":["Sword Boomerang+1","Metallicize"],"picked":"Battle Trance+1","floor":18},{"not_picked":["Cleave","Perfected Strike"],"picked":"Battle Trance","floor":19},{"not_picked":["Dual Wield","Evolve"],"picked":"Power Through+1","floor":20},{"not_picked":["Cleave","Shrug It Off","Perfected Strike"],"picked":"SKIP","floor":24},{"not_picked":["Juggernaut","Battle Trance"],"picked":"Feed","floor":28},{"not_picked":["Spot Weakness","Sword Boomerang"],"picked":"Feel No Pain","floor":29},{"not_picked":["Thunderclap","Anger","Wild Strike"],"picked":"SKIP","floor":31},{"not_picked":["Limit Break","Demon Form"],"picked":"Exhume","floor":33},{"not_picked":["Flame Barrier","Clash"],"picked":"Evolve","floor":35},{"not_picked":["Sword Boomerang","Perfected Strike"],"picked":"Barricade","floor":38},{"not_picked":["Armaments+1","Dropkick"],"picked":"Pummel+1","floor":41},{"not_picked":["Carnage+1","Sever Soul","Body Slam"],"picked":"SKIP","floor":44},{"not_picked":["Evolve","Cleave"],"picked":"Burning Pact","floor":46},{"not_picked":["Heavy Blade","Armaments","Warcry"],"picked":"SKIP","floor":47},{"not_picked":["Clothesline","Reckless Charge","Wild Strike+1"],"picked":"SKIP","floor":48},{"not_picked":["Metallicize+1","Clash"],"picked":"Flame Barrier","floor":54}],"player_experience":2712510,"relics_obtained":[{"floor":7,"key":"Lantern"},{"floor":9,"key":"Meat on the Bone"},{"floor":12,"key":"Du-Vu Doll"},{"floor":14,"key":"Whetstone"},{"floor":21,"key":"Necronomicon"},{"floor":24,"key":"Kunai"},{"floor":26,"key":"Pantograph"},{"floor":28,"key":"Unceasing Top"},{"floor":34,"key":"Potion Belt"},{"floor":34,"key":"The Courier"},{"floor":34,"key":"Thread and Needle"},{"floor":41,"key":"Pen Nib"},{"floor":47,"key":"Ancient Tea Set"},{"floor":54,"key":"Pear"}],"event_choices":[{"damage_healed":0,"gold_gain":0,"player_choice":"Paid Gold","damage_taken":0,"relics_obtained":["Dead Branch"],"max_hp_gain":0,"max_hp_loss":0,"event_name":"WeMeetAgain","floor":3,"gold_loss":59},{"damage_healed":0,"gold_gain":0,"player_choice":"Obtained Book","damage_taken":21,"max_hp_gain":0,"max_hp_loss":0,"event_name":"Cursed Tome","floor":21,"gold_loss":0},{"damage_healed":0,"gold_gain":0,"player_choice":"Ignored","damage_taken":0,"max_hp_gain":0,"max_hp_loss":0,"event_name":"Vampires","floor":25,"gold_loss":0},{"damage_healed":0,"gold_gain":0,"player_choice":"Paid","damage_taken":0,"relics_obtained":["Red Mask"],"max_hp_gain":0,"max_hp_loss":0,"event_name":"Tomb of Lord Red Mask","floor":37,"gold_loss":6},{"cards_removed":["Regret"],"damage_healed":0,"gold_gain":0,"player_choice":"Purged","damage_taken":0,"max_hp_gain":0,"max_hp_loss":0,"event_name":"Purifier","floor":39,"gold_loss":0},{"damage_healed":0,"gold_gain":0,"player_choice":"Memory 2","damage_taken":5,"max_hp_gain":0,"max_hp_loss":0,"event_name":"SensoryStone","floor":45,"gold_loss":0}],"is_beta":false,"boss_relics":[{"not_picked":["Astrolabe","Runic Pyramid"],"picked":"Coffee Dripper"},{"not_picked":["Philosopher\u0027s Stone","Runic Cube"],"picked":"Calling Bell"}],"items_purged_floors":[22,36],"is_endless":false,"potions_floor_spawned":[2,4,10,11,14,16,18,20,28,31,47,48],"ascension_level":15}