{"gold_per_floor":[113,113,128,128,142,168,186,214,288,318,335,335,348,23,23,23],"floor_reached":16,"playtime":1545,"items_purged":["Strike_R"],"score":134,"play_id":"7507834e-c616-4a24-a6e8-5033d89ac8e9","local_time":"20190822173014","is_ascension_mode":true,"campfire_choices":[{"data":"Armaments","floor":12,"key":"SMITH"},{"data":"Infernal Blade","floor":15,"key":"SMITH"}],"neow_cost":"NONE","seed_source_timestamp":621892312080200,"circlet_count":0,"master_deck":["Strike_R","Strike_R","Defend_R","Defend_R","Defend_R","Defend_R","Bash","Immolate","Evolve","Dual Wield","Wild Strike","Rampage","Impervious","Armaments+1","Bloodletting","Warcry","Infernal Blade+1","Cleave"],"relics":["Burning Blood","Incense Burner","Pen Nib","Matryoshka","Orichalcum","Gremlin Horn","Champion Belt","Self Forming Clay"],"potions_floor_usage":[8,13,13,16],"damage_taken":[{"damage":7,"enemies":"Small Slimes","floor":1,"turns":4},{"damage":14,"enemies":"Jaw Worm","floor":3,"turns":5},{"damage":6,"enemies":"Cultist","floor":5,"turns":4},{"damage":9,"enemies":"3 Sentries","floor":6,"turns":3},{"damage":7,"enemies":"Blue Slaver","floor":7,"turns":6},{"damage":18,"enemies":"Lagavulin","floor":8,"turns":6},{"damage":11,"enemies":"3 Sentries","floor":10,"turns":5},{"damage":4,"enemies":"Red Slaver","floor":11,"turns":2},{"damage":15,"enemies":"Exordium Thugs","floor":13,"turns":4},{"damage":43,"enemies":"The Guardian","floor":16,"turns":7}],"seed_played":"8532633765699563231","potions_obtained":[{"floor":1,"key":"Strength Potion"},{"floor":3,"key":"Poison Potion"},{"floor":6,"key":"Swift Potion"},{"floor":10,"key":"Explosive Potion"}],"is_trial":false,"path_per_floor":["M","?","M","T","M","E","M","E","T","E","M","R","M","$","R","B"],"character_chosen":"IRONCLAD","items_purchased":["Self Forming Clay"],"campfire_rested":0,"item_purchase_floors":[14],"current_hp_per_floor":[79,79,71,71,71,68,67,55,55,50,52,52,43,43,43,0],"gold":23,"neow_bonus":"TRANSFORM_CARD","is_prod":false,"is_daily":false,"chose_seed":false,"campfire_upgraded":2,"win_rate":0,"timestamp":1566487814,"path_taken":["M","?","M","?","M","E","M","E","T","E","M","R","M","$","R","BOSS"],"build_version":"2019-07-17","purchased_purges":1,"victory":false,"max_hp_per_floor":[80,80,80,80,80,80,80,80,80,80,80,80,80,80,80,80],"card_choices":[{"not_picked":["Havoc","Whirlwind"],"picked":"Evolve","floor":1},{"not_picked":["True Grit","Perfected Strike"],"picked":"Wild Strike","floor":3},{"not_picked":["Havoc","Exhume"],"picked":"Rampage","floor":5},{"not_picked":["Rampage","Anger"],"picked":"Impervious","floor":6},{"not_picked":["Flex","Perfected Strike"],"picked":"Armaments","floor":7},{"not_picked":["Havoc","Whirlwind"],"picked":"Bloodletting","floor":8},{"not_picked":["Impervious","Shrug It Off"],"picked":"Warcry","floor":10},{"not_picked":["Clothesline","Dual Wield"],"picked":"Infernal Blade","floor":11},{"not_picked":["Sword Boomerang","Headbutt"],"picked":"Cleave","floor":13}],"player_experience":131848,"relics_obtained":[{"floor":4,"key":"Incense Burner"},{"floor":6,"key":"Pen Nib"},{"floor":8,"key":"Matryoshka"},{"floor":9,"key":"Orichalcum"},{"floor":9,"key":"Gremlin Horn"},{"floor":10,"key":"Champion Belt"}],"event_choices":[{"damage_healed":0,"gold_gain":0,"cards_transformed":["Strike_R"],"player_choice":"Change","damage_taken":0,"max_hp_gain":0,"max_hp_loss":0,"event_name":"Living Wall","floor":2,"gold_loss":0,"cards_obtained":["Dual Wield"]}],"is_beta":false,"boss_relics":[],"items_purged_floors":[14],"is_endless":false,"potions_floor_spawned":[1,3,6,10],"killed_by":"The Guardian","ascension_level":2}