{"gold_per_floor":[114,134,149,169,169,169,179,195,195,195,211,211,211,235,235,358,421,436,454,454,454,53,53,53,53,79,100,116,141,141,41,41,164,164,180,193,206,206],"floor_reached":38,"playtime":4725,"items_purged":["Strike_Br+1","LockedUrn"],"score":397,"play_id":"9423d571-b380-4cbb-a0a6-b6bdbad8bcf9","local_time":"20190124163134","is_ascension_mode":false,"campfire_choices":[{"data":"SecondHand","floor":6,"key":"SMITH"},{"floor":13,"key":"REST"},{"data":"LockedPlans","floor":15,"key":"SMITH"},{"data":"PatternShift","floor":23,"key":"SMITH"},{"data":"LockedLightning","floor":25,"key":"SMITH"},{"data":"LockedScales","floor":30,"key":"SMITH"},{"data":"Parity","floor":32,"key":"SMITH"}],"neow_cost":"NONE","seed_source_timestamp":834853025000,"circlet_count":0,"master_deck":["Strike_Br+1","Strike_Br+1","Defend_Br+1","Defend_Br+1","Defend_Br+1","Defend_Br+1","SecondHand+1","PatternShift+1","Parity+1","LockedAnchor","Echoward","LockedPlans+1","Recurrance","Moderato","WindUp","LockedScales+1","WindUp","LockedLightning+1","HandsUp","HandsUp","BackFourSeconds","Echoward","AlternateTimeline","Accelerando","Analog","OldTimer","Analog","Engulf+1","LockedWarPaint+1"],"relics":["Chronometer","Letter Opener","Golden Idol","Tiny House","Boot","Strawberry","Anchor","Black Star"],"potions_floor_usage":[8,37],"damage_taken":[{"damage":4,"enemies":"Small Slimes","floor":1,"turns":6},{"damage":1,"enemies":"2 Louse","floor":2,"turns":4},{"damage":0,"enemies":"Cultist","floor":3,"turns":6},{"damage":12,"enemies":"Large Slime","floor":4,"turns":10},{"damage":2,"enemies":"Looter","floor":7,"turns":5},{"damage":9,"enemies":"Lots of Slimes","floor":8,"turns":9},{"damage":6,"enemies":"Blue Slaver","floor":11,"turns":4},{"damage":0,"enemies":"Exordium Wildlife","floor":14,"turns":6},{"damage":4,"enemies":"Hexaghost","floor":16,"turns":11},{"damage":14,"enemies":"Spheric Guardian","floor":18,"turns":6},{"damage":10,"enemies":"Chosen","floor":19,"turns":6},{"damage":2,"enemies":"Snecko","floor":27,"turns":6},{"damage":24,"enemies":"3 Cultists","floor":28,"turns":6},{"damage":8,"enemies":"Centurion and Healer","floor":29,"turns":11},{"damage":44,"enemies":"Automaton","floor":33,"turns":16},{"damage":22,"enemies":"Orb Walker","floor":35,"turns":5},{"damage":52,"enemies":"3 Shapes","floor":36,"turns":4},{"damage":67,"enemies":"Transient","floor":37,"turns":5},{"damage":61,"enemies":"Maw","floor":38,"turns":8}],"seed_played":"4517036290585501936","potions_obtained":[{"floor":7,"key":"SpeedPotion"},{"floor":8,"key":"HastePotion"},{"floor":11,"key":"AttackPotion"},{"floor":17,"key":"Strength Potion"},{"floor":24,"key":"Ancient Potion"}],"is_trial":false,"path_per_floor":["M","M","M","M","?","R","M","M","T","?","M","?","R","M","R","B",null,"M","M","?","?","$","R","?","R","T","M","M","M","R","$","R","B",null,"M","M","M","M"],"character_chosen":"CHRONO_CLASS","items_purchased":["Boot","Strawberry","Echoward"],"campfire_rested":1,"item_purchase_floors":[22,22,22],"current_hp_per_floor":[67,66,66,54,54,54,52,43,43,26,20,20,41,41,41,37,76,62,52,52,52,59,59,59,59,59,61,65,61,61,61,61,18,83,72,70,31,0],"gold":206,"neow_bonus":"TEN_PERCENT_HP_BONUS","is_prod":false,"is_daily":false,"chose_seed":false,"campfire_upgraded":6,"win_rate":0.0,"timestamp":1548343894,"path_taken":["M","M","M","M","?","R","M","M","T","?","M","?","R","M","R","BOSS","M","M","?","?","$","R","?","R","T","M","M","M","R","$","R","BOSS","M","M","M","M"],"build_version":"2019-01-23","purchased_purges":2,"victory":false,"max_hp_per_floor":[71,71,71,71,71,71,71,71,71,71,71,71,71,71,71,71,76,76,76,76,76,83,83,83,83,83,83,83,83,83,83,83,83,83,83,83,83,83],"card_choices":[{"not_picked":["Tempo","BiteCommand"],"picked":"Parity","floor":1},{"not_picked":["Chronoelasticity","Engulf"],"picked":"LockedAnchor","floor":2},{"not_picked":["LockedAnchor","Parity"],"picked":"Echoward","floor":3},{"not_picked":["ResonantCall","LockedUrn"],"picked":"LockedPlans","floor":4},{"not_picked":["Engulf","WakeUpCall"],"picked":"Recurrance","floor":7},{"not_picked":["LockedMawBank","Parity"],"picked":"Tempo","floor":8},{"not_picked":["Echoward","Engulf"],"picked":"WindUp","floor":11},{"not_picked":["LockedAnchor","Break"],"picked":"WindUp","floor":14},{"not_picked":["OverTime","LockedCalendar"],"picked":"LockedLightning","floor":16},{"not_picked":["TickedOff","LockedMawBank"],"picked":"HandsUp","floor":17},{"not_picked":["Parity","Echoward"],"picked":"HandsUp","floor":18},{"not_picked":["LockedThread","Facsimile"],"picked":"BackFourSeconds","floor":19},{"not_picked":["Engulf","VestedLegacy"],"picked":"Tempo","floor":27},{"not_picked":["HandsUp","TiringSlam"],"picked":"AlternateTimeline","floor":28},{"not_picked":["Echoward","Break"],"picked":"Analog","floor":29},{"not_picked":["LockedBell","RageCommand"],"picked":"OldTimer","floor":33},{"not_picked":["LockedMawBank+1","Tempo+1"],"picked":"Analog","floor":35},{"not_picked":["Echoward+1","WindUp+1"],"picked":"Engulf+1","floor":36},{"not_picked":["Engulf+1","Recurrance"],"picked":"LockedWarPaint+1","floor":37}],"player_experience":209241,"relics_obtained":[{"floor":9,"key":"Letter Opener"},{"floor":26,"key":"Anchor"}],"event_choices":[{"damage_healed":0,"gold_gain":0,"player_choice":"Ignored","damage_taken":0,"max_hp_gain":0,"max_hp_loss":0,"event_name":"Liars Game","floor":5,"gold_loss":0},{"damage_healed":0,"gold_gain":0,"player_choice":"Take Damage","damage_taken":17,"relics_obtained":["Golden Idol"],"max_hp_gain":0,"max_hp_loss":0,"event_name":"Golden Idol","floor":10,"gold_loss":0},{"damage_healed":0,"gold_gain":0,"cards_transformed":["Strike_Br"],"player_choice":"Transformed","damage_taken":0,"max_hp_gain":0,"max_hp_loss":0,"event_name":"Transmorgrifier","floor":12,"gold_loss":0,"cards_obtained":["LockedScales"]},{"damage_healed":0,"gold_gain":0,"player_choice":"Simplicity","damage_taken":0,"max_hp_gain":0,"max_hp_loss":0,"event_name":"Back to Basics","floor":20,"gold_loss":0,"cards_upgraded":[]},{"damage_healed":0,"gold_gain":0,"player_choice":"Read","damage_taken":0,"max_hp_gain":0,"max_hp_loss":0,"event_name":"The Library","floor":21,"gold_loss":0,"cards_obtained":["LockedUrn"]},{"damage_healed":0,"gold_gain":0,"player_choice":"Got Potions","damage_taken":0,"max_hp_gain":0,"max_hp_loss":0,"event_name":"Lab","floor":24,"gold_loss":0}],"is_beta":false,"boss_relics":[{"not_picked":["Snecko Eye","White Beast Statue"],"picked":"Tiny House"},{"not_picked":["Lizard Tail","HangingClock"],"picked":"Black Star"}],"items_purged_floors":[22,31],"is_endless":false,"potions_floor_spawned":[7,8,11,19,28,36],"killed_by":"Maw","ascension_level":0}