{"gold_per_floor":[111,111,36,52,71,106,106,133,156,191,201,201,201,214,214,214],"floor_reached":16,"playtime":404,"items_purged":["Strike_R"],"score":210,"play_id":"522f1299-8b91-4336-b9a0-55ea4bb12e2f","local_time":"20190811170437","is_ascension_mode":true,"campfire_choices":[{"data":"Immolate","floor":7,"key":"SMITH"},{"data":"Disarm","floor":13,"key":"SMITH"},{"data":"Armaments","floor":15,"key":"SMITH"}],"neow_cost":"TEN_PERCENT_HP_LOSS","seed_source_timestamp":2761676152859851,"circlet_count":0,"master_deck":["AscendersBane","Strike_R","Strike_R","Strike_R","Strike_R","Defend_R","Defend_R","Defend_R","Defend_R","Bash","Immolate+1","Disarm+1","Thunderclap","Pommel Strike","Feel No Pain","Bludgeon","Armaments+1"],"relics":["Burning Blood","Juzu Bracelet","Dream Catcher","Vajra","Bottled Flame"],"potions_floor_usage":[6,8,16],"damage_taken":[{"damage":9,"enemies":"Jaw Worm","floor":1,"turns":4},{"damage":5,"enemies":"Cultist","floor":4,"turns":4},{"damage":0,"enemies":"2 Louse","floor":5,"turns":1},{"damage":39,"enemies":"Lagavulin","floor":6,"turns":6},{"damage":15,"enemies":"3 Sentries","floor":8,"turns":6},{"damage":28,"enemies":"Lagavulin","floor":10,"turns":7},{"damage":11,"enemies":"Looter","floor":11,"turns":2},{"damage":11,"enemies":"Exordium Thugs","floor":14,"turns":2},{"damage":30,"enemies":"Hexaghost","floor":16,"turns":11}],"seed_played":"145482373194455406","potions_obtained":[{"floor":1,"key":"FearPotion"},{"floor":5,"key":"BloodPotion"},{"floor":10,"key":"BloodPotion"},{"floor":14,"key":"SteroidPotion"}],"is_trial":false,"path_per_floor":["M","?","$","M","M","E","R","E","T","E","M","?","R","M","R","B"],"character_chosen":"IRONCLAD","items_purchased":[],"campfire_rested":0,"item_purchase_floors":[],"current_hp_per_floor":[65,65,65,66,68,35,35,43,43,21,16,16,16,11,11,0],"gold":214,"neow_bonus":"THREE_RARE_CARDS","is_prod":false,"is_daily":false,"chose_seed":false,"campfire_upgraded":3,"win_rate":0,"timestamp":1565557477,"path_taken":["M","?","$","M","M","E","R","E","T","E","M","?","R","M","R","BOSS"],"build_version":"2019-07-17","purchased_purges":1,"victory":false,"max_hp_per_floor":[68,68,68,68,68,68,68,68,68,68,68,68,68,68,68,68],"card_choices":[{"not_picked":["Brutality","Limit Break"],"picked":"Immolate","floor":0},{"not_picked":["Feel No Pain","True Grit"],"picked":"Disarm","floor":1},{"not_picked":["Fire Breathing","Entrench","Rampage"],"picked":"SKIP","floor":4},{"not_picked":["Body Slam","Clothesline"],"picked":"Pommel Strike","floor":5},{"not_picked":["Searing Blow","Ghostly Armor"],"picked":"Feel No Pain","floor":6},{"not_picked":["Berserk","Havoc"],"picked":"Bludgeon","floor":8},{"not_picked":["Anger","Dark Embrace","Pommel Strike"],"picked":"SKIP","floor":10},{"not_picked":["Second Wind","Entrench","Perfected Strike"],"picked":"SKIP","floor":11},{"not_picked":["Corruption","Iron Wave"],"picked":"Armaments","floor":14}],"player_experience":2669192,"relics_obtained":[{"floor":6,"key":"Juzu Bracelet"},{"floor":8,"key":"Dream Catcher"},{"floor":9,"key":"Vajra"},{"floor":10,"key":"Bottled Flame"}],"event_choices":[{"damage_healed":0,"gold_gain":0,"player_choice":"1 cards matched","damage_taken":0,"max_hp_gain":0,"max_hp_loss":0,"event_name":"Match and Keep!","floor":2,"gold_loss":0,"cards_obtained":["Thunderclap"]},{"damage_healed":0,"gold_gain":0,"player_choice":"Ignored","damage_taken":0,"max_hp_gain":0,"max_hp_loss":0,"event_name":"Shining Light","floor":12,"gold_loss":0}],"is_beta":false,"boss_relics":[],"items_purged_floors":[3],"is_endless":false,"potions_floor_spawned":[1,5,10,14],"killed_by":"Hexaghost","ascension_level":15}