{"gold_per_floor":[115,115,35,53,19,19,54,54,103,129,153,165,188,219,231,340,352,384,396],"floor_reached":19,"playtime":1170,"items_purged":[],"score":169,"play_id":"11363a4a-1852-49da-bb39-c04696e148f0","local_time":"20190121203414","is_ascension_mode":false,"campfire_choices":[{"data":"Bash","floor":6,"key":"SMITH"},{"data":"Spot Weakness","floor":8,"key":"SMITH"},{"floor":15,"key":"REST"}],"neow_cost":"NONE","seed_source_timestamp":432540002500200,"circlet_count":0,"master_deck":["Strike_R","Strike_R","Strike_R","Strike_R","Strike_R","Defend_R","Defend_R","Defend_R","Defend_R","Bash+1","Purity","Anger","Pummel","Forethought","Spot Weakness+1","Dark Embrace","Feel No Pain","Sentinel","Clothesline","Headbutt","Dual Wield","Fiend Fire","Exhume","Pummel"],"relics":["Burning Blood","Bottled Flame","MawBank","Letter Opener","Runic Cube"],"potions_floor_usage":[7,13],"damage_taken":[{"damage":5,"enemies":"Cultist","floor":1,"turns":4},{"damage":9,"enemies":"Small Slimes","floor":4,"turns":4},{"damage":18,"enemies":"Lagavulin","floor":7,"turns":6},{"damage":11,"enemies":"Jaw Worm","floor":10,"turns":5},{"damage":0,"enemies":"Blue Slaver","floor":11,"turns":4},{"damage":26,"enemies":"Exordium Wildlife","floor":13,"turns":6},{"damage":30,"enemies":"Exordium Thugs","floor":14,"turns":6},{"damage":35,"enemies":"Hexaghost","floor":16,"turns":8},{"damage":20,"enemies":"Chosen","floor":18,"turns":4},{"damage":35,"enemies":"Spheric Guardian","floor":19,"turns":7}],"seed_played":"-4371144527884347135","potions_obtained":[{"floor":1,"key":"SkillPotion"},{"floor":10,"key":"Weak Potion"},{"floor":11,"key":"SpeedPotion"},{"floor":13,"key":"Energy Potion"},{"floor":14,"key":"Dexterity Potion"}],"is_trial":false,"path_per_floor":["M","?","$","M","$","R","E","R","T","M","M","?","M","M","R","B",null,"M","M"],"character_chosen":"IRONCLAD","items_purchased":["Spot Weakness","Feel No Pain"],"campfire_rested":1,"item_purchase_floors":[3,5],"current_hp_per_floor":[80,80,80,77,77,77,65,65,65,60,66,59,39,15,39,10,80,66,31],"gold":396,"neow_bonus":"RANDOM_COLORLESS","is_prod":false,"is_daily":false,"chose_seed":false,"campfire_upgraded":2,"win_rate":0,"timestamp":1548099254,"path_taken":["M","?","$","M","?","R","E","R","T","M","M","?","?","M","R","BOSS","M","M"],"build_version":"2019-01-17v2","purchased_purges":0,"victory":false,"max_hp_per_floor":[80,80,80,80,80,80,80,80,80,80,80,80,80,80,80,80,80,80,80],"card_choices":[{"not_picked":["Warcry","Wild Strike"],"picked":"Anger","floor":1},{"not_picked":["Anger","Thunderclap"],"picked":"Dark Embrace","floor":4},{"not_picked":["Twin Strike","Seeing Red"],"picked":"Sentinel","floor":7},{"not_picked":["Seeing Red","Thunderclap"],"picked":"Clothesline","floor":10},{"not_picked":["Rupture","Heavy Blade"],"picked":"Headbutt","floor":11},{"not_picked":["Reckless Charge","Armaments"],"picked":"Dual Wield","floor":13},{"not_picked":["Warcry","Body Slam"],"picked":"Fiend Fire","floor":14},{"not_picked":["Juggernaut","Berserk"],"picked":"Exhume","floor":16},{"not_picked":["Armaments","Flex+1"],"picked":"Pummel","floor":18}],"player_experience":205367,"relics_obtained":[{"floor":7,"key":"Bottled Flame"},{"floor":9,"key":"MawBank"}],"event_choices":[{"damage_healed":0,"gold_gain":0,"player_choice":"2 cards matched","damage_taken":0,"max_hp_gain":0,"max_hp_loss":0,"event_name":"Match and Keep!","floor":2,"gold_loss":0,"cards_obtained":["Pummel","Forethought"]},{"damage_healed":0,"gold_gain":0,"player_choice":"Success","damage_taken":7,"relics_obtained":["Letter Opener"],"max_hp_gain":0,"max_hp_loss":0,"event_name":"Scrap Ooze","floor":12,"gold_loss":0}],"is_beta":false,"boss_relics":[{"not_picked":["Calling Bell","Lizard Tail"],"picked":"Runic Cube"}],"items_purged_floors":[],"is_endless":false,"potions_floor_spawned":[1,10,11,13,14],"killed_by":"Spheric Guardian","ascension_level":0}