{"gold_per_floor":[217,217,237,312,189,189,189,222,222,253,273,273,291,6,6,96,96,110,131,131,131,56,56,99,99,99,99,137,162,183,202,202,297,297,315,315,315,336,352,352,373,411,411,411,427,101,160,191,191,191],"floor_reached":50,"playtime":2025,"items_purged":["Strike_G"],"score":1047,"play_id":"620bbcce-c3ae-41bd-ba02-c022a4b97059","local_time":"20190520195701","is_ascension_mode":true,"campfire_choices":[{"data":"Neutralize","floor":6.0,"key":"SMITH"},{"data":"A Thousand Cuts","floor":12.0,"key":"SMITH"},{"data":"Dagger Spray","floor":15.0,"key":"SMITH"},{"data":"Glass Knife","floor":23.0,"key":"SMITH"},{"floor":25.0,"key":"REST"},{"floor":27.0,"key":"REST"},{"data":"Footwork","floor":32,"key":"SMITH"},{"data":"Wraith Form v2","floor":40,"key":"SMITH"},{"data":"Malaise","floor":44,"key":"SMITH"},{"floor":49,"key":"RECALL"}],"neow_cost":"NONE","seed_source_timestamp":437683545729638,"circlet_count":0,"master_deck":["AscendersBane","Defend_G+1","Defend_G+1","Defend_G+1","Defend_G+1","Strike_G+1","Survivor","Neutralize+1","Dagger Spray+1","Deadly Poison+1","A Thousand Cuts+1","Escape Plan","Glass Knife+1","Backflip+1","Eviscerate","Bouncing Flask","Infinite Blades","Dash","Skewer","Footwork+1","Wraith Form v2+1","Footwork","Eviscerate+1","Malaise+1","Dash+1","Footwork","PiercingWail"],"special_seed":0,"relics":["Ring of the Snake","Golden Idol","Ice Cream","Paper Crane","Centennial Puzzle","Gambling Chip","Snecko Eye","Lantern","Mercury Hourglass","Pen Nib","Empty Cage","Bottled Flame","Pear","Torii","Dream Catcher"],"potions_floor_usage":[33,39,42,42,48],"damage_taken":[{"damage":2.0,"enemies":"Jaw Worm","floor":1.0,"turns":5.0},{"damage":0.0,"enemies":"Small Slimes","floor":3.0,"turns":4.0},{"damage":19.0,"enemies":"3 Sentries","floor":8.0,"turns":9.0},{"damage":6.0,"enemies":"Gremlin Nob","floor":10.0,"turns":5.0},{"damage":0.0,"enemies":"2 Louse","floor":11.0,"turns":2.0},{"damage":4.0,"enemies":"Blue Slaver","floor":13.0,"turns":5.0},{"damage":3.0,"enemies":"The Guardian","floor":16.0,"turns":11.0},{"damage":1.0,"enemies":"Shell Parasite","floor":18.0,"turns":3.0},{"damage":0.0,"enemies":"3 Byrds","floor":19.0,"turns":2.0},{"damage":33.0,"enemies":"Book of Stabbing","floor":24.0,"turns":7.0},{"damage":11.0,"enemies":"Slavers","floor":28.0,"turns":4.0},{"damage":0.0,"enemies":"Sentry and Sphere","floor":29.0,"turns":2.0},{"damage":0,"enemies":"Chosen and Byrds","floor":30,"turns":4},{"damage":1,"enemies":"Centurion and Healer","floor":31,"turns":4},{"damage":0,"enemies":"Collector","floor":33,"turns":9},{"damage":0,"enemies":"Orb Walker","floor":35,"turns":3},{"damage":3,"enemies":"3 Darklings","floor":38,"turns":6},{"damage":5,"enemies":"Spire Growth","floor":39,"turns":4},{"damage":0,"enemies":"Sphere and 2 Shapes","floor":41,"turns":3},{"damage":1,"enemies":"Giant Head","floor":42,"turns":8},{"damage":0,"enemies":"4 Shapes","floor":45,"turns":4},{"damage":11,"enemies":"2 Orb Walkers","floor":47,"turns":5},{"damage":15,"enemies":"Reptomancer","floor":48,"turns":6},{"damage":30,"enemies":"Donu and Deca","floor":50,"turns":3}],"seed_played":"3997931881906283475","potions_obtained":[{"floor":11.0,"key":"Dexterity Potion"},{"floor":13.0,"key":"Energy Potion"},{"floor":18.0,"key":"AttackPotion"},{"floor":28.0,"key":"GhostInAJar"},{"floor":30,"key":"LiquidBronze"},{"floor":31,"key":"PowerPotion"},{"floor":39,"key":"PowerPotion"},{"floor":41,"key":"Block Potion"},{"floor":42,"key":"Block Potion"}],"is_trial":false,"path_per_floor":["M","?","M","?","$","R","?","E","T","E","M","R","M","$","R","B",null,"M","M","?","?","?","R","E","R","T","R","E","M","M","M","R","B",null,"M","?","?","M","M","R","M","E","T","R","M","$","?","E","R","B"],"character_chosen":"THE_SILENT","items_purchased":["PowerPotion","Gambling Chip","Pear","Footwork"],"campfire_rested":2,"item_purchase_floors":[5,14,46,46],"current_hp_per_floor":[57,57,57,46,46,46,46,27,27,21,21,21,17,17,17,14,49,48,48,48,48,48,48,15,33,33,51,40,40,40,39,39,39,55,55,55,55,52,47,47,47,46,46,46,46,56,45,30,30,0],"gold":191,"neow_bonus":"HUNDRED_GOLD","is_prod":false,"is_daily":false,"chose_seed":false,"campfire_upgraded":7,"win_rate":0,"timestamp":1558396621,"path_taken":["M","?","M","?","$","R","?","E","T","E","M","R","M","?","R","BOSS","M","M","?","?","?","R","E","R","T","R","E","M","M","M","R","BOSS","M","?","?","M","M","R","M","E","T","R","M","$","?","E","R","BOSS"],"build_version":"2019-05-07","purchased_purges":1,"victory":false,"max_hp_per_floor":[66,60,60,60,60,60,60,60,60,60,60,60,60,60,60,60,60,60,60,60,60,60,60,60,60,60,60,60,60,60,60,60,60,60,60,60,57,57,57,57,57,57,57,57,57,67,67,67,67,67],"card_choices":[{"not_picked":["Bane","Deflect"],"picked":"Dagger Spray","floor":1.0},{"not_picked":["Distraction","Backflip"],"picked":"Deadly Poison","floor":3.0},{"not_picked":["Bane","Choke","Dagger Throw"],"picked":"SKIP","floor":8.0},{"not_picked":["Dagger Throw","Reflex"],"picked":"A Thousand Cuts","floor":10.0},{"not_picked":["Poisoned Stab","Prepared","Dodge and Roll"],"picked":"SKIP","floor":11.0},{"not_picked":["Deflect","Bane"],"picked":"Escape Plan","floor":13.0},{"not_picked":["Night Terror","Storm of Steel"],"picked":"Glass Knife","floor":16.0},{"not_picked":["Cloak And Dagger+1","Backstab+1"],"picked":"Backflip+1","floor":18.0},{"not_picked":["Backflip","Catalyst"],"picked":"Eviscerate","floor":19.0},{"not_picked":["Blade Dance","Escape Plan"],"picked":"Infinite Blades","floor":24.0},{"not_picked":["Quick Slash","Phantasmal Killer"],"picked":"Dash","floor":28.0},{"not_picked":["Outmaneuver","Prepared","Dodge and Roll"],"picked":"SKIP","floor":29.0},{"not_picked":["Prepared","Cloak And Dagger"],"picked":"Skewer","floor":30},{"not_picked":["Dodge and Roll","Bane"],"picked":"Footwork","floor":31},{"not_picked":["Glass Knife","Malaise"],"picked":"Wraith Form v2","floor":33},{"not_picked":["Dagger Throw+1","Dash","Dagger Spray"],"picked":"SKIP","floor":35},{"not_picked":["Poisoned Stab","Dash+1"],"picked":"Footwork","floor":38},{"not_picked":["Quick Slash","Caltrops"],"picked":"Eviscerate+1","floor":39},{"not_picked":["Dagger Throw","Predator+1"],"picked":"Malaise","floor":41},{"not_picked":["Quick Slash","Blur"],"picked":"Dash+1","floor":42},{"not_picked":["Calculated Gamble","Poisoned Stab","Outmaneuver"],"picked":"SKIP","floor":45},{"not_picked":["Backstab+1","Eviscerate"],"picked":"PiercingWail","floor":48}],"player_experience":2509937,"relics_obtained":[{"floor":8.0,"key":"Ice Cream"},{"floor":9.0,"key":"Paper Crane"},{"floor":10.0,"key":"Centennial Puzzle"},{"floor":24.0,"key":"Lantern"},{"floor":26.0,"key":"Mercury Hourglass"},{"floor":28.0,"key":"Pen Nib"},{"floor":42,"key":"Bottled Flame"},{"floor":47,"key":"Torii"},{"floor":48,"key":"Dream Catcher"}],"event_choices":[{"damage_healed":0.0,"max_hp_gain":0.0,"max_hp_loss":6.0,"gold_gain":0.0,"event_name":"Golden Idol","player_choice":"Lose Max HP","floor":2.0,"gold_loss":0.0,"damage_taken":0.0,"relics_obtained":["Golden Idol"]},{"damage_healed":0.0,"max_hp_gain":0.0,"max_hp_loss":0.0,"gold_gain":75.0,"event_name":"World of Goop","player_choice":"Gather Gold","floor":4.0,"gold_loss":0.0,"damage_taken":11.0},{"damage_healed":0.0,"max_hp_gain":0.0,"max_hp_loss":0.0,"gold_gain":0.0,"event_name":"Living Wall","player_choice":"Grow","floor":7.0,"gold_loss":0.0,"damage_taken":0.0,"cards_upgraded":["Deadly Poison"]},{"damage_healed":0.0,"max_hp_gain":0.0,"max_hp_loss":0.0,"gold_gain":0.0,"event_name":"Back to Basics","player_choice":"Simplicity","floor":20.0,"gold_loss":0.0,"damage_taken":0.0,"cards_upgraded":["Defend_G","Defend_G","Defend_G","Defend_G","Defend_G","Strike_G","Strike_G","Strike_G","Strike_G"]},{"damage_healed":0.0,"max_hp_gain":0.0,"max_hp_loss":0.0,"gold_gain":0.0,"event_name":"The Library","player_choice":"Read","floor":21.0,"gold_loss":0.0,"damage_taken":0.0,"cards_obtained":["Bouncing Flask"]},{"cards_removed":["Strike_G"],"damage_healed":0.0,"max_hp_gain":0.0,"max_hp_loss":0.0,"gold_gain":0.0,"event_name":"Beggar","player_choice":"Gave Gold","floor":22.0,"gold_loss":75.0,"damage_taken":0.0},{"cards_removed":["Defend_G"],"damage_healed":0,"gold_gain":0,"player_choice":"Removed Skill","damage_taken":0,"max_hp_gain":0,"max_hp_loss":0,"event_name":"Falling","floor":36,"gold_loss":0},{"damage_healed":0,"gold_gain":0,"player_choice":"Max HP","damage_taken":0,"max_hp_gain":0,"max_hp_loss":3,"event_name":"Winding Halls","floor":37,"gold_loss":0},{"damage_healed":0,"gold_gain":0,"player_choice":"Fight","damage_taken":0,"max_hp_gain":0,"max_hp_loss":0,"event_name":"Mysterious Sphere","floor":47,"gold_loss":0}],"is_beta":true,"boss_relics":[{"not_picked":["Tiny House","Coffee Dripper"],"picked":"Snecko Eye"},{"not_picked":["Black Star","White Beast Statue"],"picked":"Empty Cage"}],"items_purged_floors":[5],"is_endless":false,"potions_floor_spawned":[11,13,16,18,28,30,31,39,41,42],"killed_by":"Donu and Deca","ascension_level":15}