{"gold_per_floor":[119,145,70,70,145,145,162,181,204,234,247,266,266,93,93,93],"floor_reached":16,"playtime":364,"items_purged":["Defend_R","Strike_R"],"score":100,"play_id":"de1c3a67-d8f2-4bdf-9060-28ca5cac8721","local_time":"20190821234256","is_ascension_mode":false,"campfire_choices":[{"data":"Flex","floor":6,"key":"SMITH"},{"data":"Armaments","floor":13,"key":"SMITH"},{"floor":15,"key":"REST"}],"neow_cost":"NONE","seed_source_timestamp":424241242547900,"circlet_count":0,"master_deck":["Strike_R","Strike_R","Strike_R","Strike_R","Defend_R","Defend_R","Bash","Flex+1","Cleave","Clothesline","Cleave","Armaments+1","Corruption"],"relics":["Burning Blood","PreservedInsect","Potion Belt","Strawberry","Vajra"],"potions_floor_usage":[16],"damage_taken":[{"damage":1,"enemies":"Cultist","floor":1,"turns":4},{"damage":5,"enemies":"2 Louse","floor":7,"turns":3},{"damage":10,"enemies":"Small Slimes","floor":8,"turns":3},{"damage":26,"enemies":"3 Sentries","floor":10,"turns":5},{"damage":8,"enemies":"Exordium Wildlife","floor":11,"turns":2},{"damage":9,"enemies":"Red Slaver","floor":12,"turns":2},{"damage":65,"enemies":"Slime Boss","floor":16,"turns":9}],"seed_played":"-3371856862687822743","potions_obtained":[{"floor":1,"key":"PowerPotion"},{"floor":7,"key":"Dexterity Potion"}],"is_trial":false,"path_per_floor":["M","T","$","?","?","R","M","M","T","E","M","M","R","$","R","B"],"character_chosen":"IRONCLAD","items_purchased":["Corruption"],"campfire_rested":1,"item_purchase_floors":[14],"current_hp_per_floor":[80,80,80,68,57,57,58,54,61,41,39,36,36,36,62,0],"gold":93,"neow_bonus":"REMOVE_CARD","is_prod":false,"is_daily":false,"chose_seed":false,"campfire_upgraded":2,"win_rate":0,"timestamp":1566423776,"path_taken":["M","?","$","?","?","R","M","M","T","E","M","M","R","$","R","BOSS"],"build_version":"2019-07-17","purchased_purges":2,"victory":false,"max_hp_per_floor":[80,80,80,80,80,80,80,80,87,87,87,87,87,87,87,87],"card_choices":[{"not_picked":["Entrench","Hemokinesis"],"picked":"Flex","floor":1},{"not_picked":["Wild Strike","Clash"],"picked":"Cleave","floor":7},{"not_picked":["Intimidate","Havoc"],"picked":"Clothesline","floor":8},{"not_picked":["Pummel","Shockwave","Power Through"],"picked":"SKIP","floor":10},{"not_picked":["Thunderclap","Havoc"],"picked":"Cleave","floor":11},{"not_picked":["True Grit","Clothesline"],"picked":"Armaments","floor":12}],"player_experience":337104,"relics_obtained":[{"floor":2,"key":"PreservedInsect"},{"floor":9,"key":"Strawberry"},{"floor":10,"key":"Vajra"}],"event_choices":[{"damage_healed":0,"gold_gain":0,"player_choice":"Success","damage_taken":12,"relics_obtained":["Potion Belt"],"max_hp_gain":0,"max_hp_loss":0,"event_name":"Scrap Ooze","floor":4,"gold_loss":0},{"damage_healed":0,"gold_gain":75,"player_choice":"Gather Gold","damage_taken":11,"max_hp_gain":0,"max_hp_loss":0,"event_name":"World of Goop","floor":5,"gold_loss":0}],"is_beta":false,"boss_relics":[],"items_purged_floors":[3,14],"is_endless":false,"potions_floor_spawned":[1,7],"killed_by":"Slime Boss","ascension_level":0}