{"gold_per_floor":[109,121,121,135,151,151,164,164,164,177,187,187,187,205,205,280,280,291,291,291,341,331,331,362,362,389,389,389,420,420,434,434,434],"floor_reached":33,"playtime":1327,"items_purged":[],"score":485,"play_id":"a3e913b6-8524-4668-8436-29e0ab045a2e","local_time":"20190730200111","is_ascension_mode":true,"campfire_choices":[{"floor":6.0,"key":"REST"},{"data":"Bash","floor":8.0,"key":"SMITH"},{"data":"Havoc","floor":12.0,"key":"SMITH"},{"data":"Barricade","floor":15.0,"key":"SMITH"},{"data":"Body Slam","floor":23.0,"key":"SMITH"},{"data":"Warcry","floor":25.0,"key":"SMITH"},{"data":"Feed","floor":27.0,"key":"SMITH"},{"data":"Ghostly","floor":30.0,"key":"SMITH"},{"data":"Ghostly","floor":32.0,"key":"SMITH"}],"neow_cost":"NONE","seed_source_timestamp":0,"circlet_count":0,"master_deck":["AscendersBane","Strike_R+1","Strike_R+1","Strike_R+1","Strike_R+1","Defend_R+1","Defend_R+1","Defend_R+1","Defend_R+1","Bash+1","Barricade+1","Havoc+1","Warcry+1","Iron Wave","Feel No Pain+1","Pommel Strike","Body Slam+1","Feed+1","Armaments","Immolate","Second Wind","Power Through","Reaper","Ghostly+1","Ghostly+1","Ghostly","True Grit"],"special_seed":0,"relics":["Burning Blood","Frozen Egg 2","Gremlin Horn","Orrery","Meat on the Bone","Ancient Tea Set","Question Card"],"potions_floor_usage":[33],"damage_taken":[{"damage":6.0,"enemies":"Cultist","floor":1.0,"turns":3.0},{"damage":5.0,"enemies":"Small Slimes","floor":2.0,"turns":5.0},{"damage":8.0,"enemies":"Jaw Worm","floor":4.0,"turns":5.0},{"damage":18.0,"enemies":"3 Louse","floor":5.0,"turns":7.0},{"damage":0.0,"enemies":"Large Slime","floor":7.0,"turns":5.0},{"damage":24.0,"enemies":"Exordium Thugs","floor":10.0,"turns":6.0},{"damage":10.0,"enemies":"2 Fungi Beasts","floor":11.0,"turns":4.0},{"damage":11.0,"enemies":"Gremlin Gang","floor":14.0,"turns":5.0},{"damage":20.0,"enemies":"Slime Boss","floor":16.0,"turns":13.0},{"damage":41.0,"enemies":"Spheric Guardian","floor":18.0,"turns":6.0},{"damage":3.0,"enemies":"2 Thieves","floor":22.0,"turns":4.0},{"damage":2.0,"enemies":"Slavers","floor":24.0,"turns":7.0},{"damage":2.0,"enemies":"Gremlin Leader","floor":29.0,"turns":8.0},{"damage":16.0,"enemies":"Snake Plant","floor":31.0,"turns":5.0},{"damage":53,"enemies":"Champ","floor":33,"turns":19}],"seed_played":"869988950986470178","potions_obtained":[{"floor":1.0,"key":"LiquidBronze"},{"floor":5.0,"key":"SpeedPotion"},{"floor":22.0,"key":"AttackPotion"},{"floor":29.0,"key":"Weak Potion"}],"is_trial":false,"path_per_floor":["M","M","?","M","M","R","M","R","T","M","M","R","?","M","R","B",null,"M","?","?","?","M","R","E","R","T","R","?","E","R","M","R","B"],"character_chosen":"IRONCLAD","items_purchased":[],"campfire_rested":1,"item_purchase_floors":[],"current_hp_per_floor":[68,69,43,41,29,51,57,57,57,39,35,35,28,23,23,9,59,24,24,24,24,38,38,44,44,44,44,44,44,44,34,34,0],"gold":434,"neow_bonus":"ONE_RANDOM_RARE_CARD","is_prod":false,"is_daily":false,"chose_seed":false,"campfire_upgraded":8,"win_rate":0,"timestamp":1564531271,"path_taken":["M","?","?","M","M","R","M","R","T","M","M","R","?","M","R","BOSS","M","?","?","?","?","R","E","R","T","R","?","E","R","M","R","BOSS"],"build_version":"2019-07-17","purchased_purges":0,"victory":false,"max_hp_per_floor":[75,75,75,75,75,75,75,75,75,75,75,75,75,75,75,75,75,75,37,37,37,40,40,44,44,44,44,44,44,44,44,44,44],"card_choices":[{"not_picked":["Dual Wield","Seeing Red"],"picked":"Havoc","floor":1.0},{"not_picked":["Dual Wield","Reckless Charge"],"picked":"Warcry","floor":2.0},{"not_picked":["Bloodletting","Warcry","Sword Boomerang"],"picked":"SKIP","floor":4.0},{"not_picked":["Sword Boomerang","Cleave"],"picked":"Iron Wave","floor":5.0},{"not_picked":["Metallicize+1","Headbutt"],"picked":"Feel No Pain+1","floor":7.0},{"not_picked":["Thunderclap","Sever Soul"],"picked":"Reckless Charge","floor":10.0},{"not_picked":["Flex","Thunderclap"],"picked":"Pommel Strike","floor":11.0},{"not_picked":["Clash","Wild Strike"],"picked":"Body Slam","floor":14.0},{"not_picked":["Double Tap","Barricade+1"],"picked":"Feed","floor":16.0},{"not_picked":["Iron Wave","Anger"],"picked":"Armaments","floor":17.0},{"not_picked":["Twin Strike","Perfected Strike"],"picked":"Immolate","floor":17.0},{"not_picked":["Dual Wield","Clash"],"picked":"Second Wind","floor":17.0},{"not_picked":["Clothesline","Havoc"],"picked":"Power Through","floor":17.0},{"not_picked":["True Grit","Flex"],"picked":"Reaper","floor":17.0},{"not_picked":["Pummel","Body Slam","Clothesline"],"picked":"SKIP","floor":18.0},{"not_picked":["Havoc","Spot Weakness","True Grit"],"picked":"SKIP","floor":22.0},{"not_picked":["Warcry","Immolate","Anger"],"picked":"SKIP","floor":24.0},{"not_picked":["Searing Blow","Pommel Strike","Clash"],"picked":"SKIP","floor":29.0},{"not_picked":["Second Wind","Burning Pact","Barricade+1"],"picked":"True Grit","floor":31.0}],"player_experience":2628009,"relics_obtained":[{"floor":9.0,"key":"Gremlin Horn"},{"floor":24.0,"key":"Meat on the Bone"},{"floor":29.0,"key":"Question Card"}],"event_choices":[{"damage_healed":0.0,"max_hp_gain":0.0,"max_hp_loss":0.0,"gold_gain":0.0,"event_name":"Scrap Ooze","player_choice":"Success","floor":3.0,"gold_loss":0.0,"damage_taken":26.0,"relics_obtained":["Frozen Egg 2"]},{"cards_removed":["Strike_R"],"damage_healed":0.0,"max_hp_gain":0.0,"max_hp_loss":0.0,"gold_gain":0.0,"event_name":"Golden Wing","player_choice":"Card Removal","floor":13.0,"gold_loss":0.0,"damage_taken":7.0},{"damage_healed":0.0,"max_hp_gain":0.0,"max_hp_loss":38.0,"gold_gain":0.0,"event_name":"Ghosts","player_choice":"Became a Ghost","floor":19.0,"gold_loss":0.0,"damage_taken":0.0,"cards_obtained":["Ghostly","Ghostly","Ghostly"]},{"damage_healed":0.0,"max_hp_gain":0.0,"max_hp_loss":0.0,"gold_gain":0.0,"event_name":"Back to Basics","player_choice":"Simplicity","floor":20.0,"gold_loss":0.0,"damage_taken":0.0,"cards_upgraded":["Strike_R","Strike_R","Strike_R","Strike_R","Defend_R","Defend_R","Defend_R","Defend_R"]},{"damage_healed":0.0,"max_hp_gain":0.0,"max_hp_loss":0.0,"gold_gain":50.0,"event_name":"Nest","player_choice":"Stole From Cult","floor":21.0,"gold_loss":0.0,"damage_taken":0.0},{"cards_removed":["Reckless Charge"],"damage_healed":0.0,"max_hp_gain":0.0,"max_hp_loss":0.0,"gold_gain":0.0,"event_name":"WeMeetAgain","player_choice":"Gave Card","floor":28.0,"gold_loss":0.0,"damage_taken":0.0,"relics_obtained":["Ancient Tea Set"]}],"is_beta":false,"boss_relics":[{"not_picked":["Coffee Dripper","Black Star"],"picked":"Orrery"}],"items_purged_floors":[],"is_endless":false,"potions_floor_spawned":[1,5,7,22,29],"killed_by":"Champ","ascension_level":15}