{"gold_per_floor":[115,131,131,131,37,37,50,50,50,79,93,107,107,132,132,209,209,219,234,234,249,174,174,190,225,280,280,280,280,280,129,129,129],"floor_reached":33,"playtime":1007,"items_purged":["Finisher","Caltrops"],"score":460,"play_id":"5694e05f-d2b5-4f0c-a115-8b26712251df","local_time":"20190729235815","is_ascension_mode":true,"campfire_choices":[{"data":"Noxious Fumes","floor":6,"key":"SMITH"},{"data":"Deadly Poison","floor":8,"key":"SMITH"},{"data":"Infinite Blades","floor":13,"key":"SMITH"},{"data":"Malaise","floor":15,"key":"SMITH"},{"floor":23,"key":"REST"},{"floor":27,"key":"REST"},{"floor":30,"key":"REST"},{"floor":32,"key":"REST"}],"neow_cost":"NONE","seed_source_timestamp":1662598502048449,"circlet_count":0,"master_deck":["AscendersBane","Survivor","Neutralize+1","Noxious Fumes+1","Dagger Throw","Well Laid Plans","Deadly Poison+1","Malaise+1","Infinite Blades+1","Glass Knife","Deadly Poison","Deadly Poison","Catalyst","Heel Hook","Terror","Prepared","Acrobatics","Adrenaline","Quick Slash+1","Dodge and Roll","Backstab","Necronomicurse"],"relics":["Ring of the Snake","Shuriken","Pear","Lantern","Ancient Tea Set","Pandora\u0027s Box","Snake Skull","Smiling Mask","Necronomicon","Oddly Smooth Stone"],"potions_floor_usage":[21,24,25,33,33],"damage_taken":[{"damage":0,"enemies":"2 Louse","floor":1,"turns":3},{"damage":7,"enemies":"Jaw Worm","floor":2,"turns":5},{"damage":0,"enemies":"Cultist","floor":7,"turns":4},{"damage":26,"enemies":"3 Sentries","floor":10,"turns":6},{"damage":5,"enemies":"Red Slaver","floor":11,"turns":3},{"damage":0,"enemies":"2 Fungi Beasts","floor":12,"turns":3},{"damage":4,"enemies":"Hexaghost","floor":16,"turns":9},{"damage":2,"enemies":"Chosen","floor":18,"turns":4},{"damage":6,"enemies":"Spheric Guardian","floor":19,"turns":3},{"damage":24,"enemies":"Snecko","floor":21,"turns":4},{"damage":5,"enemies":"Centurion and Healer","floor":24,"turns":5},{"damage":43,"enemies":"Slavers","floor":25,"turns":5},{"damage":79,"enemies":"Automaton","floor":33,"turns":6}],"seed_played":"557875156018347363","potions_obtained":[{"floor":7,"key":"LiquidBronze"},{"floor":11,"key":"Dexterity Potion"},{"floor":12,"key":"Fire Potion"},{"floor":21,"key":"Block Potion"},{"floor":25,"key":"Swift Potion"}],"is_trial":false,"path_per_floor":["M","M","?","?","$","R","M","R","T","E","M","M","R","T","R","B",null,"M","M","?","M","$","R","M","E","T","R","?","?","R","$","R","B"],"character_chosen":"THE_SILENT","items_purchased":["Dagger Throw","Well Laid Plans","Strength Potion","AttackPotion"],"campfire_rested":4,"item_purchase_floors":[5,5,31,31],"current_hp_per_floor":[59,52,41,46,46,46,46,46,56,30,25,25,25,25,25,21,66,64,58,58,34,34,58,53,10,10,34,13,13,37,37,61,0],"gold":129,"neow_bonus":"UPGRADE_CARD","is_prod":false,"is_daily":false,"chose_seed":false,"campfire_upgraded":4,"win_rate":0,"timestamp":1564459095,"path_taken":["M","M","?","?","$","R","M","R","T","E","M","M","R","?","R","BOSS","M","M","?","?","$","R","M","E","T","R","?","?","R","$","R","BOSS"],"build_version":"2019-07-17","purchased_purges":2,"victory":false,"max_hp_per_floor":[66,66,66,71,71,71,71,71,81,81,81,81,81,81,81,81,81,81,81,81,81,81,81,81,81,81,81,81,81,81,81,81,81],"card_choices":[{"not_picked":["Backflip","Blade Dance"],"picked":"Noxious Fumes","floor":1},{"not_picked":["Expertise","Masterful Stab","Underhanded Strike"],"picked":"SKIP","floor":2},{"not_picked":["Acrobatics","Accuracy"],"picked":"Deadly Poison","floor":7},{"not_picked":["PiercingWail","Infinite Blades"],"picked":"Malaise","floor":10},{"not_picked":["Underhanded Strike","Distraction","Prepared"],"picked":"SKIP","floor":11},{"not_picked":["Slice","Expertise"],"picked":"Infinite Blades","floor":12},{"not_picked":["Doppelganger","Grand Finale"],"picked":"Glass Knife","floor":16},{"not_picked":["Riddle With Holes","Poisoned Stab"],"picked":"Quick Slash+1","floor":18},{"not_picked":["Poisoned Stab","Underhanded Strike"],"picked":"Dodge and Roll","floor":19},{"not_picked":["Predator","Underhanded Strike+1","Expertise"],"picked":"SKIP","floor":21},{"not_picked":["Prepared","Infinite Blades","Bane"],"picked":"SKIP","floor":24},{"not_picked":["Infinite Blades","Phantasmal Killer"],"picked":"Backstab","floor":25}],"player_experience":2627002,"relics_obtained":[{"floor":9,"key":"Pear"},{"floor":10,"key":"Lantern"},{"floor":14,"key":"Ancient Tea Set"},{"floor":25,"key":"Snake Skull"},{"floor":26,"key":"Smiling Mask"},{"floor":28,"key":"Necronomicon"}],"event_choices":[{"damage_healed":0,"gold_gain":0,"player_choice":"Success","damage_taken":11,"relics_obtained":["Shuriken"],"max_hp_gain":0,"max_hp_loss":0,"event_name":"Scrap Ooze","floor":3,"gold_loss":0},{"damage_healed":0,"gold_gain":0,"player_choice":"Donut","damage_taken":0,"max_hp_gain":5,"max_hp_loss":0,"event_name":"Big Fish","floor":4,"gold_loss":0},{"damage_healed":0,"gold_gain":0,"player_choice":"0 cards matched","damage_taken":0,"max_hp_gain":0,"max_hp_loss":0,"event_name":"Match and Keep!","floor":20,"gold_loss":0,"cards_obtained":[]},{"damage_healed":0,"gold_gain":0,"player_choice":"Obtained Book","damage_taken":21,"max_hp_gain":0,"max_hp_loss":0,"event_name":"Cursed Tome","floor":28,"gold_loss":0},{"damage_healed":0,"gold_gain":0,"player_choice":"Gave Potion","damage_taken":0,"relics_obtained":["Oddly Smooth Stone"],"max_hp_gain":0,"max_hp_loss":0,"event_name":"WeMeetAgain","floor":29,"gold_loss":0}],"is_beta":false,"boss_relics":[{"not_picked":["Cursed Key","Ectoplasm"],"picked":"Pandora\u0027s Box"}],"items_purged_floors":[22,31],"is_endless":false,"potions_floor_spawned":[7,11,12,16,18,21,25],"killed_by":"Automaton","ascension_level":15}