{"gold_per_floor":[118,138,138,163,184,184,207,207,207,228,228,303,318,318,318,443,443,459,48,64,37,37,37,37,37,37,37,67,87,87,101,101,101],"floor_reached":33,"playtime":1534,"items_purged":["Injury"],"score":255,"play_id":"1357e513-29dc-4b55-8967-c83997e9ba26","local_time":"20190819015746","is_ascension_mode":false,"campfire_choices":[{"data":"Seeing Red","floor":6,"key":"SMITH"},{"data":"Demon Form","floor":8,"key":"SMITH"},{"data":"Anger","floor":11,"key":"SMITH"},{"data":"Pommel Strike","floor":15,"key":"SMITH"},{"data":"Ghostly Armor","floor":24,"key":"SMITH"},{"floor":27,"key":"REST"},{"floor":32,"key":"REST"}],"neow_cost":"NONE","seed_source_timestamp":79112073620100,"circlet_count":0,"master_deck":["Strike_R","Strike_R","Strike_R","Strike_R","Strike_R","Defend_R","Defend_R","Defend_R","Defend_R","Bash","Demon Form+1","Power Through","Seeing Red+1","Anger+1","Twin Strike","Ghostly Armor+1","Pommel Strike+1","Feed","Perfected Strike+1","Iron Wave","Flex","Whirlwind","Armaments","RitualDagger","Iron Wave","Pummel+1","Iron Wave"],"relics":["Burning Blood","Bloody Idol","Lantern","Matryoshka","PreservedInsect","Velvet Choker","Bottled Lightning","Vajra","Frozen Egg 2","Regal Pillow"],"potions_floor_usage":[],"damage_taken":[{"damage":12,"enemies":"2 Louse","floor":1,"turns":4},{"damage":11,"enemies":"Jaw Worm","floor":2,"turns":4},{"damage":1,"enemies":"Cultist","floor":5,"turns":3},{"damage":4,"enemies":"Blue Slaver","floor":7,"turns":5},{"damage":5,"enemies":"Looter","floor":10,"turns":3},{"damage":0,"enemies":"Exordium Thugs","floor":13,"turns":3},{"damage":39,"enemies":"Hexaghost","floor":16,"turns":7},{"damage":11,"enemies":"2 Thieves","floor":18,"turns":4},{"damage":12,"enemies":"Shell Parasite","floor":20,"turns":3},{"damage":3,"enemies":"Gremlin Leader","floor":28,"turns":4},{"damage":25,"enemies":"Sentry and Sphere","floor":29,"turns":4},{"damage":11,"enemies":"Cultist and Chosen","floor":31,"turns":4},{"damage":94,"enemies":"Collector","floor":33,"turns":6}],"seed_played":"3747846580107754396","potions_obtained":[{"floor":1,"key":"Energy Potion"},{"floor":7,"key":"AttackPotion"},{"floor":16,"key":"EssenceOfSteel"},{"floor":18,"key":"SkillPotion"},{"floor":20,"key":"BloodPotion"}],"is_trial":false,"path_per_floor":["M","M","?","T","M","R","M","R","T","M","R","?","M","?","R","B",null,"M","$","M","$","?","?","R","$","T","R","E","M","?","M","R","B"],"character_chosen":"IRONCLAD","items_purchased":["Bottled Lightning","Iron Wave","Flex","Armaments"],"campfire_rested":2,"item_purchase_floors":[19,19,19,21],"current_hp_per_floor":[74,69,69,69,74,74,76,76,76,77,77,66,72,72,72,39,80,78,78,72,72,66,66,66,66,66,83,83,69,69,69,83,0],"gold":101,"neow_bonus":"ONE_RANDOM_RARE_CARD","is_prod":false,"is_daily":false,"chose_seed":false,"campfire_upgraded":5,"win_rate":0.0,"timestamp":1566176266,"path_taken":["M","M","?","?","M","R","?","R","T","M","R","?","M","?","R","BOSS","M","$","M","$","?","?","R","?","T","R","E","M","?","M","R","BOSS"],"build_version":"2019-07-17","purchased_purges":1,"victory":false,"max_hp_per_floor":[80,80,80,80,80,80,80,80,80,80,80,80,80,80,80,80,80,83,83,83,83,83,83,83,83,83,83,83,83,83,83,83,83],"card_choices":[{"not_picked":["Second Wind","Headbutt"],"picked":"Power Through","floor":1},{"not_picked":["Sword Boomerang","Whirlwind"],"picked":"Seeing Red","floor":2},{"not_picked":["Clash","Heavy Blade"],"picked":"Anger","floor":5},{"not_picked":["Headbutt","True Grit"],"picked":"Twin Strike","floor":7},{"not_picked":["Headbutt","Feel No Pain"],"picked":"Ghostly Armor","floor":10},{"not_picked":["Clothesline","Brutality"],"picked":"Pommel Strike","floor":13},{"not_picked":["Bludgeon","Limit Break"],"picked":"Feed","floor":16},{"not_picked":["Fire Breathing","Blood for Blood"],"picked":"Perfected Strike+1","floor":18},{"not_picked":["Twin Strike+1","Shrug It Off"],"picked":"Whirlwind","floor":20},{"not_picked":["Armaments","Body Slam"],"picked":"Iron Wave","floor":28},{"not_picked":["True Grit+1","Combust+1"],"picked":"Pummel+1","floor":29},{"not_picked":["Sever Soul+1","Rupture+1"],"picked":"Iron Wave","floor":31}],"player_experience":18278,"relics_obtained":[{"floor":4,"key":"Lantern"},{"floor":9,"key":"Matryoshka"},{"floor":26,"key":"Vajra"},{"floor":26,"key":"Frozen Egg 2"},{"floor":28,"key":"Regal Pillow"}],"event_choices":[{"damage_healed":0,"gold_gain":0,"player_choice":"Take Wound","damage_taken":0,"relics_obtained":["Golden Idol"],"max_hp_gain":0,"max_hp_loss":0,"event_name":"Golden Idol","floor":3,"gold_loss":0,"cards_obtained":["Injury"]},{"damage_healed":0,"gold_gain":75,"player_choice":"Gather Gold","damage_taken":11,"max_hp_gain":0,"max_hp_loss":0,"event_name":"World of Goop","floor":12,"gold_loss":0},{"damage_healed":0,"gold_gain":0,"player_choice":"Gave Potion","damage_taken":0,"relics_obtained":["PreservedInsect"],"max_hp_gain":0,"max_hp_loss":0,"event_name":"WeMeetAgain","floor":14,"gold_loss":0},{"damage_healed":0,"gold_gain":0,"player_choice":"Joined the Cult","damage_taken":6,"max_hp_gain":0,"max_hp_loss":0,"event_name":"Nest","floor":22,"gold_loss":0,"cards_obtained":["RitualDagger"]},{"damage_healed":0,"gold_gain":0,"player_choice":"Gave Idol","damage_taken":0,"relics_obtained":["Bloody Idol"],"max_hp_gain":0,"max_hp_loss":0,"event_name":"Forgotten Altar","floor":23,"relics_lost":["Golden Idol"],"gold_loss":0},{"damage_healed":0,"gold_gain":0,"player_choice":"Ignored","damage_taken":0,"max_hp_gain":0,"max_hp_loss":0,"event_name":"Beggar","floor":30,"gold_loss":0}],"is_beta":false,"boss_relics":[{"not_picked":["Coffee Dripper","Tiny House"],"picked":"Velvet Choker"}],"items_purged_floors":[19],"is_endless":false,"potions_floor_spawned":[1,7,16,18,20,31],"killed_by":"Collector","ascension_level":0}