{"gold_per_floor":[113,113,128,32,32,32,63,63,136,136,7,36,36,55,55,156,156,169,169,183,108,131,131,31,47,47,57,57,69,82,107,107,209,209,228,282,282,135,135,135,168,186,186,198,116,116,78,0,0,0],"floor_reached":51,"playtime":2267,"items_purged":["Strike_B","Defend_B"],"score":749,"play_id":"ba67b6da-6159-4b96-a30d-b508360981ed","local_time":"20190823193432","is_ascension_mode":false,"campfire_choices":[{"data":"Defragment","floor":6.0,"key":"SMITH"},{"floor":10.0,"key":"REST"},{"data":"Zap","floor":13.0,"key":"SMITH"},{"data":"Glacier","floor":15.0,"key":"SMITH"},{"data":"Seek","floor":23.0,"key":"SMITH"},{"data":"Gash","floor":32.0,"key":"SMITH"},{"data":"1","floor":40.0,"key":"LIFT"},{"floor":49.0,"key":"REST"}],"neow_cost":"NONE","seed_source_timestamp":580152944325700,"circlet_count":0,"master_deck":["Zap+1","Dualcast","Beam Cell","Cold Snap","FTL","Defragment+1","Redo","Seek+1","Go for the Eyes","Glacier+1","All For One","FTL+1","Strike_B+1","Conserve Battery+1","Beam Cell","Rebound","Beam Cell+1","Gash+1","Biased Cognition","Gash+1","Glacier+1","Gash","Parasite","Ball Lightning+1","Defragment","Defragment"],"special_seed":0,"relics":["Cracked Core","Blue Candle","Thread and Needle","Gremlin Horn","Bag of Marbles","Sozu","Regal Pillow","Pear","Singing Bowl","Empty Cage","Girya","Strawberry","Symbiotic Virus","Bottled Tornado","Ornamental Fan","Red Mask"],"potions_floor_usage":[50,50,50],"damage_taken":[{"damage":1.0,"enemies":"2 Louse","floor":1.0,"turns":3.0},{"damage":4.0,"enemies":"Cultist","floor":3.0,"turns":3.0},{"damage":36.0,"enemies":"Gremlin Nob","floor":7.0,"turns":4.0},{"damage":11.0,"enemies":"Lagavulin","floor":12.0,"turns":6.0},{"damage":0.0,"enemies":"Jaw Worm","floor":14.0,"turns":4.0},{"damage":5.0,"enemies":"Slime Boss","floor":16.0,"turns":19.0},{"damage":0.0,"enemies":"3 Byrds","floor":18.0,"turns":4.0},{"damage":4.0,"enemies":"Shell Parasite","floor":20.0,"turns":2.0},{"damage":7.0,"enemies":"Snecko","floor":25.0,"turns":6.0},{"damage":4.0,"enemies":"Snake Plant","floor":27.0,"turns":4.0},{"damage":0.0,"enemies":"Centurion and Healer","floor":29.0,"turns":3.0},{"damage":0.0,"enemies":"Snecko","floor":30.0,"turns":3.0},{"damage":11.0,"enemies":"Slavers","floor":31.0,"turns":4.0},{"damage":21.0,"enemies":"Champ","floor":33.0,"turns":11.0},{"damage":7.0,"enemies":"3 Shapes","floor":35.0,"turns":6.0},{"damage":17.0,"enemies":"2 Orb Walkers","floor":36.0,"turns":4.0},{"damage":11.0,"enemies":"Nemesis","floor":41.0,"turns":5.0},{"damage":0.0,"enemies":"3 Darklings","floor":42.0,"turns":5.0},{"damage":20.0,"enemies":"Writhing Mass","floor":44.0,"turns":4.0},{"damage":36,"enemies":"Time Eater","floor":50,"turns":11}],"seed_played":"-7191080167443035724","potions_obtained":[{"floor":3.0,"key":"EntropicBrew"},{"floor":14.0,"key":"FocusPotion"},{"floor":16.0,"key":"Poison Potion"}],"is_trial":false,"path_per_floor":["M","?","M","$","T","R","E","?","T","R","$","E","R","M","R","B",null,"M","?","M","?","T","R","$","M","T","M","?","M","M","E","R","B",null,"M","?","?","$","T","R","E","M","T","M","$","?","$","?","R","B",null],"character_chosen":"DEFECT","items_purchased":["Defragment","Redo","Go for the Eyes","Strawberry","Defragment","Defragment"],"campfire_rested":2,"item_purchase_floors":[4,4,11,38,45,47],"current_hp_per_floor":[74,74,70,70,70,70,34,34,34,56,56,45,45,45,45,40,75,75,75,71,71,71,71,71,64,74,70,70,70,70,61,61,40,87,80,65,65,72,72,72,61,61,61,41,41,41,41,41,83,47],"gold":0,"neow_bonus":"THREE_CARDS","is_prod":false,"is_daily":false,"chose_seed":false,"campfire_upgraded":5,"win_rate":0,"timestamp":1566581672,"path_taken":["M","?","M","$","?","R","E","?","T","R","?","E","R","M","R","BOSS","M","?","?","?","?","R","$","M","T","M","?","M","?","E","R","BOSS","M","?","?","$","?","R","E","M","T","?","$","?","$","?","R","BOSS"],"build_version":"2019-07-17","purchased_purges":2,"victory":true,"max_hp_per_floor":[75,75,75,75,75,75,75,75,75,75,75,75,75,75,75,75,75,75,75,75,75,75,75,75,75,85,85,85,85,85,87,87,87,87,87,89,89,96,96,96,96,96,96,96,96,91,91,91,91,91],"card_choices":[{"not_picked":["White Noise","BootSequence"],"picked":"Beam Cell","floor":0.0},{"not_picked":["Barrage","Reprogram"],"picked":"Cold Snap","floor":1.0},{"not_picked":["Leap","Aggregate"],"picked":"FTL","floor":3.0},{"not_picked":["Streamline","Coolheaded"],"picked":"Seek","floor":7.0},{"not_picked":["Beam Cell","Buffer"],"picked":"Conserve Battery","floor":12.0},{"not_picked":["Double Energy","Streamline"],"picked":"Glacier","floor":14.0},{"not_picked":["Creative AI","Multi-Cast"],"picked":"All For One","floor":16.0},{"not_picked":["Conserve Battery+1","Reprogram+1"],"picked":"FTL+1","floor":18.0},{"not_picked":["Storm","Cold Snap"],"picked":"Conserve Battery+1","floor":20.0},{"not_picked":["Redo","Sunder+1","Recycle+1"],"picked":"SKIP","floor":25.0},{"not_picked":["Loop","Streamline"],"picked":"Beam Cell","floor":27.0},{"not_picked":["Rebound","Reprogram"],"picked":"Beam Cell+1","floor":29.0},{"not_picked":["Tempest+1","Cold Snap"],"picked":"Gash","floor":30.0},{"not_picked":["Double Energy+1","Ball Lightning","Redo"],"picked":"Singing Bowl","floor":31.0},{"not_picked":["Hyperbeam","Creative AI"],"picked":"Biased Cognition","floor":33.0},{"not_picked":["Hologram","Leap+1"],"picked":"Gash+1","floor":35.0},{"not_picked":["Conserve Battery+1","Redo","Reinforced Body+1"],"picked":"Singing Bowl","floor":36.0},{"not_picked":["Hologram+1","Rip and Tear+1"],"picked":"Glacier+1","floor":41.0},{"not_picked":["Turbo","Rip and Tear"],"picked":"Gash","floor":42.0},{"not_picked":["Go for the Eyes+1","Stack+1"],"picked":"Ball Lightning+1","floor":44.0}],"player_experience":350399,"relics_obtained":[{"floor":5.0,"key":"Blue Candle"},{"floor":7.0,"key":"Thread and Needle"},{"floor":9.0,"key":"Gremlin Horn"},{"floor":12.0,"key":"Bag of Marbles"},{"floor":22.0,"key":"Regal Pillow"},{"floor":26.0,"key":"Pear"},{"floor":31.0,"key":"Singing Bowl"},{"floor":36.0,"key":"Girya"},{"floor":39.0,"key":"Symbiotic Virus"},{"floor":41.0,"key":"Bottled Tornado"},{"floor":43.0,"key":"Ornamental Fan"}],"event_choices":[{"cards_removed":["Strike_B"],"damage_healed":0.0,"max_hp_gain":0.0,"max_hp_loss":0.0,"gold_gain":0.0,"event_name":"Purifier","player_choice":"Purged","floor":2.0,"gold_loss":0.0,"damage_taken":0.0},{"damage_healed":0.0,"max_hp_gain":0.0,"max_hp_loss":0.0,"gold_gain":0.0,"event_name":"Liars Game","player_choice":"Ignored","floor":8.0,"gold_loss":0.0,"damage_taken":0.0},{"cards_removed":["Strike_B"],"damage_healed":0.0,"max_hp_gain":0.0,"max_hp_loss":0.0,"gold_gain":0.0,"event_name":"NoteForYourself","player_choice":"Took Card","floor":19.0,"gold_loss":0.0,"damage_taken":0.0,"cards_obtained":["Strike_B"]},{"cards_removed":["Strike_B"],"damage_healed":0.0,"max_hp_gain":0.0,"max_hp_loss":0.0,"gold_gain":0.0,"event_name":"Beggar","player_choice":"Gave Gold","floor":21.0,"gold_loss":75.0,"damage_taken":0.0},{"damage_healed":0.0,"max_hp_gain":0.0,"max_hp_loss":0.0,"gold_gain":0.0,"cards_transformed":["Defend_B"],"event_name":"Transmorgrifier","player_choice":"Transformed","floor":28.0,"gold_loss":0.0,"damage_taken":0.0,"cards_obtained":["Rebound"]},{"damage_healed":0.0,"max_hp_gain":0.0,"max_hp_loss":0.0,"gold_gain":0.0,"event_name":"Mysterious Sphere","player_choice":"Fight","floor":36.0,"gold_loss":0.0,"damage_taken":0.0},{"cards_removed":["Conserve Battery"],"damage_healed":0.0,"max_hp_gain":0.0,"max_hp_loss":0.0,"gold_gain":0.0,"event_name":"Falling","player_choice":"Removed Skill","floor":37.0,"gold_loss":0.0,"damage_taken":0.0},{"damage_healed":0.0,"max_hp_gain":0.0,"max_hp_loss":5.0,"gold_gain":0.0,"event_name":"Winding Halls","player_choice":"Max HP","floor":46.0,"gold_loss":0.0,"damage_taken":0.0},{"damage_healed":0.0,"max_hp_gain":0.0,"max_hp_loss":0.0,"gold_gain":0.0,"event_name":"Tomb of Lord Red Mask","player_choice":"Paid","floor":48.0,"gold_loss":78.0,"damage_taken":0.0,"relics_obtained":["Red Mask"]}],"is_beta":false,"boss_relics":[{"not_picked":["Runic Dome","Cursed Key"],"picked":"Sozu"},{"not_picked":["Eternal Feather","Tiny House"],"picked":"Empty Cage"}],"items_purged_floors":[11,24],"is_endless":false,"potions_floor_spawned":[3,14,16,20,25,30,33,35,41],"ascension_level":0}