{"gold_per_floor":[218,198,123,135,146,146,171,181,207,233,245,288,310,322,334,419,431,457,489,501,256,268,268,282,282,282,313,313,313,194,207,207,285,285,300,312,56,102,115,115,132,159,183,211,211,223,223,264,264,289,289,289,38,68,68],"floor_reached":55,"playtime":2615,"items_purged":["Strike_B","Pain"],"score":1223,"play_id":"27a627bf-9b30-414f-8ce1-be32b975189d","local_time":"20190817215535","is_ascension_mode":true,"campfire_choices":[{"data":"Zap","floor":6.0,"key":"SMITH"},{"data":"Sunder","floor":11.0,"key":"SMITH"},{"floor":15.0,"key":"REST"},{"data":"Defragment","floor":23.0,"key":"SMITH"},{"floor":29.0,"key":"REST"},{"floor":32.0,"key":"REST"},{"floor":40,"key":"REST"},{"floor":45,"key":"RECALL"},{"floor":49,"key":"REST"},{"floor":52,"key":"REST"}],"neow_cost":"NONE","seed_source_timestamp":0,"circlet_count":0,"master_deck":["AscendersBane","Strike_B+1","Strike_B+1","Strike_B+1","Defend_B+1","Defend_B+1","Defend_B+1","Defend_B+1","Zap+1","Dualcast","Static Discharge","White Noise","Genetic Algorithm","Glacier","Rainbow","Sunder+1","Sweeping Beam+1","Defragment+1","Reboot","Defragment","Conserve Battery","Doom and Gloom+1","Self Repair","Compile Driver","Echo Form","Reboot","Coolheaded+1","Glacier+1","Magnetism","Steam Power+1"],"special_seed":0,"relics":["Cracked Core","Odd Mushroom","MawBank","Whetstone","Inserter","WarpedTongs","PreservedInsect","Blue Candle","Anchor","Fusion Hammer","Bottled Tornado","Emotion Chip","Oddly Smooth Stone","Prayer Wheel","Pear","Bag of Preparation"],"potions_floor_usage":[38,38,46,54,55],"damage_taken":[{"damage":7.0,"enemies":"2 Louse","floor":1.0,"turns":2.0},{"damage":0.0,"enemies":"Cultist","floor":4.0,"turns":3.0},{"damage":1.0,"enemies":"Small Slimes","floor":5.0,"turns":5.0},{"damage":30.0,"enemies":"The Mushroom Lair","floor":7.0,"turns":5.0},{"damage":0.0,"enemies":"Exordium Wildlife","floor":8.0,"turns":4.0},{"damage":0.0,"enemies":"Blue Slaver","floor":10.0,"turns":5.0},{"damage":32.0,"enemies":"Gremlin Nob","floor":12.0,"turns":4.0},{"damage":0.0,"enemies":"Exordium Thugs","floor":13.0,"turns":4.0},{"damage":24.0,"enemies":"Slime Boss","floor":16.0,"turns":12.0},{"damage":0.0,"enemies":"Spheric Guardian","floor":18.0,"turns":3.0},{"damage":2.0,"enemies":"Chosen","floor":19.0,"turns":7.0},{"damage":4.0,"enemies":"Snake Plant","floor":22.0,"turns":5.0},{"damage":14.0,"enemies":"Centurion and Healer","floor":24.0,"turns":6.0},{"damage":2.0,"enemies":"Gremlin Leader","floor":27.0,"turns":6.0},{"damage":14.0,"enemies":"Snecko","floor":31.0,"turns":6.0},{"damage":30.0,"enemies":"Automaton","floor":33.0,"turns":11.0},{"damage":16.0,"enemies":"3 Darklings","floor":35.0,"turns":8.0},{"damage":19.0,"enemies":"Orb Walker","floor":36.0,"turns":4.0},{"damage":26,"enemies":"2 Orb Walkers","floor":38,"turns":4},{"damage":18,"enemies":"Maw","floor":39,"turns":7},{"damage":13,"enemies":"3 Darklings","floor":41,"turns":4},{"damage":2,"enemies":"Nemesis","floor":42,"turns":5},{"damage":4,"enemies":"Giant Head","floor":44,"turns":8},{"damage":1,"enemies":"Sphere and 2 Shapes","floor":46,"turns":6},{"damage":0,"enemies":"Maw","floor":48,"turns":7},{"damage":38,"enemies":"Donu and Deca","floor":50,"turns":11},{"damage":41,"enemies":"Shield and Spear","floor":54,"turns":9},{"damage":52,"enemies":"The Heart","floor":55,"turns":9}],"seed_played":"-666371307630964835","potions_obtained":[{"floor":1.0,"key":"FocusPotion"},{"floor":2.0,"key":"GamblersBrew"},{"floor":4.0,"key":"Regen Potion"},{"floor":5.0,"key":"Strength Potion"},{"floor":10.0,"key":"SneckoOil"},{"floor":13.0,"key":"Strength Potion"},{"floor":18.0,"key":"Weak Potion"},{"floor":27.0,"key":"LiquidBronze"},{"floor":33.0,"key":"Explosive Potion"},{"floor":36.0,"key":"Fire Potion"},{"floor":38,"key":"PowerPotion"},{"floor":42,"key":"EssenceOfSteel"},{"floor":44,"key":"SkillPotion"},{"floor":46,"key":"SneckoOil"}],"is_trial":false,"path_per_floor":["M","?","$","M","M","R","?","M","T","M","R","E","M","?","R","B",null,"M","M","?","$","M","R","M","?","T","E","?","R","$","M","R","B",null,"M","M","$","?","M","R","M","E","T","E","R","M","?","M","R","B",null,"R","$","E","B"],"character_chosen":"DEFECT","items_purchased":["PreservedInsect","Self Repair","SkillPotion","Bottled Tornado","Pear"],"campfire_rested":6,"item_purchase_floors":[21,30,30,37,53],"current_hp_per_floor":[57,57,57,57,70,70,40,40,40,40,40,8,8,8,29,5,55,55,53,53,53,49,49,35,35,35,33,33,54,54,50,71,51,66,70,51,51,32,28,49,50,48,48,54,54,71,66,66,71,47,65,71,81,50,0],"gold":68,"neow_bonus":"HUNDRED_GOLD","is_prod":false,"is_daily":false,"chose_seed":false,"campfire_upgraded":3,"win_rate":0,"timestamp":1566093335,"path_taken":["M","?","$","M","?","R","?","M","T","M","R","E","M","?","R","BOSS","M","M","?","?","M","R","M","?","T","E","?","R","$","?","R","BOSS","M","M","$","?","M","R","M","E","T","E","R","M","?","M","R","BOSS","R","$","E","BOSS"],"build_version":"2019-07-17","purchased_purges":2,"victory":false,"max_hp_per_floor":[71,71,71,71,71,71,71,71,71,71,71,71,71,71,71,71,71,71,71,71,71,71,71,71,71,71,71,71,71,71,71,71,71,71,71,71,71,71,71,71,71,71,71,71,71,71,71,71,71,71,71,71,81,81,81],"card_choices":[{"not_picked":["Barrage","Conserve Battery"],"picked":"Static Discharge","floor":1.0},{"not_picked":["Beam Cell","Tempest"],"picked":"White Noise","floor":4.0},{"not_picked":["Gash","Fusion"],"picked":"Genetic Algorithm","floor":5.0},{"not_picked":["Coolheaded","Compile Driver"],"picked":"Glacier","floor":7.0},{"not_picked":["Lockon","Go for the Eyes"],"picked":"Rainbow","floor":8.0},{"not_picked":["Ball Lightning","Turbo"],"picked":"Sunder","floor":10.0},{"not_picked":["Skim","Fusion"],"picked":"Sweeping Beam","floor":12.0},{"not_picked":["Turbo","Beam Cell"],"picked":"Defragment","floor":13.0},{"not_picked":["Buffer","Machine Learning"],"picked":"Reboot","floor":16.0},{"not_picked":["Leap","Loop"],"picked":"Defragment","floor":18.0},{"not_picked":["Storm","Cold Snap","Sweeping Beam"],"picked":"SKIP","floor":19.0},{"not_picked":["Darkness","Force Field"],"picked":"Conserve Battery","floor":22.0},{"not_picked":["FTL","Leap"],"picked":"Doom and Gloom+1","floor":24.0},{"not_picked":["Doom and Gloom","Steam","Meteor Strike"],"picked":"SKIP","floor":27.0},{"not_picked":["Steam","Beam Cell"],"picked":"Compile Driver","floor":31.0},{"not_picked":["Rainbow","Fission"],"picked":"Echo Form","floor":33.0},{"not_picked":["Streamline","Go for the Eyes","Turbo"],"picked":"SKIP","floor":35.0},{"not_picked":["Turbo+1","Redo+1","Leap"],"picked":"SKIP","floor":36.0},{"not_picked":["Compile Driver","Skim","Sweeping Beam"],"picked":"SKIP","floor":39},{"not_picked":["Steam","Ball Lightning"],"picked":"Reboot","floor":41},{"not_picked":["Biased Cognition","Rebound"],"picked":"Coolheaded+1","floor":42},{"not_picked":["Conserve Battery","Sweeping Beam"],"picked":"Glacier+1","floor":44},{"not_picked":["Auto Shields","Rebound","Beam Cell+1"],"picked":"SKIP","floor":46},{"not_picked":["Stack+1","Sunder","Aggregate"],"picked":"SKIP","floor":46},{"not_picked":["Mayhem","PanicButton"],"picked":"Magnetism","floor":47},{"not_picked":["Doom and Gloom","Leap"],"picked":"Steam Power+1","floor":48},{"not_picked":["Turbo","Beam Cell+1","Conserve Battery"],"picked":"SKIP","floor":48},{"not_picked":["Rebound+1","Compile Driver+1","All For One"],"picked":"SKIP","floor":54}],"player_experience":2698400,"relics_obtained":[{"floor":7.0,"key":"Odd Mushroom"},{"floor":9.0,"key":"MawBank"},{"floor":12.0,"key":"Whetstone"},{"floor":26.0,"key":"Blue Candle"},{"floor":27.0,"key":"Anchor"},{"floor":38,"key":"Emotion Chip"},{"floor":42,"key":"Oddly Smooth Stone"},{"floor":44,"key":"Prayer Wheel"},{"floor":54,"key":"Bag of Preparation"}],"event_choices":[{"damage_healed":0.0,"max_hp_gain":0.0,"max_hp_loss":0.0,"gold_gain":0.0,"event_name":"The Woman in Blue","player_choice":"Bought 1 Potion","floor":2.0,"gold_loss":0.0,"damage_taken":0.0},{"damage_healed":0.0,"max_hp_gain":0.0,"max_hp_loss":0.0,"gold_gain":0.0,"event_name":"Mushrooms","player_choice":"Fought Mushrooms","floor":7.0,"gold_loss":0.0,"damage_taken":0.0},{"damage_healed":0.0,"max_hp_gain":0.0,"max_hp_loss":0.0,"gold_gain":0.0,"event_name":"Scrap Ooze","player_choice":"Fled","floor":14.0,"gold_loss":0.0,"damage_taken":0.0},{"damage_healed":0.0,"max_hp_gain":0.0,"max_hp_loss":0.0,"gold_gain":0.0,"event_name":"Accursed Blacksmith","player_choice":"Rummage","floor":20.0,"gold_loss":0.0,"damage_taken":0.0,"relics_obtained":["WarpedTongs"],"cards_obtained":["Pain"]},{"damage_healed":0.0,"max_hp_gain":0.0,"max_hp_loss":0.0,"gold_gain":0.0,"event_name":"The Mausoleum","player_choice":"Ignored","floor":25.0,"gold_loss":0.0,"damage_taken":0.0},{"damage_healed":0.0,"max_hp_gain":0.0,"max_hp_loss":0.0,"gold_gain":0.0,"event_name":"Back to Basics","player_choice":"Simplicity","floor":28.0,"gold_loss":0.0,"damage_taken":0.0,"cards_upgraded":["Strike_B","Strike_B","Defend_B","Defend_B","Defend_B","Defend_B"]},{"damage_healed":0,"gold_gain":0,"player_choice":"Fight","damage_taken":0,"max_hp_gain":0,"max_hp_loss":0,"event_name":"Mysterious Sphere","floor":38,"gold_loss":0},{"damage_healed":0,"gold_gain":0,"player_choice":"Memory 2","damage_taken":5,"max_hp_gain":0,"max_hp_loss":0,"event_name":"SensoryStone","floor":47,"gold_loss":0}],"is_beta":false,"boss_relics":[{"not_picked":["Busted Crown","Ectoplasm"],"picked":"Inserter"},{"not_picked":["Empty Cage","Coffee Dripper"],"picked":"Fusion Hammer"}],"items_purged_floors":[3,21],"is_endless":false,"potions_floor_spawned":[1,4,5,10,13,18,27,31,33,36,38,42,44,46],"killed_by":"The Heart","ascension_level":15}