{"gold_per_floor":[112,130,146,146,166,166,221,221,221,221,221,82,82,108,108,205,205,215,178,178,79,92,92,92,7,7,7,17,33,43,53,53,53],"floor_reached":33,"playtime":3269,"items_purged":[],"score":280,"play_id":"e78d12eb-57f9-4a8d-bc6e-a157060bc79e","local_time":"20190824024126","is_ascension_mode":false,"campfire_choices":[{"data":"Prepared","floor":6,"key":"SMITH"},{"floor":8,"key":"REST"},{"data":"Flechettes","floor":11,"key":"SMITH"},{"floor":15,"key":"REST"},{"data":"Infinite Blades","floor":23,"key":"SMITH"},{"floor":27,"key":"REST"},{"floor":32,"key":"REST"}],"neow_cost":"NONE","seed_source_timestamp":11483072783700,"circlet_count":0,"master_deck":["Strike_G","Strike_G","Strike_G","Strike_G","Strike_G","Defend_G","Defend_G","Defend_G","Defend_G","Defend_G","Survivor","Neutralize","Flechettes+1","Prepared+1","Distraction","Quick Slash","Quick Slash","Parasite","Envenom","Well Laid Plans","Glass Knife","Underhanded Strike","Infinite Blades+1","Tools of the Trade","Dash","Accuracy","Backflip+1","Caltrops","Accuracy","Underhanded Strike","Leg Sweep","Expertise","Storm of Steel","Dagger Throw","Die Die Die"],"relics":["Ring of the Snake","Tiny Chest","Meat on the Bone","Lantern","Orrery","Nloth\u0027s Gift","MutagenicStrength","Ginger","Frozen Egg 2"],"potions_floor_usage":[7,7,14,14,31,31,33,33],"damage_taken":[{"damage":0,"enemies":"Small Slimes","floor":1,"turns":5},{"damage":0,"enemies":"2 Louse","floor":2,"turns":3},{"damage":9,"enemies":"Jaw Worm","floor":3,"turns":5},{"damage":0,"enemies":"Red Slaver","floor":5,"turns":5},{"damage":32,"enemies":"Gremlin Nob","floor":7,"turns":5},{"damage":12,"enemies":"Lagavulin","floor":14,"turns":5},{"damage":28,"enemies":"The Guardian","floor":16,"turns":12},{"damage":37,"enemies":"Spheric Guardian","floor":18,"turns":6},{"damage":19,"enemies":"Chosen","floor":22,"turns":6},{"damage":13,"enemies":"Centurion and Healer","floor":28,"turns":6},{"damage":22,"enemies":"Snake Plant","floor":29,"turns":4},{"damage":33,"enemies":"Cultist and Chosen","floor":30,"turns":6},{"damage":9,"enemies":"Centurion and Healer","floor":31,"turns":5},{"damage":75,"enemies":"Automaton","floor":33,"turns":6}],"seed_played":"-2140457008093644925","potions_obtained":[{"floor":0,"key":"Strength Potion"},{"floor":0,"key":"Fire Potion"},{"floor":0,"key":"Ancient Potion"},{"floor":3,"key":"LiquidBronze"},{"floor":7,"key":"Ancient Potion"},{"floor":14,"key":"LiquidBronze"},{"floor":16,"key":"Fire Potion"},{"floor":28,"key":"AttackPotion"},{"floor":31,"key":"GhostInAJar"}],"is_trial":false,"path_per_floor":["M","M","M","?","M","R","E","R","T","?","R","$","?","E","R","B",null,"M","$","?","$","M","R","?","?","T","R","M","M","M","M","R","B"],"character_chosen":"THE_SILENT","items_purchased":["Envenom","Caltrops","Accuracy","Underhanded Strike"],"campfire_rested":4,"item_purchase_floors":[12,19,21,21],"current_hp_per_floor":[70,70,61,61,61,61,29,50,50,67,67,67,55,43,64,36,70,45,45,45,45,38,38,38,38,38,59,46,36,15,18,39,0],"gold":53,"neow_bonus":"THREE_SMALL_POTIONS","is_prod":false,"is_daily":false,"chose_seed":false,"campfire_upgraded":3,"win_rate":0.0,"timestamp":1566628886,"path_taken":["M","M","M","?","M","R","E","R","T","?","R","$","?","E","R","BOSS","M","$","?","$","?","R","?","?","T","R","M","M","M","M","R","BOSS"],"build_version":"2019-07-17","purchased_purges":0,"victory":false,"max_hp_per_floor":[70,70,70,70,70,70,70,70,70,70,70,70,70,70,70,70,70,70,70,70,70,70,70,70,70,70,70,70,70,70,70,70,70],"card_choices":[{"not_picked":["PiercingWail","Slice"],"picked":"Flechettes","floor":1},{"not_picked":["Heel Hook","Poisoned Stab"],"picked":"Prepared","floor":2},{"not_picked":["Heel Hook","Bouncing Flask"],"picked":"Tactician","floor":3},{"not_picked":["Distraction","Outmaneuver"],"picked":"Quick Slash","floor":5},{"not_picked":["Prepared","Bane"],"picked":"Quick Slash","floor":7},{"not_picked":["Slice","Deadly Poison"],"picked":"Well Laid Plans","floor":14},{"not_picked":["Night Terror","Malaise"],"picked":"Glass Knife","floor":16},{"not_picked":["Dagger Spray","Dodge and Roll"],"picked":"Underhanded Strike","floor":17},{"not_picked":["Choke","Dagger Spray"],"picked":"Infinite Blades","floor":17},{"not_picked":["Prepared","Quick Slash"],"picked":"Tools of the Trade","floor":17},{"not_picked":["Crippling Poison","Dodge and Roll"],"picked":"Dash","floor":17},{"not_picked":["Quick Slash","Slice"],"picked":"Accuracy","floor":17},{"not_picked":["Poisoned Stab+1","Backstab"],"picked":"Backflip+1","floor":18},{"not_picked":["Crippling Poison","Sucker Punch"],"picked":"Leg Sweep","floor":22},{"not_picked":["Acrobatics","Flying Knee"],"picked":"Expertise","floor":28},{"not_picked":["Crippling Poison","Underhanded Strike"],"picked":"Storm of Steel","floor":29},{"not_picked":["Masterful Stab+1","Riddle With Holes"],"picked":"Dagger Throw","floor":30},{"not_picked":["Quick Slash","Dodge and Roll+1"],"picked":"Die Die Die","floor":31}],"player_experience":34791,"relics_obtained":[{"floor":7,"key":"Tiny Chest"},{"floor":9,"key":"Ornamental Fan"},{"floor":14,"key":"Lantern"},{"floor":26,"key":"Frozen Egg 2"}],"event_choices":[{"damage_healed":0,"gold_gain":0,"cards_transformed":["Tactician"],"player_choice":"Change","damage_taken":0,"max_hp_gain":0,"max_hp_loss":0,"event_name":"Living Wall","floor":4,"gold_loss":0,"cards_obtained":["Distraction"]},{"damage_healed":17,"gold_gain":0,"player_choice":"Healed and dodged fight","damage_taken":0,"max_hp_gain":0,"max_hp_loss":0,"event_name":"Mushrooms","floor":10,"gold_loss":0,"cards_obtained":["Parasite"]},{"damage_healed":0,"gold_gain":0,"player_choice":"Success","damage_taken":12,"relics_obtained":["Meat on the Bone"],"max_hp_gain":0,"max_hp_loss":0,"event_name":"Scrap Ooze","floor":13,"gold_loss":0},{"damage_healed":0,"gold_gain":0,"player_choice":"Traded Relic","damage_taken":0,"relics_obtained":["Nloth\u0027s Gift"],"max_hp_gain":0,"max_hp_loss":0,"event_name":"N\u0027loth","floor":20,"relics_lost":["Ornamental Fan"],"gold_loss":0},{"damage_healed":0,"gold_gain":0,"player_choice":"Inject Mutagens","damage_taken":0,"relics_obtained":["MutagenicStrength"],"max_hp_gain":0,"max_hp_loss":0,"event_name":"Drug Dealer","floor":24,"gold_loss":0},{"damage_healed":0,"gold_gain":0,"player_choice":"Obtained Relic","damage_taken":0,"relics_obtained":["Ginger"],"max_hp_gain":0,"max_hp_loss":0,"event_name":"Addict","floor":25,"gold_loss":85}],"is_beta":false,"boss_relics":[{"not_picked":["Velvet Choker","Snecko Eye"],"picked":"Orrery"}],"items_purged_floors":[],"is_endless":false,"potions_floor_spawned":[3,7,14,16,28,29,31],"killed_by":"Automaton","ascension_level":0}