{"gold_per_floor":[115,125,50,70,88,88,121,121,121,146,111,111,111,145,145,245,245,219,239,257,147,163,163,183,183,183,183,108,119,153,153,153,153],"floor_reached":33,"playtime":2663,"items_purged":["Strike_R"],"score":275,"play_id":"363b0e11-c9c0-4497-87b8-4c0a8294a0d0","local_time":"20190117190022","is_ascension_mode":false,"campfire_choices":[{"data":"Body Slam","floor":6,"key":"SMITH"},{"data":"Seeing Red","floor":8,"key":"SMITH"},{"floor":12,"key":"REST"},{"floor":15,"key":"REST"},{"data":"Ghostly Armor","floor":23,"key":"SMITH"},{"data":"Armaments","floor":25,"key":"SMITH"},{"data":"Clothesline","floor":27,"key":"SMITH"},{"floor":32,"key":"REST"}],"neow_cost":"NONE","seed_source_timestamp":79797289758400,"circlet_count":0,"master_deck":["Strike_R","Strike_R","Strike_R","Strike_R","Defend_R","Defend_R","Defend_R","Bash","Body Slam+1","Perfected Strike+1","Body Slam+1","Ghostly Armor","Seeing Red+1","Shrug It Off","Clothesline+1","Cleave","Reaper","Shrug It Off","Shrug It Off","Armaments+1","Ghostly Armor+1","True Grit+1","Shockwave+1","Inflame","Whirlwind+1","Headbutt","Spot Weakness","Seeing Red+1"],"relics":["Burning Blood","Ancient Tea Set","Paper Frog","Odd Mushroom","Ice Cream","Orrery","Pen Nib","Oddly Smooth Stone"],"potions_floor_usage":[7,7,29,30,30,33],"damage_taken":[{"damage":1,"enemies":"Cultist","floor":1,"turns":3},{"damage":10,"enemies":"Small Slimes","floor":2,"turns":3},{"damage":0,"enemies":"2 Louse","floor":4,"turns":2},{"damage":10,"enemies":"Looter","floor":5,"turns":2},{"damage":42,"enemies":"Gremlin Nob","floor":7,"turns":7},{"damage":30,"enemies":"The Mushroom Lair","floor":10,"turns":6},{"damage":12,"enemies":"3 Sentries","floor":14,"turns":8},{"damage":14,"enemies":"The Guardian","floor":16,"turns":9},{"damage":13,"enemies":"2 Thieves","floor":18,"turns":5},{"damage":20,"enemies":"Shell Parasite","floor":19,"turns":8},{"damage":10,"enemies":"Shelled Parasite and Fungi","floor":20,"turns":11},{"damage":22,"enemies":"Cultist and Chosen","floor":22,"turns":9},{"damage":12,"enemies":"Snake Plant","floor":24,"turns":3},{"damage":50,"enemies":"Sentry and Sphere","floor":29,"turns":9},{"damage":28,"enemies":"Gremlin Leader","floor":30,"turns":9},{"damage":6,"enemies":"Colosseum Slavers","floor":31,"turns":6},{"damage":107,"enemies":"Collector","floor":33,"turns":11}],"seed_played":"5153128168799436009","potions_obtained":[{"floor":2,"key":"SpeedPotion"},{"floor":5,"key":"EssenceOfSteel"},{"floor":14,"key":"Regen Potion"},{"floor":16,"key":"LiquidBronze"},{"floor":19,"key":"SpeedPotion"},{"floor":29,"key":"Regen Potion"}],"is_trial":false,"path_per_floor":["M","M","$","M","M","R","E","R","T","?","?","R","?","E","R","B",null,"M","M","M","$","M","R","M","R","T","R","?","M","E","?","R","B"],"character_chosen":"IRONCLAD","items_purchased":["Ghostly Armor","Inflame"],"campfire_rested":3,"item_purchase_floors":[3,21],"current_hp_per_floor":[80,76,76,80,76,76,40,40,40,16,36,60,44,38,62,54,80,75,61,61,61,59,59,53,53,53,53,53,18,29,40,64,0],"gold":153,"neow_bonus":"THREE_CARDS","is_prod":false,"is_daily":false,"chose_seed":false,"campfire_upgraded":5,"win_rate":0,"timestamp":1547748022,"path_taken":["M","M","$","?","M","R","E","R","T","?","?","R","?","E","R","BOSS","M","M","M","$","M","R","M","R","T","R","?","M","E","?","R","BOSS"],"build_version":"2019-01-10","purchased_purges":1,"victory":false,"max_hp_per_floor":[80,80,80,80,80,80,80,80,80,80,80,80,80,80,80,80,80,80,80,80,80,80,80,80,80,80,80,80,80,80,80,80,80],"card_choices":[{"not_picked":["Flex","Heavy Blade"],"picked":"Body Slam","floor":0},{"not_picked":["Fire Breathing","Heavy Blade"],"picked":"Perfected Strike","floor":1},{"not_picked":["Iron Wave","Wild Strike"],"picked":"Body Slam","floor":2},{"not_picked":["Havoc","Clash","Blood for Blood"],"picked":"SKIP","floor":4},{"not_picked":["Wild Strike","Pummel"],"picked":"Seeing Red","floor":5},{"not_picked":["Wild Strike","Feed"],"picked":"Shrug It Off","floor":7},{"not_picked":["Twin Strike","Sword Boomerang"],"picked":"Clothesline","floor":10},{"not_picked":["Pommel Strike","Sever Soul"],"picked":"Cleave","floor":14},{"not_picked":["Brutality","Berserk"],"picked":"Reaper","floor":16},{"not_picked":["Searing Blow","Rampage"],"picked":"Shrug It Off","floor":17},{"not_picked":["Sword Boomerang","Anger"],"picked":"Shrug It Off","floor":17},{"not_picked":["Corruption","Heavy Blade"],"picked":"Armaments","floor":17},{"not_picked":["Sever Soul","Entrench"],"picked":"Ghostly Armor","floor":18},{"not_picked":["Perfected Strike+1","Armaments+1"],"picked":"True Grit+1","floor":19},{"not_picked":["Blood for Blood","Clothesline"],"picked":"Shockwave+1","floor":20},{"not_picked":["Evolve","True Grit+1"],"picked":"Whirlwind+1","floor":22},{"not_picked":["Blood for Blood","Pummel"],"picked":"Headbutt","floor":24},{"not_picked":["Flex","Headbutt"],"picked":"Spot Weakness","floor":29},{"not_picked":["Havoc","Flex+1"],"picked":"Seeing Red+1","floor":30}],"player_experience":180522,"relics_obtained":[{"floor":7,"key":"Ancient Tea Set"},{"floor":9,"key":"Paper Frog"},{"floor":10,"key":"Odd Mushroom"},{"floor":14,"key":"Ice Cream"},{"floor":26,"key":"Pen Nib"},{"floor":30,"key":"Oddly Smooth Stone"}],"event_choices":[{"damage_healed":0,"gold_gain":0,"player_choice":"Fought Mushrooms","damage_taken":0,"max_hp_gain":0,"max_hp_loss":0,"event_name":"Mushrooms","floor":10,"gold_loss":0},{"damage_healed":20,"gold_gain":0,"player_choice":"Healed","damage_taken":0,"max_hp_gain":0,"max_hp_loss":0,"event_name":"The Cleric","floor":11,"gold_loss":35},{"damage_healed":0,"gold_gain":0,"player_choice":"Entered Light","damage_taken":16,"max_hp_gain":0,"max_hp_loss":0,"event_name":"Shining Light","floor":13,"gold_loss":0,"cards_upgraded":["Perfected Strike","Body Slam"]},{"cards_removed":["Defend_R"],"damage_healed":0,"gold_gain":0,"player_choice":"Gave Gold","damage_taken":0,"max_hp_gain":0,"max_hp_loss":0,"event_name":"Beggar","floor":28,"gold_loss":75},{"damage_healed":0,"gold_gain":0,"player_choice":"Fight","damage_taken":0,"max_hp_gain":0,"max_hp_loss":0,"event_name":"Colosseum","floor":31,"gold_loss":0},{"damage_healed":0,"gold_gain":0,"player_choice":"Fled From Nobs","damage_taken":0,"max_hp_gain":0,"max_hp_loss":0,"event_name":"Colosseum","floor":31,"gold_loss":0}],"is_beta":false,"boss_relics":[{"not_picked":["Black Blood","Fusion Hammer"],"picked":"Orrery"}],"items_purged_floors":[21],"is_endless":false,"potions_floor_spawned":[2,5,14,16,19,29],"killed_by":"Collector","ascension_level":0}