{"gold_per_floor":[111,22,41,41,55,75,75,91,163,189,189,38,53,127,127,224,224,204,221,221,62,77,77,96,96,120,120,138,155,166,66,66,66],"floor_reached":33,"playtime":3934,"items_purged":["Strike_G","Well Laid Plans"],"score":251,"play_id":"8633bae6-7081-4d7f-8c8b-1e1b50c06234","local_time":"20181226170333","is_ascension_mode":false,"campfire_choices":[{"floor":7,"key":"REST"},{"floor":15,"key":"REST"},{"floor":23,"key":"REST"},{"floor":25,"key":"REST"},{"data":"Outmaneuver","floor":27,"key":"SMITH"},{"floor":32,"key":"REST"}],"neow_cost":"PERCENT_DAMAGE","seed_source_timestamp":12730767523500,"circlet_count":0,"master_deck":["Defend_G","Defend_G","Defend_G","Defend_G","Defend_G","Strike_G","Strike_G","Strike_G","Strike_G","Survivor","Neutralize+1","Dark Shackles","Swift Strike","Dodge and Roll","Distraction","Quick Slash","Well Laid Plans","Slice","Well Laid Plans","Outmaneuver+1","Crippling Poison","Venomology","A Thousand Cuts","Slice","Slice","Escape Plan","Prepared","Doppelganger","Flying Knee","Dramatic Entrance","Blade Dance+1","Poisoned Stab"],"relics":["Ring of the Snake","Pantograph","Tough Bandages","Pen Nib","Bag of Marbles","Sundial","Orrery","Oddly Smooth Stone"],"potions_floor_usage":[16,16,18,24,28,28,28,29,33,33,33,33],"damage_taken":[{"damage":0,"enemies":"Small Slimes","floor":1,"turns":3},{"damage":6,"enemies":"Jaw Worm","floor":3,"turns":4},{"damage":0,"enemies":"Cultist","floor":5,"turns":4},{"damage":0,"enemies":"Exordium Wildlife","floor":6,"turns":5},{"damage":2,"enemies":"Red Slaver","floor":8,"turns":3},{"damage":7,"enemies":"3 Sentries","floor":10,"turns":11},{"damage":0,"enemies":"Looter","floor":13,"turns":4},{"damage":12,"enemies":"The Guardian","floor":16,"turns":20},{"damage":0,"enemies":"2 Thieves","floor":18,"turns":4},{"damage":5,"enemies":"Chosen","floor":19,"turns":5},{"damage":32,"enemies":"Colosseum Slavers","floor":20,"turns":6},{"damage":5,"enemies":"Shelled Parasite and Fungi","floor":22,"turns":7},{"damage":15,"enemies":"Snecko","floor":24,"turns":7},{"damage":7,"enemies":"Centurion and Healer","floor":28,"turns":6},{"damage":30,"enemies":"Snake Plant","floor":29,"turns":6},{"damage":16,"enemies":"3 Cultists","floor":30,"turns":6},{"damage":50,"enemies":"Collector","floor":33,"turns":13}],"seed_played":"-4251737075001199780","potions_obtained":[{"floor":6,"key":"SmokeBomb"},{"floor":8,"key":"Swift Potion"},{"floor":10,"key":"Ancient Potion"},{"floor":24,"key":"Dexterity Potion"},{"floor":28,"key":"PowerPotion"},{"floor":30,"key":"Explosive Potion"}],"is_trial":false,"path_per_floor":["M","$","M","?","M","M","R","M","T","E","?","$","M","T","R","B",null,"M","M","?","$","M","R","M","R","T","R","M","M","M","$","R","B"],"character_chosen":"THE_SILENT","items_purchased":["Distraction","Quick Slash","Bag of Marbles","Dramatic Entrance"],"campfire_rested":5,"item_purchase_floors":[2,2,12,21],"current_hp_per_floor":[49,49,43,43,43,43,64,62,62,55,48,48,48,48,69,58,70,70,65,33,33,28,49,34,55,55,55,48,18,2,2,23,0],"gold":66,"neow_bonus":"RANDOM_COLORLESS_2","is_prod":false,"is_daily":false,"chose_seed":false,"campfire_upgraded":1,"win_rate":0.0,"timestamp":1545840213,"path_taken":["M","$","M","?","M","M","R","M","T","E","?","$","M","?","R","BOSS","M","M","?","$","M","R","M","R","T","R","M","M","M","$","R","BOSS"],"build_version":"2018-12-20","purchased_purges":2,"victory":false,"max_hp_per_floor":[70,70,70,70,70,70,70,70,70,70,70,70,70,70,70,70,70,70,70,70,70,70,70,70,70,70,70,70,70,70,70,70,70],"card_choices":[{"not_picked":["Skewer","Escape Plan"],"picked":"Dodge and Roll","floor":1},{"not_picked":["Backflip","Prepared"],"picked":"Well Laid Plans","floor":3},{"not_picked":["Expertise","Bane"],"picked":"Slice","floor":5},{"not_picked":["Backflip","Slice"],"picked":"Well Laid Plans","floor":6},{"not_picked":["Backflip","Dodge and Roll"],"picked":"Outmaneuver","floor":8},{"not_picked":["Backflip","Catalyst"],"picked":"Crippling Poison","floor":10},{"not_picked":["Dash","Underhanded Strike"],"picked":"Venomology","floor":13},{"not_picked":["Die Die Die","Unload"],"picked":"A Thousand Cuts","floor":16},{"not_picked":["Flying Knee","Dodge and Roll"],"picked":"Slice","floor":17},{"not_picked":["Dodge and Roll","Dagger Spray"],"picked":"Slice","floor":17},{"not_picked":["Outmaneuver","Underhanded Strike"],"picked":"Escape Plan","floor":17},{"not_picked":["Poisoned Stab","Sucker Punch"],"picked":"Prepared","floor":17},{"not_picked":["Dagger Spray","Noxious Fumes"],"picked":"Well Laid Plans","floor":17},{"not_picked":["Prepared","PiercingWail+1"],"picked":"Doppelganger","floor":18},{"not_picked":["Underhanded Strike","Backstab"],"picked":"Flying Knee","floor":19},{"not_picked":["Dodge and Roll","Quick Slash"],"picked":"Blade Dance+1","floor":22},{"not_picked":["Underhanded Strike+1","Sucker Punch","Dagger Spray"],"picked":"SKIP","floor":24},{"not_picked":["Terror","Dodge and Roll"],"picked":"Poisoned Stab","floor":28},{"not_picked":["Sucker Punch+1","Tactician","Outmaneuver+1"],"picked":"SKIP","floor":29},{"not_picked":["After Image","Deadly Poison+1","Flying Knee"],"picked":"SKIP","floor":30}],"player_experience":29205,"relics_obtained":[{"floor":9,"key":"Pantograph"},{"floor":10,"key":"Tough Bandages"},{"floor":14,"key":"Sundial"},{"floor":26,"key":"Oddly Smooth Stone"}],"event_choices":[{"damage_healed":0,"gold_gain":0,"player_choice":"Grow","damage_taken":0,"max_hp_gain":0,"max_hp_loss":0,"event_name":"Living Wall","floor":4,"gold_loss":0,"cards_upgraded":["Neutralize"]},{"damage_healed":0,"gold_gain":0,"player_choice":"Success","damage_taken":7,"relics_obtained":["Pen Nib"],"max_hp_gain":0,"max_hp_loss":0,"event_name":"Scrap Ooze","floor":11,"gold_loss":0},{"damage_healed":0,"gold_gain":0,"player_choice":"Fight","damage_taken":0,"max_hp_gain":0,"max_hp_loss":0,"event_name":"Colosseum","floor":20,"gold_loss":0},{"damage_healed":0,"gold_gain":0,"player_choice":"Fled From Nobs","damage_taken":0,"max_hp_gain":0,"max_hp_loss":0,"event_name":"Colosseum","floor":20,"gold_loss":0}],"is_beta":false,"boss_relics":[{"not_picked":["Sozu","Runic Dome"],"picked":"Orrery"}],"items_purged_floors":[21,31],"is_endless":false,"potions_floor_spawned":[6,8,10,24,28,30],"killed_by":"Collector","ascension_level":0}