{"gold_per_floor":[369,10,25,25,25,25,36,36,36,64,64,64,77,89,89,89],"floor_reached":16,"playtime":659,"items_purged":[],"score":90,"play_id":"74598685-f364-4deb-bbb8-f1b746f36b0e","local_time":"20190127212826","is_ascension_mode":false,"campfire_choices":[{"floor":6.0,"key":"DIG"},{"floor":8.0,"key":"DIG"},{"floor":11.0,"key":"DIG"},{"data":"Spot Weakness","floor":15,"key":"SMITH"}],"neow_cost":"TEN_PERCENT_HP_LOSS","seed_source_timestamp":0,"circlet_count":0,"master_deck":["Strike_R","Strike_R","Strike_R","Strike_R","Defend_R","Defend_R","Defend_R","Defend_R","Bash+1","Headbutt","Thunderclap","Clothesline","Spot Weakness+1","Entrench","Cleave","Evolve"],"special_seed":0,"relics":["Burning Blood","Shovel","Girya","Omamori","Letter Opener","Odd Mushroom","Self Forming Clay"],"potions_floor_usage":[16],"damage_taken":[{"damage":5.0,"enemies":"Jaw Worm","floor":1.0,"turns":8.0},{"damage":5.0,"enemies":"Cultist","floor":3.0,"turns":4.0},{"damage":0.0,"enemies":"2 Louse","floor":7.0,"turns":2.0},{"damage":32.0,"enemies":"The Mushroom Lair","floor":10.0,"turns":5.0},{"damage":5,"enemies":"Large Slime","floor":13,"turns":5},{"damage":6,"enemies":"Red Slaver","floor":14,"turns":4},{"damage":53,"enemies":"Slime Boss","floor":16,"turns":6}],"seed_played":"6156435040979706033","potions_obtained":[{"floor":13,"key":"Swift Potion"},{"floor":14,"key":"SkillPotion"}],"is_trial":false,"path_per_floor":["M","$","M","?","$","R","M","R","T","?","R","?","M","M","R","B"],"character_chosen":"IRONCLAD","items_purchased":["Shovel","FearPotion"],"campfire_rested":0,"item_purchase_floors":[2,2],"current_hp_per_floor":[72,72,72,72,72,72,72,72,72,46,46,46,47,47,47,0],"gold":89,"neow_bonus":"TWO_FIFTY_GOLD","is_prod":false,"is_daily":false,"chose_seed":false,"campfire_upgraded":1,"win_rate":0,"timestamp":1548620906,"path_taken":["M","$","M","?","$","R","?","R","T","?","R","?","M","M","R","BOSS"],"build_version":"2019-01-23","purchased_purges":0,"victory":false,"max_hp_per_floor":[72,72,72,72,72,72,72,72,72,72,72,72,72,72,72,72],"card_choices":[{"not_picked":["Anger","Clash"],"picked":"Headbutt","floor":1.0},{"not_picked":["Heavy Blade","Anger"],"picked":"Thunderclap","floor":3.0},{"not_picked":["Sever Soul","Flex"],"picked":"Clothesline","floor":7.0},{"not_picked":["Clash","Warcry"],"picked":"Spot Weakness","floor":10.0},{"not_picked":["Anger","Clothesline"],"picked":"Cleave","floor":13},{"not_picked":["Thunderclap","Warcry"],"picked":"Evolve","floor":14}],"player_experience":209241,"relics_obtained":[{"floor":6.0,"key":"Girya"},{"floor":8.0,"key":"Omamori"},{"floor":9.0,"key":"Letter Opener"},{"floor":10.0,"key":"Odd Mushroom"},{"floor":11.0,"key":"Self Forming Clay"}],"event_choices":[{"damage_healed":0.0,"max_hp_gain":0.0,"max_hp_loss":0.0,"gold_gain":0.0,"event_name":"Upgrade Shrine","player_choice":"Upgraded","floor":4.0,"gold_loss":0.0,"damage_taken":0.0,"cards_upgraded":["Bash"]},{"damage_healed":0.0,"max_hp_gain":0.0,"max_hp_loss":0.0,"gold_gain":0.0,"event_name":"Mushrooms","player_choice":"Fought Mushrooms","floor":10.0,"gold_loss":0.0,"damage_taken":0.0},{"damage_healed":0,"gold_gain":0,"cards_transformed":["Strike_R"],"player_choice":"Transformed","damage_taken":0,"max_hp_gain":0,"max_hp_loss":0,"event_name":"Transmorgrifier","floor":12,"gold_loss":0,"cards_obtained":["Entrench"]}],"is_beta":false,"boss_relics":[],"items_purged_floors":[],"is_endless":false,"potions_floor_spawned":[13,14],"killed_by":"Slime Boss","ascension_level":0}