{"gold_per_floor":[119,69,88,104,31,31,5,5,30,53,53,123,123,144,144,264,264,277,12,27,27,27,27,70,70,70,85,101,101,26,40,40,40],"floor_reached":33,"playtime":3245,"items_purged":["Strike_R"],"score":292,"play_id":"af50cde0-3a96-42cb-9579-cb00edd94775","local_time":"20190104193439","is_ascension_mode":true,"campfire_choices":[{"data":"Clothesline","floor":6,"key":"SMITH"},{"data":"Armaments","floor":11,"key":"SMITH"},{"data":"Bash","floor":13,"key":"SMITH"},{"data":"Disarm","floor":15,"key":"SMITH"},{"data":"Immolate","floor":23,"key":"SMITH"},{"floor":25,"key":"REST"},{"data":"Corruption","floor":29,"key":"SMITH"},{"floor":32,"key":"REST"}],"neow_cost":"NONE","seed_source_timestamp":9881167493300,"circlet_count":0,"master_deck":["Strike_R","Strike_R","Defend_R","Defend_R","Defend_R","Defend_R","Bash+1","Clothesline+1","Impervious","Pommel Strike","Disarm+1","Armaments+1","Ghostly Armor","Corruption+1","Inflame","Demon Form","Cleave","Immolate+1","Shrug It Off","Feel No Pain","Exhume","Thunderclap","Clothesline+1","Impervious"],"relics":["Burning Blood","Golden Idol","Omamori","Tiny Chest","Philosopher\u0027s Stone","Kunai","Question Card","Paper Frog","Darkstone Periapt"],"potions_floor_usage":[33,33,33],"damage_taken":[{"damage":4,"enemies":"2 Louse","floor":1,"turns":4},{"damage":2,"enemies":"Jaw Worm","floor":3,"turns":5},{"damage":2,"enemies":"Cultist","floor":4,"turns":4},{"damage":2,"enemies":"Looter","floor":10,"turns":5},{"damage":12,"enemies":"Gremlin Nob","floor":12,"turns":5},{"damage":1,"enemies":"Blue Slaver","floor":14,"turns":6},{"damage":28,"enemies":"Hexaghost","floor":16,"turns":13},{"damage":31,"enemies":"Spheric Guardian","floor":18,"turns":8},{"damage":9,"enemies":"Chosen","floor":20,"turns":6},{"damage":44,"enemies":"Slavers","floor":24,"turns":6},{"damage":18,"enemies":"Snake Plant","floor":27,"turns":6},{"damage":9,"enemies":"Shelled Parasite and Fungi","floor":28,"turns":6},{"damage":0,"enemies":"Chosen and Byrds","floor":31,"turns":6},{"damage":69,"enemies":"Collector","floor":33,"turns":10}],"seed_played":"-6550749209357427006","potions_obtained":[{"floor":3,"key":"EssenceOfSteel"},{"floor":4,"key":"Energy Potion"},{"floor":10,"key":"Swift Potion"},{"floor":27,"key":"Ancient Potion"}],"is_trial":false,"path_per_floor":["M","?","M","M","$","R","$","?","T","M","R","E","R","M","R","B",null,"M","$","M","?","T","R","E","R","T","M","M","R","?","M","R","B"],"character_chosen":"IRONCLAD","items_purchased":["Disarm","Armaments","Immolate","Shrug It Off"],"campfire_rested":2,"item_purchase_floors":[5,7,19,19],"current_hp_per_floor":[88,88,88,88,88,88,88,66,66,70,70,64,64,69,69,47,88,63,63,60,60,60,60,22,48,48,36,33,33,33,39,65,0],"gold":40,"neow_bonus":"TEN_PERCENT_HP_BONUS","is_prod":false,"is_daily":false,"chose_seed":false,"campfire_upgraded":6,"win_rate":0,"timestamp":1546626879,"path_taken":["M","?","M","M","$","R","$","?","T","M","R","E","R","M","R","BOSS","M","$","M","?","?","R","E","R","T","M","?","R","?","M","R","BOSS"],"build_version":"2019-01-03v3","purchased_purges":1,"victory":false,"max_hp_per_floor":[88,88,88,88,88,88,88,88,88,88,88,88,88,88,88,88,88,88,88,88,88,88,88,88,88,88,88,88,88,88,88,88,88],"card_choices":[{"not_picked":["Clash","Rampage"],"picked":"Clothesline","floor":1},{"not_picked":["Cleave","Wild Strike"],"picked":"Impervious","floor":3},{"not_picked":["Sword Boomerang","Headbutt"],"picked":"Pommel Strike","floor":4},{"not_picked":["Clothesline","Armaments"],"picked":"Ghostly Armor","floor":10},{"not_picked":["Twin Strike","Perfected Strike"],"picked":"Corruption","floor":12},{"not_picked":["Twin Strike","Limit Break"],"picked":"Inflame","floor":14},{"not_picked":["Fiend Fire","Double Tap"],"picked":"Demon Form","floor":16},{"not_picked":["Body Slam","Clash+1"],"picked":"Cleave","floor":18},{"not_picked":["Twin Strike","Clash"],"picked":"Feel No Pain","floor":20},{"not_picked":["Fire Breathing","Perfected Strike","Hemokinesis+1"],"picked":"Exhume","floor":24},{"not_picked":["Armaments","Pommel Strike","Flex+1"],"picked":"Thunderclap","floor":27},{"not_picked":["Headbutt","Sword Boomerang+1","Perfected Strike"],"picked":"Clothesline+1","floor":28},{"not_picked":["Clash","Armaments","Headbutt"],"picked":"Impervious","floor":31}],"player_experience":148603,"relics_obtained":[{"floor":9,"key":"Omamori"},{"floor":12,"key":"Tiny Chest"},{"floor":22,"key":"Question Card"},{"floor":24,"key":"Paper Frog"},{"floor":26,"key":"Darkstone Periapt"}],"event_choices":[{"cards_removed":["Strike_R"],"damage_healed":0,"gold_gain":0,"player_choice":"Card Removal","damage_taken":0,"max_hp_gain":0,"max_hp_loss":0,"event_name":"The Cleric","floor":2,"gold_loss":50},{"damage_healed":0,"gold_gain":0,"player_choice":"Take Damage","damage_taken":22,"relics_obtained":["Golden Idol"],"max_hp_gain":0,"max_hp_loss":0,"event_name":"Golden Idol","floor":8,"gold_loss":0},{"damage_healed":0,"gold_gain":0,"player_choice":"Stole Relic","damage_taken":0,"relics_obtained":["Kunai"],"max_hp_gain":0,"max_hp_loss":0,"event_name":"Addict","floor":21,"gold_loss":0,"cards_obtained":["Shame"]},{"cards_removed":["Strike_R"],"damage_healed":0,"gold_gain":0,"player_choice":"Gave Gold","damage_taken":0,"max_hp_gain":0,"max_hp_loss":0,"event_name":"Beggar","floor":30,"gold_loss":75}],"is_beta":false,"boss_relics":[{"not_picked":["Tiny House","Lizard Tail"],"picked":"Philosopher\u0027s Stone"}],"items_purged_floors":[19],"is_endless":false,"potions_floor_spawned":[3,4,10,14,27,28],"killed_by":"Collector","ascension_level":2}