{"gold_per_floor":[109,122,122,47,67,96,96,121,121,133,42,53,72,89,89,193,193,206,223,233,246,65,65],"floor_reached":23,"playtime":2400,"items_purged":["Normality"],"score":207,"play_id":"5bbcf50b-79a1-44eb-b0b7-218eca379cb0","local_time":"20190819172709","is_ascension_mode":false,"campfire_choices":[{"data":"Armaments","floor":7,"key":"SMITH"},{"data":"Infernal Blade","floor":15,"key":"SMITH"}],"neow_cost":"CURSE","seed_source_timestamp":134008961213600,"circlet_count":0,"master_deck":["Strike_R","Strike_R","Strike_R","Strike_R","Strike_R+1","Defend_R","Defend_R","Defend_R","Defend_R","Bash","Shrug It Off+1","Twin Strike","Anger","Armaments+1","Ghostly Armor","Anger","Reckless Charge","Anger","Infernal Blade+1","Spot Weakness","Double Tap","Body Slam+1","Perfected Strike","Rampage","Flex","Finesse","Perfected Strike","Shrug It Off"],"relics":["Burning Blood","WingedGreaves","Self Forming Clay","Pocketwatch","Calipers","Black Star"],"potions_floor_usage":[6,16,20,23],"damage_taken":[{"damage":2,"enemies":"2 Louse","floor":1,"turns":3},{"damage":0,"enemies":"Small Slimes","floor":2,"turns":7},{"damage":0,"enemies":"Cultist","floor":5,"turns":4},{"damage":21,"enemies":"Gremlin Nob","floor":6,"turns":4},{"damage":12,"enemies":"Lagavulin","floor":8,"turns":9},{"damage":0,"enemies":"Lots of Slimes","floor":10,"turns":5},{"damage":0,"enemies":"Exordium Wildlife","floor":12,"turns":3},{"damage":0,"enemies":"Looter","floor":13,"turns":2},{"damage":0,"enemies":"3 Louse","floor":14,"turns":3},{"damage":43,"enemies":"Hexaghost","floor":16,"turns":10},{"damage":21,"enemies":"2 Thieves","floor":18,"turns":4},{"damage":17,"enemies":"Spheric Guardian","floor":19,"turns":4},{"damage":19,"enemies":"Chosen and Byrds","floor":20,"turns":5},{"damage":16,"enemies":"Snake Plant","floor":21,"turns":3},{"damage":35,"enemies":"Gremlin Leader","floor":23,"turns":6}],"seed_played":"3673019838914769998","potions_obtained":[{"floor":5,"key":"Swift Potion"},{"floor":8,"key":"Energy Potion"},{"floor":13,"key":"Energy Potion"},{"floor":14,"key":"Weak Potion"},{"floor":16,"key":"Energy Potion"},{"floor":20,"key":"EssenceOfSteel"}],"is_trial":false,"path_per_floor":["M","M","?","$","M","E","R","E","T","M","$","M","M","M","R","B",null,"M","M","M","M","$","E"],"character_chosen":"IRONCLAD","items_purchased":["Anger","Reckless Charge","Finesse","Perfected Strike","Shrug It Off"],"campfire_rested":0,"item_purchase_floors":[11,11,22,22,22],"current_hp_per_floor":[80,80,64,64,70,55,55,49,49,55,55,61,67,73,73,36,80,65,54,41,31,31,0],"gold":65,"neow_bonus":"ONE_RARE_RELIC","is_prod":false,"is_daily":false,"chose_seed":false,"campfire_upgraded":2,"win_rate":0.0,"timestamp":1566232029,"path_taken":["M","M","?","$","M","E","R","E","T","M","$","M","M","M","R","BOSS","M","M","M","M","$","E"],"build_version":"2019-07-17","purchased_purges":1,"victory":false,"max_hp_per_floor":[80,80,80,80,80,80,80,80,80,80,80,80,80,80,80,80,80,80,80,80,80,80,80],"card_choices":[{"not_picked":["Clash","Headbutt"],"picked":"Shrug It Off","floor":1},{"not_picked":["Second Wind","Headbutt"],"picked":"Twin Strike","floor":2},{"not_picked":["Metallicize","Clothesline"],"picked":"Anger","floor":5},{"not_picked":["Clothesline","Whirlwind"],"picked":"Armaments","floor":6},{"not_picked":["Second Wind","Fire Breathing","Clothesline"],"picked":"SKIP","floor":8},{"not_picked":["Clash","Disarm"],"picked":"Ghostly Armor","floor":10},{"not_picked":["Pommel Strike","Intimidate"],"picked":"Anger","floor":12},{"not_picked":["Rupture","True Grit"],"picked":"Infernal Blade","floor":13},{"not_picked":["Uppercut","Offering"],"picked":"Spot Weakness","floor":14},{"not_picked":["Brutality","Juggernaut"],"picked":"Double Tap","floor":16},{"not_picked":["Headbutt+1","Pummel"],"picked":"Body Slam+1","floor":18},{"not_picked":["Rampage","Dual Wield"],"picked":"Perfected Strike","floor":19},{"not_picked":["Warcry","Combust+1"],"picked":"Rampage","floor":20},{"not_picked":["Burning Pact","Twin Strike"],"picked":"Flex","floor":21}],"player_experience":19812,"relics_obtained":[{"floor":6,"key":"Self Forming Clay"},{"floor":8,"key":"Pocketwatch"},{"floor":9,"key":"Calipers"}],"event_choices":[{"damage_healed":0,"gold_gain":0,"player_choice":"Entered Light","damage_taken":16,"max_hp_gain":0,"max_hp_loss":0,"event_name":"Shining Light","floor":3,"gold_loss":0,"cards_upgraded":["Shrug It Off","Strike_R"]}],"is_beta":false,"boss_relics":[{"not_picked":["Fusion Hammer","Coffee Dripper"],"picked":"Black Star"}],"items_purged_floors":[4],"is_endless":false,"potions_floor_spawned":[5,8,13,14,16,19,20],"killed_by":"Gremlin Leader","ascension_level":0}