{"gold_per_floor":[112,112,128,142,217,245,261,291,291,291],"floor_reached":10,"playtime":380,"items_purged":[],"score":68,"play_id":"455970f1-f519-4e3a-82bf-d73c653a2303","local_time":"20190816144340","is_ascension_mode":false,"campfire_choices":[],"neow_cost":"NONE","seed_source_timestamp":1260016237229936,"circlet_count":0,"master_deck":["Strike_R","Strike_R","Strike_R","Strike_R","Strike_R","Defend_R","Defend_R","Defend_R","Defend_R","Bash","Purity","Rage","Inflame","True Grit","Bloodletting","Second Wind"],"relics":["Burning Blood","Unceasing Top","Self Forming Clay","Prayer Wheel"],"potions_floor_usage":[10,10],"damage_taken":[{"damage":1,"enemies":"Jaw Worm","floor":1,"turns":3},{"damage":1,"enemies":"Cultist","floor":3,"turns":4},{"damage":5,"enemies":"Small Slimes","floor":4,"turns":4},{"damage":62,"enemies":"Gremlin Nob","floor":6,"turns":6},{"damage":8,"enemies":"2 Fungi Beasts","floor":7,"turns":4},{"damage":12,"enemies":"Exordium Wildlife","floor":10,"turns":3}],"seed_played":"3551397161201387138","potions_obtained":[{"floor":2,"key":"Energy Potion"},{"floor":2,"key":"Weak Potion"},{"floor":2,"key":"EntropicBrew"}],"is_trial":false,"path_per_floor":["M","?","M","M","?","E","M","?","T","M"],"character_chosen":"IRONCLAD","items_purchased":[],"campfire_rested":0,"item_purchase_floors":[],"current_hp_per_floor":[80,80,80,80,69,13,11,11,11,0],"gold":291,"neow_bonus":"RANDOM_COLORLESS","is_prod":false,"is_daily":false,"chose_seed":false,"campfire_upgraded":0,"win_rate":0,"timestamp":1565959420,"path_taken":["M","?","M","?","?","E","M","?","T","M"],"build_version":"2019-07-17","purchased_purges":0,"victory":false,"max_hp_per_floor":[80,80,80,80,80,80,80,80,80,80],"card_choices":[{"not_picked":["Dual Wield","Sword Boomerang"],"picked":"Rage","floor":1},{"not_picked":["Sword Boomerang","Dual Wield"],"picked":"Inflame","floor":3},{"not_picked":["Burning Pact","Entrench"],"picked":"True Grit","floor":4},{"not_picked":["Disarm","Power Through"],"picked":"Bloodletting","floor":6},{"not_picked":["Searing Blow","Disarm"],"picked":"Second Wind","floor":7}],"player_experience":329924,"relics_obtained":[{"floor":6,"key":"Unceasing Top"},{"floor":9,"key":"Prayer Wheel"}],"event_choices":[{"damage_healed":0,"gold_gain":0,"player_choice":"Got Potions","damage_taken":0,"max_hp_gain":0,"max_hp_loss":0,"event_name":"Lab","floor":2,"gold_loss":0},{"damage_healed":0,"gold_gain":75,"player_choice":"Gather Gold","damage_taken":11,"max_hp_gain":0,"max_hp_loss":0,"event_name":"World of Goop","floor":5,"gold_loss":0},{"damage_healed":0,"gold_gain":30,"player_choice":"Searched \u00273\u0027 times","damage_taken":0,"relics_obtained":["Self Forming Clay"],"max_hp_gain":0,"max_hp_loss":0,"event_name":"Dead Adventurer","floor":8,"gold_loss":0}],"is_beta":false,"boss_relics":[],"items_purged_floors":[],"is_endless":false,"potions_floor_spawned":[7],"killed_by":"Exordium Wildlife","ascension_level":0}