{"gold_per_floor":[209,65,77,77,89,89,115,115,115,115,142,155,155,1,1,1],"floor_reached":16,"playtime":354,"items_purged":["Strike_R"],"score":189,"play_id":"8f577d5a-ab49-4b75-9cf8-94d2798d3a82","local_time":"20190623232359","is_ascension_mode":true,"campfire_choices":[{"data":"Combust","floor":6.0,"key":"SMITH"},{"floor":8,"key":"REST"},{"floor":10,"key":"REST"},{"data":"Spot Weakness","floor":15,"key":"SMITH"}],"neow_cost":"NONE","seed_source_timestamp":876747801000322,"circlet_count":0,"master_deck":["AscendersBane","Strike_R","Strike_R","Strike_R","Strike_R","Defend_R","Defend_R","Defend_R","Defend_R","Bash","Combust+1","Shrug It Off","Spot Weakness+1","Feel No Pain"],"special_seed":0,"relics":["Burning Blood","StoneCalendar","Torii","Darkstone Periapt","PreservedInsect"],"potions_floor_usage":[7,12,16],"damage_taken":[{"damage":15.0,"enemies":"Small Slimes","floor":1.0,"turns":5.0},{"damage":1.0,"enemies":"Cultist","floor":3.0,"turns":3.0},{"damage":8.0,"enemies":"Jaw Worm","floor":5.0,"turns":5.0},{"damage":57,"enemies":"Lagavulin","floor":7,"turns":6},{"damage":16,"enemies":"3 Sentries","floor":11,"turns":5},{"damage":14,"enemies":"Exordium Thugs","floor":12,"turns":4},{"damage":37,"enemies":"The Guardian","floor":16,"turns":10}],"seed_played":"5561187727839711275","potions_obtained":[{"floor":3.0,"key":"Ancient Potion"},{"floor":4.0,"key":"LiquidBronze"},{"floor":7,"key":"SmokeBomb"},{"floor":11,"key":"AttackPotion"},{"floor":12,"key":"Block Potion"}],"is_trial":false,"path_per_floor":["M","$","M","?","M","R","E","R","T","R","E","M","?","$","R","B"],"character_chosen":"IRONCLAD","items_purchased":["Combust","PreservedInsect"],"campfire_rested":2,"item_purchase_floors":[2,14],"current_hp_per_floor":[59,59,64,64,62,62,11,33,33,55,45,37,37,37,37,0],"gold":1,"neow_bonus":"HUNDRED_GOLD","is_prod":false,"is_daily":false,"chose_seed":false,"campfire_upgraded":2,"win_rate":0,"timestamp":1561346639,"path_taken":["M","$","M","?","?","R","E","R","T","R","E","M","?","$","R","BOSS"],"build_version":"2019-06-21","purchased_purges":1,"victory":false,"max_hp_per_floor":[75,75,75,75,75,75,75,75,75,75,75,75,75,75,75,75],"card_choices":[{"not_picked":["Iron Wave","True Grit","Sword Boomerang"],"picked":"SKIP","floor":1.0},{"not_picked":["Pummel","Cleave"],"picked":"Shrug It Off","floor":3.0},{"not_picked":["Reckless Charge","Sentinel"],"picked":"Spot Weakness","floor":5.0},{"not_picked":["Spot Weakness","Searing Blow","Clash"],"picked":"SKIP","floor":7},{"not_picked":["Warcry","Wild Strike"],"picked":"Feel No Pain","floor":11},{"not_picked":["Flex","Dropkick","Iron Wave"],"picked":"SKIP","floor":12}],"player_experience":2564271,"relics_obtained":[{"floor":7,"key":"StoneCalendar"},{"floor":9,"key":"Torii"},{"floor":11,"key":"Darkstone Periapt"}],"event_choices":[{"damage_healed":0.0,"max_hp_gain":0.0,"max_hp_loss":0.0,"gold_gain":0.0,"event_name":"Lab","player_choice":"Got Potions","floor":4.0,"gold_loss":0.0,"damage_taken":0.0},{"damage_healed":0,"gold_gain":0,"player_choice":"Leave","damage_taken":0,"max_hp_gain":0,"max_hp_loss":0,"event_name":"The Cleric","floor":13,"gold_loss":0}],"is_beta":true,"boss_relics":[],"items_purged_floors":[2],"is_endless":false,"potions_floor_spawned":[3,7,11,12],"killed_by":"The Guardian","ascension_level":15}