{"gold_per_floor":[112,132,11,28,48,48,68,68,116,150,167,167,167,167,167,268,268,280,280,24,43,43,43,60,60,60,60,74,101,1,18,18,118,168,184,184,201,5,17,17,30,55,78,28,59,0,0,12,12,12],"floor_reached":51,"playtime":4571,"items_purged":["Strike_G","Strike_G","Well Laid Plans","Strike_G","Strike_G"],"score":800,"play_id":"fce3702e-6f38-41eb-bf64-8771cd3ad12b","local_time":"20190114230956","is_ascension_mode":true,"campfire_choices":[{"data":"Neutralize","floor":6,"key":"SMITH"},{"data":"Footwork","floor":8,"key":"SMITH"},{"data":"PiercingWail","floor":12,"key":"SMITH"},{"floor":15,"key":"REST"},{"data":"PiercingWail","floor":23,"key":"SMITH"},{"data":"Poisoned Stab","floor":25,"key":"SMITH"},{"data":"Catalyst","floor":27,"key":"SMITH"},{"data":"Flechettes","floor":32,"key":"SMITH"},{"data":"Night Terror","floor":40,"key":"SMITH"},{"floor":49,"key":"REST"}],"neow_cost":"NONE","seed_source_timestamp":38612449842200,"circlet_count":0,"master_deck":["Defend_G+1","Defend_G+1","Defend_G","Defend_G+1","Strike_G+1","Survivor","Neutralize+1","PiercingWail+1","Flying Knee","Catalyst+1","Dodge and Roll","Footwork+1","Cloak And Dagger","Flechettes+1","Bullet Time+1","PiercingWail+1","Deadly Poison","Poisoned Stab+1","Venomology","Poisoned Stab","Dash+1","Night Terror+1","Leg Sweep","Prepared+1","Panacea","Panacea","Sadistic Nature","Noxious Fumes+1","Blur","Backflip+1","Flechettes+1","Outmaneuver+1"],"relics":["Ring of the Snake","Smiling Mask","Snake Skull","Bottled Tornado","Runic Pyramid","Sling","War Paint","Lantern","Tiny House","Bronze Scales","Oddly Smooth Stone","PreservedInsect","Red Mask"],"potions_floor_usage":[10,10,16,29,31,33,35,42,48,50,50,50,50],"damage_taken":[{"damage":0,"enemies":"Jaw Worm","floor":1,"turns":7},{"damage":0,"enemies":"2 Louse","floor":2,"turns":4},{"damage":0,"enemies":"Small Slimes","floor":4,"turns":5},{"damage":0,"enemies":"3 Louse","floor":5,"turns":4},{"damage":0,"enemies":"Exordium Wildlife","floor":7,"turns":7},{"damage":28,"enemies":"Gremlin Nob","floor":10,"turns":7},{"damage":0,"enemies":"Lots of Slimes","floor":11,"turns":6},{"damage":13,"enemies":"The Guardian","floor":16,"turns":19},{"damage":2,"enemies":"3 Byrds","floor":18,"turns":8},{"damage":5,"enemies":"Colosseum Slavers","floor":19,"turns":8},{"damage":3,"enemies":"Spheric Guardian","floor":21,"turns":8},{"damage":0,"enemies":"Snake Plant","floor":24,"turns":5},{"damage":4,"enemies":"Sentry and Sphere","floor":28,"turns":6},{"damage":0,"enemies":"Book of Stabbing","floor":29,"turns":4},{"damage":0,"enemies":"Centurion and Healer","floor":31,"turns":6},{"damage":4,"enemies":"Champ","floor":33,"turns":11},{"damage":6,"enemies":"3 Darklings","floor":35,"turns":6},{"damage":0,"enemies":"3 Shapes","floor":37,"turns":8},{"damage":0,"enemies":"Spire Growth","floor":39,"turns":4},{"damage":0,"enemies":"Maw","floor":41,"turns":8},{"damage":12,"enemies":"Reptomancer","floor":42,"turns":6},{"damage":1,"enemies":"Giant Head","floor":45,"turns":7},{"damage":0,"enemies":"Writhing Mass","floor":48,"turns":7},{"damage":33,"enemies":"Time Eater","floor":50,"turns":11}],"seed_played":"1931827201931266598","potions_obtained":[{"floor":4,"key":"Poison Potion"},{"floor":7,"key":"SpeedPotion"},{"floor":10,"key":"GamblersBrew"},{"floor":16,"key":"Weak Potion"},{"floor":24,"key":"Dexterity Potion"},{"floor":28,"key":"Explosive Potion"},{"floor":48,"key":"SkillPotion"}],"is_trial":false,"path_per_floor":["M","M","$","M","M","R","M","R","T","E","M","R","?","?","R","B",null,"M","?","$","M","?","R","M","R","T","R","M","E","$","M","R","B",null,"M","?","M","$","M","R","M","E","T","$","E","?","$","M","R","B",null],"character_chosen":"THE_SILENT","items_purchased":["Well Laid Plans","Sling","Poisoned Stab","Blur","GhostInAJar"],"campfire_rested":2,"item_purchase_floors":[3,20,30,38,38],"current_hp_per_floor":[70,70,70,70,70,70,70,70,70,42,42,42,42,28,49,36,70,68,63,63,60,60,60,60,60,60,60,56,56,56,56,56,52,75,69,59,59,59,59,59,59,47,47,47,46,46,46,46,68,35],"gold":12,"neow_bonus":"RANDOM_COMMON_RELIC","is_prod":false,"is_daily":false,"chose_seed":false,"campfire_upgraded":8,"win_rate":0,"timestamp":1547503796,"path_taken":["M","M","$","M","M","R","M","R","T","E","M","R","?","?","R","BOSS","M","?","$","M","?","R","M","R","T","R","?","E","$","M","R","BOSS","M","?","M","$","M","R","M","E","T","$","E","?","?","M","R","BOSS"],"build_version":"2019-01-10","purchased_purges":5,"victory":true,"max_hp_per_floor":[70,70,70,70,70,70,70,70,70,70,70,70,70,70,70,70,70,70,70,70,70,70,70,70,70,70,70,70,70,70,70,70,70,75,75,75,75,75,75,75,75,75,75,75,75,75,75,75,75,75],"card_choices":[{"not_picked":["Underhanded Strike","Slice"],"picked":"PiercingWail","floor":1},{"not_picked":["Acrobatics","Bane"],"picked":"Flying Knee","floor":2},{"not_picked":["Dodge and Roll","Deadly Poison"],"picked":"Catalyst","floor":4},{"not_picked":["Prepared","Dagger Spray"],"picked":"Dodge and Roll","floor":5},{"not_picked":["Storm of Steel","Flechettes"],"picked":"Footwork","floor":7},{"not_picked":["Reflex","Expertise"],"picked":"Cloak And Dagger","floor":10},{"not_picked":["Choke","Prepared"],"picked":"Flechettes","floor":11},{"not_picked":["Grand Finale","A Thousand Cuts"],"picked":"Bullet Time","floor":16},{"not_picked":["Dagger Spray","Outmaneuver"],"picked":"PiercingWail","floor":18},{"not_picked":["Eviscerate","Flying Knee"],"picked":"Deadly Poison","floor":21},{"not_picked":["Slice","Backflip"],"picked":"Poisoned Stab","floor":24},{"not_picked":["Quick Slash","Sucker Punch"],"picked":"Venomology","floor":28},{"not_picked":["Reflex","Cloak And Dagger+1","Terror"],"picked":"SKIP","floor":29},{"not_picked":["Dagger Spray","Prepared"],"picked":"Dash+1","floor":31},{"not_picked":["After Image","Unload"],"picked":"Night Terror","floor":33},{"not_picked":["Quick Slash","Blade Dance"],"picked":"Leg Sweep","floor":34},{"not_picked":["Deflect","Predator+1"],"picked":"Prepared+1","floor":35},{"not_picked":["Deep Breath","Enlightenment"],"picked":"Panacea","floor":36},{"not_picked":["Swift Strike","The Bomb"],"picked":"Panacea","floor":36},{"not_picked":["Forethought","Good Instincts"],"picked":"Sadistic Nature","floor":36},{"not_picked":["Catalyst+1","Reflex+1"],"picked":"Noxious Fumes+1","floor":37},{"not_picked":["PiercingWail+1","Bane+1"],"picked":"Backflip+1","floor":39},{"not_picked":["Prepared+1","Setup","Bane"],"picked":"SKIP","floor":41},{"not_picked":["Expertise","Dagger Spray"],"picked":"Flechettes+1","floor":42},{"not_picked":["Underhanded Strike+1","Blade Dance+1"],"picked":"Outmaneuver+1","floor":45},{"not_picked":["Reflex","Backstab+1","Bane+1"],"picked":"SKIP","floor":48}],"player_experience":166153,"relics_obtained":[{"floor":9,"key":"Snake Skull"},{"floor":10,"key":"Bottled Tornado"},{"floor":26,"key":"War Paint"},{"floor":29,"key":"Lantern"},{"floor":42,"key":"Bronze Scales"},{"floor":43,"key":"Oddly Smooth Stone"},{"floor":45,"key":"PreservedInsect"}],"event_choices":[{"cards_removed":["Defend_G"],"damage_healed":0,"gold_gain":0,"player_choice":"Forget","damage_taken":0,"max_hp_gain":0,"max_hp_loss":0,"event_name":"Living Wall","floor":13,"gold_loss":0},{"damage_healed":0,"gold_gain":0,"player_choice":"Entered Light","damage_taken":14,"max_hp_gain":0,"max_hp_loss":0,"event_name":"Shining Light","floor":14,"gold_loss":0,"cards_upgraded":["Defend_G","Strike_G"]},{"damage_healed":0,"gold_gain":0,"player_choice":"Fight","damage_taken":0,"max_hp_gain":0,"max_hp_loss":0,"event_name":"Colosseum","floor":19,"gold_loss":0},{"damage_healed":0,"gold_gain":0,"player_choice":"Fled From Nobs","damage_taken":0,"max_hp_gain":0,"max_hp_loss":0,"event_name":"Colosseum","floor":19,"gold_loss":0},{"damage_healed":0,"gold_gain":0,"player_choice":"Ignored","damage_taken":0,"max_hp_gain":0,"max_hp_loss":0,"event_name":"Vampires","floor":22,"gold_loss":0},{"damage_healed":0,"gold_gain":0,"player_choice":"Memory 3","damage_taken":10,"max_hp_gain":0,"max_hp_loss":0,"event_name":"SensoryStone","floor":36,"gold_loss":0},{"damage_healed":0,"gold_gain":0,"player_choice":"Paid","damage_taken":0,"relics_obtained":["Red Mask"],"max_hp_gain":0,"max_hp_loss":0,"event_name":"Tomb of Lord Red Mask","floor":46,"gold_loss":59}],"is_beta":false,"boss_relics":[{"not_picked":["Pandora\u0027s Box","Eternal Feather"],"picked":"Runic Pyramid"},{"not_picked":["White Beast Statue","Snecko Eye"],"picked":"Tiny House"}],"items_purged_floors":[3,20,30,38,44],"is_endless":false,"potions_floor_spawned":[4,7,10,16,24,28,29,33,37,39,41,48],"ascension_level":2}