{"gold_per_floor":[112,112,65,75,86,86,86,86,86,86,105,105,133,87,87,184,184,198,209,209,259,189,189,208,222,294,304,321,341,341],"floor_reached":30,"playtime":3632,"items_purged":[],"score":232,"play_id":"87206859-8ed1-4530-8a2e-1c8114533b65","local_time":"20190823143052","is_ascension_mode":false,"campfire_choices":[{"data":"Thunderclap","floor":6,"key":"SMITH"},{"data":"Flame Barrier","floor":8,"key":"SMITH"},{"floor":15,"key":"REST"},{"floor":23,"key":"REST"}],"neow_cost":"","seed_source_timestamp":330418839522700,"circlet_count":0,"master_deck":["Strike_R","Strike_R","Strike_R","Defend_R","Defend_R","Defend_R","Bash","Armaments","Thunderclap+1","Flame Barrier+1","Carnage","Ghostly Armor+1","Cleave","Barricade","Whirlwind+1","Sever Soul+1","Anger+1","Dropkick+1","Battle Trance+1","Pummel","Headbutt","Uppercut+1","Inflame","Feed","Headbutt"],"relics":["Burning Blood","Boot","Kunai","Paper Frog","Astrolabe","Bag of Preparation","Question Card"],"potions_floor_usage":[],"damage_taken":[{"damage":10,"enemies":"Jaw Worm","floor":1,"turns":4},{"damage":0,"enemies":"2 Louse","floor":4,"turns":3},{"damage":0,"enemies":"Small Slimes","floor":5,"turns":3},{"damage":2,"enemies":"3 Louse","floor":11,"turns":1},{"damage":19,"enemies":"Gremlin Nob","floor":13,"turns":5},{"damage":35,"enemies":"The Guardian","floor":16,"turns":15},{"damage":31,"enemies":"Shell Parasite","floor":18,"turns":8},{"damage":26,"enemies":"Spheric Guardian","floor":19,"turns":5},{"damage":5,"enemies":"Snake Plant","floor":24,"turns":4},{"damage":0,"enemies":"Centurion and Healer","floor":25,"turns":4},{"damage":11,"enemies":"Cultist and Chosen","floor":27,"turns":5},{"damage":31,"enemies":"Shelled Parasite and Fungi","floor":28,"turns":5},{"damage":9,"enemies":"Snecko","floor":29,"turns":3},{"damage":40,"enemies":"Sentry and Sphere","floor":30,"turns":4}],"seed_played":"-5995133821766313909","potions_obtained":[{"floor":1,"key":"FearPotion"},{"floor":16,"key":"AttackPotion"},{"floor":19,"key":"Block Potion"},{"floor":28,"key":"Dexterity Potion"}],"is_trial":false,"path_per_floor":["M","?","$","M","M","R","?","R","T","?","M","?","E","?","R","B",null,"M","M","?","?","$","R","M","M","T","M","M","M","M"],"character_chosen":"IRONCLAD","items_purchased":["Thunderclap","Pummel"],"campfire_rested":2,"item_purchase_floors":[3,22],"current_hp_per_floor":[76,64,64,70,76,76,76,76,76,81,85,68,55,55,80,51,85,60,40,40,40,40,65,66,72,72,67,42,39,0],"gold":341,"neow_bonus":"","is_prod":false,"is_daily":false,"chose_seed":false,"campfire_upgraded":2,"win_rate":0.0,"timestamp":1566585052,"path_taken":["M","?","?","M","M","R","?","R","T","?","?","?","E","?","R","BOSS","M","M","?","?","$","R","?","M","T","M","M","M","M"],"build_version":"2019-07-17","purchased_purges":0,"victory":false,"max_hp_per_floor":[80,80,80,80,80,80,80,80,80,85,85,85,85,85,85,85,85,85,85,85,85,85,85,85,85,85,85,85,85,85],"card_choices":[{"not_picked":["Entrench","Flex"],"picked":"Armaments","floor":1},{"not_picked":["True Grit","Bloodletting"],"picked":"Flame Barrier","floor":4},{"not_picked":["Thunderclap","Armaments"],"picked":"Carnage","floor":5},{"not_picked":["Shockwave","Body Slam"],"picked":"Ghostly Armor","floor":11},{"not_picked":["Pommel Strike","Body Slam"],"picked":"Cleave","floor":13},{"not_picked":["Brutality","Double Tap"],"picked":"Barricade","floor":16},{"not_picked":["Warcry","Iron Wave"],"picked":"Dropkick+1","floor":18},{"not_picked":["Body Slam+1","Cleave+1"],"picked":"Battle Trance+1","floor":19},{"not_picked":["Ghostly Armor","Clash"],"picked":"Headbutt","floor":24},{"not_picked":["Body Slam+1","Headbutt"],"picked":"Uppercut+1","floor":25},{"not_picked":["Bloodletting","Blood for Blood","Flex+1"],"picked":"Inflame","floor":27},{"not_picked":["Hemokinesis","Sword Boomerang","Perfected Strike"],"picked":"Feed","floor":28},{"not_picked":["Burning Pact","Clothesline","Uppercut"],"picked":"Headbutt","floor":29}],"player_experience":0,"relics_obtained":[{"floor":9,"key":"Kunai"},{"floor":13,"key":"Paper Frog"},{"floor":26,"key":"Question Card"}],"event_choices":[{"damage_healed":0,"gold_gain":0,"player_choice":"Success","damage_taken":12,"relics_obtained":["Boot"],"max_hp_gain":0,"max_hp_loss":0,"event_name":"Scrap Ooze","floor":2,"gold_loss":0},{"damage_healed":0,"gold_gain":0,"player_choice":"Ignored","damage_taken":0,"max_hp_gain":0,"max_hp_loss":0,"event_name":"Golden Idol","floor":7,"gold_loss":0},{"damage_healed":0,"gold_gain":0,"player_choice":"Donut","damage_taken":0,"max_hp_gain":5,"max_hp_loss":0,"event_name":"Big Fish","floor":10,"gold_loss":0},{"damage_healed":0,"gold_gain":0,"player_choice":"Entered Light","damage_taken":17,"max_hp_gain":0,"max_hp_loss":0,"event_name":"Shining Light","floor":12,"gold_loss":0,"cards_upgraded":["Ghostly Armor","Strike_R"]},{"damage_healed":0,"gold_gain":0,"player_choice":"Left Gold","damage_taken":0,"max_hp_gain":0,"max_hp_loss":0,"event_name":"World of Goop","floor":14,"gold_loss":46},{"damage_healed":0,"gold_gain":0,"player_choice":"Opened","damage_taken":0,"relics_obtained":["Bag of Preparation"],"max_hp_gain":0,"max_hp_loss":0,"event_name":"The Mausoleum","floor":20,"gold_loss":0},{"damage_healed":0,"gold_gain":100,"player_choice":"Bet on Murderer","damage_taken":0,"max_hp_gain":0,"max_hp_loss":0,"event_name":"The Joust","floor":21,"gold_loss":50}],"is_beta":false,"boss_relics":[{"not_picked":["Runic Cube","Tiny House"],"picked":"Astrolabe"}],"items_purged_floors":[],"is_endless":false,"potions_floor_spawned":[1,16,19,28],"killed_by":"Sentry and Sphere","ascension_level":0}