{"gold_per_floor":[10,10,24,43,43,43,43,371,371,400,325,325,344,359,359,436,436,448,15,15,27,27,27,59,72,72,72,99,99,99,149,149,226,226,241,261,361,409,459,459],"floor_reached":40,"playtime":1372,"items_purged":["Strike_R","Strike_R"],"score":753,"play_id":"7d4f6860-2623-433f-88ad-bbab93066628","local_time":"20190622190152","is_ascension_mode":true,"campfire_choices":[{"data":"Inflame","floor":6,"key":"SMITH"},{"data":"Sword Boomerang","floor":12,"key":"SMITH"},{"data":"True Grit","floor":15,"key":"SMITH"},{"data":"Whirlwind","floor":23,"key":"SMITH"},{"data":"Flame Barrier","floor":27,"key":"SMITH"},{"data":"Battle Trance","floor":29,"key":"SMITH"},{"data":"Shockwave","floor":32,"key":"SMITH"}],"neow_cost":"NO_GOLD","seed_source_timestamp":773613872155982,"circlet_count":0,"master_deck":["AscendersBane","Defend_R+1","Defend_R+1","Defend_R+1","Bash","Inflame+1","Sword Boomerang+1","Feel No Pain","Spot Weakness","Pommel Strike","True Grit+1","Double Tap","True Grit+1","Whirlwind+1","Shockwave+1","Sword Boomerang+1","Battle Trance+1","Flame Barrier+1","Shrug It Off","Offering","Dropkick+1","Hemokinesis+1","Sentinel+1","Metallicize+1"],"relics":["Burning Blood","Magic Flower","Old Coin","Champion Belt","Orichalcum","Mark of Pain","Medical Kit","Bottled Tornado","Shuriken","Bottled Lightning","Astrolabe","Peace Pipe","Nunchaku"],"potions_floor_usage":[10,24,24,33,40,40],"damage_taken":[{"damage":6,"enemies":"Cultist","floor":1,"turns":3},{"damage":3,"enemies":"Jaw Worm","floor":3,"turns":4},{"damage":2,"enemies":"2 Louse","floor":4,"turns":3},{"damage":13,"enemies":"3 Sentries","floor":8,"turns":9},{"damage":18,"enemies":"Gremlin Nob","floor":10,"turns":4},{"damage":5,"enemies":"Looter","floor":13,"turns":2},{"damage":12,"enemies":"Large Slime","floor":14,"turns":4},{"damage":30,"enemies":"Hexaghost","floor":16,"turns":7},{"damage":6,"enemies":"Chosen","floor":18,"turns":3},{"damage":18,"enemies":"Spheric Guardian","floor":21,"turns":4},{"damage":31,"enemies":"Slavers","floor":24,"turns":8},{"damage":5,"enemies":"Centurion and Healer","floor":25,"turns":5},{"damage":12,"enemies":"Gremlin Leader","floor":28,"turns":5},{"damage":41,"enemies":"Champ","floor":33,"turns":12},{"damage":15,"enemies":"3 Shapes","floor":35,"turns":4},{"damage":8,"enemies":"Orb Walker","floor":36,"turns":1},{"damage":17,"enemies":"Mind Bloom Boss Battle","floor":37,"turns":5},{"damage":35,"enemies":"2 Orb Walkers","floor":38,"turns":3},{"damage":34,"enemies":"Reptomancer","floor":40,"turns":4}],"seed_played":"5243063529263787328","potions_obtained":[{"floor":1,"key":"SpeedPotion"},{"floor":2,"key":"AttackPotion"},{"floor":2,"key":"EntropicBrew"},{"floor":10,"key":"PowerPotion"},{"floor":21,"key":"BloodPotion"},{"floor":25,"key":"Fire Potion"},{"floor":33,"key":"Strength Potion"},{"floor":35,"key":"SteroidPotion"}],"is_trial":false,"path_per_floor":["M","?","M","M","?","R","?","E","T","E","$","R","M","M","R","B",null,"M","$","?","M","?","R","E","M","T","R","E","R","?","?","R","B",null,"M","M","?","?","?","E"],"character_chosen":"IRONCLAD","items_purchased":["Medical Kit","Whirlwind","Shockwave"],"campfire_rested":0,"item_purchase_floors":[19,19,19],"current_hp_per_floor":[71,71,75,75,75,75,80,76,76,67,67,67,71,68,68,47,72,75,75,52,43,43,43,53,57,57,57,54,54,54,54,54,22,69,63,64,56,30,30,0],"gold":459,"neow_bonus":"ONE_RARE_RELIC","is_prod":false,"is_daily":false,"chose_seed":false,"campfire_upgraded":7,"win_rate":0,"timestamp":1561244512,"path_taken":["M","?","M","?","?","R","?","E","T","E","$","R","M","M","R","BOSS","M","$","?","M","?","R","E","M","T","R","E","R","?","?","R","BOSS","M","M","?","?","?","E"],"build_version":"2019-06-21","purchased_purges":2,"victory":false,"max_hp_per_floor":[75,75,75,75,75,75,80,80,80,80,80,80,80,80,80,80,80,80,80,85,85,85,85,85,85,85,85,85,85,85,85,85,85,85,85,85,85,85,85,85],"card_choices":[{"not_picked":["Headbutt","Pommel Strike"],"picked":"Inflame","floor":1},{"not_picked":["Clothesline","Metallicize"],"picked":"Sword Boomerang","floor":3},{"not_picked":["Pommel Strike","Headbutt"],"picked":"Feel No Pain","floor":4},{"not_picked":["Burning Pact","Flex"],"picked":"Spot Weakness","floor":8},{"not_picked":["Rupture","Carnage","Perfected Strike"],"picked":"SKIP","floor":10},{"not_picked":["Havoc","Seeing Red"],"picked":"Pommel Strike","floor":13},{"not_picked":["Cleave","Entrench"],"picked":"True Grit","floor":14},{"not_picked":["Brutality","Barricade"],"picked":"Double Tap","floor":16},{"not_picked":["Sword Boomerang","Body Slam"],"picked":"True Grit+1","floor":18},{"not_picked":["Havoc+1","Anger"],"picked":"Sword Boomerang+1","floor":21},{"not_picked":["Wild Strike","Metallicize"],"picked":"Battle Trance","floor":24},{"not_picked":["Inflame","Havoc"],"picked":"Flame Barrier","floor":25},{"not_picked":["Shockwave","Cleave"],"picked":"Shrug It Off","floor":28},{"not_picked":["Exhume","Brutality"],"picked":"Offering","floor":33},{"not_picked":["Cleave","Armaments"],"picked":"Metallicize+1","floor":35},{"not_picked":["Combust","Spot Weakness","Body Slam"],"picked":"SKIP","floor":36}],"player_experience":2558554,"relics_obtained":[{"floor":8,"key":"Old Coin"},{"floor":9,"key":"Champion Belt"},{"floor":10,"key":"Orichalcum"},{"floor":24,"key":"Bottled Tornado"},{"floor":26,"key":"Shuriken"},{"floor":28,"key":"Bottled Lightning"},{"floor":37,"key":"Peace Pipe"},{"floor":38,"key":"Nunchaku"}],"event_choices":[{"damage_healed":0,"gold_gain":0,"player_choice":"Got Potions","damage_taken":0,"max_hp_gain":0,"max_hp_loss":0,"event_name":"Lab","floor":2,"gold_loss":0},{"cards_removed":["Strike_R"],"damage_healed":0,"gold_gain":0,"player_choice":"Forget","damage_taken":0,"max_hp_gain":0,"max_hp_loss":0,"event_name":"Living Wall","floor":5,"gold_loss":0},{"damage_healed":0,"gold_gain":0,"player_choice":"Donut","damage_taken":0,"max_hp_gain":5,"max_hp_loss":0,"event_name":"Big Fish","floor":7,"gold_loss":0},{"damage_healed":0,"gold_gain":0,"player_choice":"Shed Blood","damage_taken":28,"max_hp_gain":5,"max_hp_loss":0,"event_name":"Forgotten Altar","floor":20,"gold_loss":0},{"damage_healed":0,"gold_gain":0,"player_choice":"Simplicity","damage_taken":0,"max_hp_gain":0,"max_hp_loss":0,"event_name":"Back to Basics","floor":22,"gold_loss":0,"cards_upgraded":["Strike_R","Strike_R","Defend_R","Defend_R","Defend_R","Defend_R"]},{"damage_healed":0,"gold_gain":0,"player_choice":"Ignored","damage_taken":0,"max_hp_gain":0,"max_hp_loss":0,"event_name":"Ghosts","floor":30,"gold_loss":0},{"damage_healed":0,"gold_gain":50,"player_choice":"Stole From Cult","damage_taken":0,"max_hp_gain":0,"max_hp_loss":0,"event_name":"Nest","floor":31,"gold_loss":0},{"damage_healed":0,"gold_gain":0,"player_choice":"Fight","damage_taken":0,"max_hp_gain":0,"max_hp_loss":0,"event_name":"MindBloom","floor":37,"gold_loss":0},{"damage_healed":0,"gold_gain":0,"player_choice":"Fight","damage_taken":0,"max_hp_gain":0,"max_hp_loss":0,"event_name":"Mysterious Sphere","floor":38,"gold_loss":0},{"damage_healed":0,"gold_gain":50,"player_choice":"Pray","damage_taken":0,"max_hp_gain":0,"max_hp_loss":0,"event_name":"Golden Shrine","floor":39,"gold_loss":0}],"is_beta":true,"boss_relics":[{"not_picked":["Eternal Feather","White Beast Statue"],"picked":"Mark of Pain"},{"not_picked":["Runic Dome","Philosopher\u0027s Stone"],"picked":"Astrolabe"}],"items_purged_floors":[11,19],"is_endless":false,"potions_floor_spawned":[1,10,16,21,25,33,35,36],"killed_by":"Reptomancer","ascension_level":15}