{"gold_per_floor":[20,39,55,73,85,85,104,114,187,215,232,262,31,42,42,146,146,160,20,20,20,33,63,80,80,80,80],"floor_reached":27,"playtime":2044,"items_purged":["Defend_B","Defend_B"],"score":249,"play_id":"9dac6e1e-edb7-4c39-b549-2f40adad433a","local_time":"20190404212156","is_ascension_mode":false,"campfire_choices":[{"floor":6,"key":"REST"},{"data":"Creative AI","floor":15,"key":"SMITH"},{"floor":25,"key":"REST"}],"neow_cost":"NO_GOLD","seed_source_timestamp":378106371610600,"circlet_count":0,"master_deck":["Strike_B","Strike_B+1","Strike_B+1","Strike_B","Defend_B","Defend_B","Zap","Dualcast","Chrysalis","Finesse","Auto Shields","Genetic Algorithm","Defragment","Go for the Eyes","Steam","Conserve Battery","Leap","Chaos","Creative AI+1","Echo Form","Defragment","Lockon","Undo","Machine Learning","Sunder","Force Field","Conserve Battery","Fission","Heatsinks"],"relics":["Cracked Core","Meat on the Bone","Whetstone","Bottled Tornado","Inserter","Unceasing Top"],"potions_floor_usage":[12,12,23,23],"damage_taken":[{"damage":0,"enemies":"Cultist","floor":1,"turns":4},{"damage":1,"enemies":"Jaw Worm","floor":2,"turns":4},{"damage":0,"enemies":"2 Louse","floor":3,"turns":2},{"damage":27,"enemies":"Exordium Thugs","floor":4,"turns":7},{"damage":17,"enemies":"Looter","floor":5,"turns":4},{"damage":1,"enemies":"Large Slime","floor":7,"turns":7},{"damage":0,"enemies":"3 Louse","floor":8,"turns":3},{"damage":4,"enemies":"3 Sentries","floor":10,"turns":14},{"damage":0,"enemies":"Exordium Thugs","floor":11,"turns":6},{"damage":22,"enemies":"Gremlin Nob","floor":12,"turns":5},{"damage":15,"enemies":"Exordium Wildlife","floor":14,"turns":6},{"damage":1,"enemies":"Hexaghost","floor":16,"turns":8},{"damage":0,"enemies":"Chosen","floor":18,"turns":8},{"damage":7,"enemies":"2 Thieves","floor":22,"turns":5},{"damage":49,"enemies":"Gremlin Leader","floor":23,"turns":9},{"damage":26,"enemies":"Sentry and Sphere","floor":24,"turns":10},{"damage":41,"enemies":"Snake Plant","floor":27,"turns":5}],"seed_played":"4365916057237080866","potions_obtained":[{"floor":1,"key":"SkillPotion"},{"floor":4,"key":"LiquidBronze"},{"floor":5,"key":"Explosive Potion"},{"floor":11,"key":"Poison Potion"},{"floor":16,"key":"GamblersBrew"},{"floor":24,"key":"Weak Potion"}],"is_trial":false,"path_per_floor":["M","M","M","M","M","R","M","M","T","E","M","E","$","M","R","B",null,"M","$","?","?","M","E","M","R","T","M"],"character_chosen":"DEFECT","items_purchased":["Defragment","Block Potion","Lockon","Force Field"],"campfire_rested":2,"item_purchase_floors":[13,13,13,19],"current_hp_per_floor":[75,74,74,47,30,52,51,51,51,47,47,37,37,34,34,45,75,75,75,75,75,68,31,17,39,39,0],"gold":80,"neow_bonus":"RANDOM_COLORLESS_2","is_prod":false,"is_daily":false,"chose_seed":false,"campfire_upgraded":1,"win_rate":0,"timestamp":1554405716,"path_taken":["M","M","M","?","M","R","M","M","T","E","M","E","$","M","R","BOSS","M","$","?","?","M","E","M","R","T","M"],"build_version":"2019-01-23","purchased_purges":2,"victory":false,"max_hp_per_floor":[75,75,75,75,75,75,75,75,75,75,75,75,75,75,75,75,75,75,75,75,75,75,75,75,75,75,75],"card_choices":[{"not_picked":["Go for the Eyes","Hologram"],"picked":"Auto Shields","floor":1},{"not_picked":["Sweeping Beam","Compile Driver"],"picked":"Genetic Algorithm","floor":2},{"not_picked":["Go for the Eyes","Consume"],"picked":"Defragment","floor":3},{"not_picked":["Sweeping Beam","Hologram"],"picked":"Go for the Eyes","floor":4},{"not_picked":["Ball Lightning","Gash"],"picked":"Steam","floor":5},{"not_picked":["Skim","Go for the Eyes"],"picked":"Conserve Battery","floor":7},{"not_picked":["Barrage","Turbo"],"picked":"Leap","floor":8},{"not_picked":["Reinforced Body","Cold Snap"],"picked":"Chaos","floor":10},{"not_picked":["Skim","Coolheaded"],"picked":"Creative AI","floor":11},{"not_picked":["Redo","Leap"],"picked":"Echo Form","floor":12},{"not_picked":["Auto Shields","FTL"],"picked":"Undo","floor":14},{"not_picked":["Rainbow","Creative AI"],"picked":"Machine Learning","floor":16},{"not_picked":["Static Discharge","Hologram"],"picked":"Sunder","floor":18},{"not_picked":["Compile Driver","FTL"],"picked":"Conserve Battery","floor":22},{"not_picked":["Turbo","Beam Cell+1"],"picked":"Fission","floor":23},{"not_picked":["Genetic Algorithm","Lockon"],"picked":"Heatsinks","floor":24}],"player_experience":281346,"relics_obtained":[{"floor":9,"key":"Meat on the Bone"},{"floor":10,"key":"Whetstone"},{"floor":12,"key":"Bottled Tornado"},{"floor":23,"key":"Unceasing Top"}],"event_choices":[{"damage_healed":0,"gold_gain":0,"player_choice":"Ignored","damage_taken":0,"max_hp_gain":0,"max_hp_loss":0,"event_name":"Vampires","floor":20,"gold_loss":0}],"is_beta":false,"boss_relics":[{"not_picked":["Black Star","Astrolabe"],"picked":"Inserter"}],"items_purged_floors":[13,19],"is_endless":false,"potions_floor_spawned":[1,4,5,10,11,16,24],"killed_by":"Snake Plant","ascension_level":0}