{"gold_per_floor":[109,34,109,159,173,199,199,226,253,286,286,6,6,18,18,97,97,112,132,82,7,24,58,71,71,71,21,36,71,71,82,82,153,153,172,188,1187,1187,342,342,362,387,453,465,477,489,518,556,568,580,592,604,57,92,92],"floor_reached":55,"playtime":2492,"items_purged":["Strike_R","Strike_R","Regret","Normality","Defend_R"],"score":1354,"play_id":"7386cf06-0e42-413d-92a9-6cd8e0629ada","local_time":"20190805233653","is_ascension_mode":true,"campfire_choices":[{"floor":7.0,"key":"REST"},{"floor":11.0,"key":"DIG"},{"floor":13.0,"key":"DIG"},{"floor":15.0,"key":"DIG"},{"floor":25.0,"key":"DIG"},{"floor":30,"key":"DIG"},{"floor":32,"key":"DIG"},{"floor":40,"key":"DIG"},{"floor":44,"key":"DIG"},{"floor":46,"key":"DIG"},{"floor":49,"key":"RECALL"},{"floor":52,"key":"DIG"}],"neow_cost":"NONE","seed_source_timestamp":2264657612781603,"circlet_count":0,"master_deck":["AscendersBane","Strike_R","Defend_R","Defend_R","Defend_R","Bash+1","Sword Boomerang","Clothesline","Sword Boomerang","Shockwave","Battle Trance","Limit Break","Flex","Metallicize","Armaments","Blood for Blood","Fiend Fire","Infernal Blade+1","Armaments+1","Corruption","Impervious","Reaper","Shrug It Off+1","Headbutt","Shrug It Off"],"special_seed":0,"relics":["Burning Blood","Orichalcum","Red Skull","Smiling Mask","Shovel","Gambling Chip","Lee\u0027s Waffle","Bag of Marbles","Oddly Smooth Stone","Cursed Key","Bag of Preparation","Bronze Scales","Matryoshka","Kunai","Happy Flower","Bottled Flame","Orrery","Gremlin Horn","Sling","Omamori","MawBank","The Courier","Juzu Bracelet","Du-Vu Doll","Frozen Egg 2","Shuriken","Vajra","Pen Nib","Anchor","Art of War","Bottled Tornado"],"potions_floor_usage":[33,50,55,55],"damage_taken":[{"damage":1.0,"enemies":"Cultist","floor":1.0,"turns":4.0},{"damage":1.0,"enemies":"2 Louse","floor":5.0,"turns":4.0},{"damage":50.0,"enemies":"3 Sentries","floor":6.0,"turns":11.0},{"damage":12.0,"enemies":"Gremlin Nob","floor":8.0,"turns":4.0},{"damage":26.0,"enemies":"3 Sentries","floor":10.0,"turns":5.0},{"damage":6.0,"enemies":"Jaw Worm","floor":14.0,"turns":2.0},{"damage":77.0,"enemies":"Slime Boss","floor":16.0,"turns":12.0},{"damage":2.0,"enemies":"Spheric Guardian","floor":18.0,"turns":3.0},{"damage":13.0,"enemies":"Shell Parasite","floor":19.0,"turns":3.0},{"damage":14.0,"enemies":"Snake Plant","floor":22.0,"turns":4.0},{"damage":28.0,"enemies":"Book of Stabbing","floor":23.0,"turns":5.0},{"damage":0.0,"enemies":"Snecko","floor":24.0,"turns":2.0},{"damage":2.0,"enemies":"Chosen and Byrds","floor":28.0,"turns":3.0},{"damage":1,"enemies":"Slavers","floor":29,"turns":3},{"damage":7,"enemies":"Centurion and Healer","floor":31,"turns":4},{"damage":42,"enemies":"Collector","floor":33,"turns":7},{"damage":21,"enemies":"3 Darklings","floor":35,"turns":6},{"damage":2,"enemies":"Orb Walker","floor":36,"turns":2},{"damage":7,"enemies":"3 Darklings","floor":41,"turns":6},{"damage":25,"enemies":"Giant Head","floor":42,"turns":8},{"damage":5,"enemies":"Jaw Worm Horde","floor":47,"turns":5},{"damage":6,"enemies":"Nemesis","floor":48,"turns":7},{"damage":80,"enemies":"Donu and Deca","floor":50,"turns":9},{"damage":29,"enemies":"Shield and Spear","floor":54,"turns":5},{"damage":73,"enemies":"The Heart","floor":55,"turns":5}],"seed_played":"-3088426636527888878","potions_obtained":[{"floor":8.0,"key":"Explosive Potion"},{"floor":10.0,"key":"Ancient Potion"},{"floor":16.0,"key":"AttackPotion"},{"floor":23.0,"key":"Weak Potion"},{"floor":31,"key":"AttackPotion"},{"floor":48,"key":"SteroidPotion"},{"floor":54,"key":"Ancient Potion"}],"is_trial":false,"path_per_floor":["M","?","?","?","M","E","R","E","T","E","R","$","R","M","R","B",null,"M","M","$","?","M","E","M","R","T","$","M","E","R","M","R","B",null,"M","M","?","?","$","R","M","E","T","R","?","R","M","E","R","B",null,"R","$","E","B"],"character_chosen":"IRONCLAD","items_purchased":["Shockwave","Lee\u0027s Waffle","Corruption","Impervious","Reaper","Gremlin Horn","SteroidPotion","Sling","Vajra","Pen Nib","Anchor","SpeedPotion","Art of War"],"campfire_rested":1,"item_purchase_floors":[12,12,39,39,39,39,39,39,53,53,53,53,53],"current_hp_per_floor":[73,73,62,62,67,23,45,39,39,19,19,82,82,82,82,11,64,68,61,61,61,53,31,37,37,37,37,41,46,46,45,45,9,64,49,53,53,53,53,53,73,77,77,77,77,77,82,82,82,56,76,76,76,72,0],"gold":92,"neow_bonus":"UPGRADE_CARD","is_prod":false,"is_daily":false,"chose_seed":false,"campfire_upgraded":0,"win_rate":0,"timestamp":1565062613,"path_taken":["M","?","?","?","M","E","R","E","T","E","R","$","R","?","R","BOSS","M","M","$","?","M","E","M","R","T","$","M","E","R","M","R","BOSS","M","M","?","?","$","R","M","E","T","R","?","R","M","E","R","BOSS","R","$","E","BOSS"],"build_version":"2019-07-17","purchased_purges":5,"victory":false,"max_hp_per_floor":[75,75,75,75,75,75,75,75,75,75,75,82,82,82,82,82,82,82,82,82,82,82,82,82,82,82,82,82,82,82,82,82,82,82,82,82,82,82,82,82,82,82,82,82,82,82,82,82,82,82,82,82,82,82,82],"card_choices":[{"not_picked":["Perfected Strike","Blood for Blood"],"picked":"Sword Boomerang","floor":1.0},{"not_picked":["Sever Soul","Flex"],"picked":"Thunderclap","floor":5.0},{"not_picked":["Heavy Blade","Warcry"],"picked":"Clothesline","floor":6.0},{"not_picked":["Evolve","Clash"],"picked":"Sword Boomerang","floor":8.0},{"not_picked":["Double Tap","Pommel Strike","Wild Strike"],"picked":"SKIP","floor":10.0},{"not_picked":["Anger","Reckless Charge"],"picked":"Battle Trance","floor":14.0},{"not_picked":["Exhume","Double Tap"],"picked":"Limit Break","floor":16.0},{"not_picked":["Clothesline","Thunderclap"],"picked":"Flex","floor":18.0},{"not_picked":["Flame Barrier","Twin Strike+1"],"picked":"Metallicize","floor":19.0},{"not_picked":["Perfected Strike","True Grit"],"picked":"Armaments","floor":22.0},{"not_picked":["Clash","Perfected Strike","Intimidate"],"picked":"SKIP","floor":23.0},{"not_picked":["Warcry","Dual Wield","Dropkick"],"picked":"SKIP","floor":24.0},{"not_picked":["Warcry","Double Tap","Heavy Blade"],"picked":"SKIP","floor":28.0},{"not_picked":["Iron Wave","Clothesline","Headbutt"],"picked":"SKIP","floor":29},{"not_picked":["Blood for Blood","Headbutt","Clothesline"],"picked":"SKIP","floor":31},{"not_picked":["Headbutt","Clothesline"],"picked":"Blood for Blood","floor":31},{"not_picked":["Barricade","Double Tap"],"picked":"Fiend Fire","floor":33},{"not_picked":["Cleave","Wild Strike+1"],"picked":"Infernal Blade+1","floor":34},{"not_picked":["Clash","Sever Soul+1","Wild Strike"],"picked":"SKIP","floor":35},{"not_picked":["Searing Blow","Iron Wave"],"picked":"Armaments+1","floor":36},{"not_picked":["Anger","Rage"],"picked":"Shrug It Off+1","floor":41},{"not_picked":["Reckless Charge","Wild Strike"],"picked":"Headbutt","floor":42},{"not_picked":["Havoc","Perfected Strike"],"picked":"Shrug It Off","floor":47},{"not_picked":["Sever Soul","Perfected Strike","Dual Wield+1"],"picked":"SKIP","floor":48},{"not_picked":["Shrug It Off","Dual Wield","Pommel Strike"],"picked":"SKIP","floor":54}],"player_experience":2640723,"relics_obtained":[{"floor":6.0,"key":"Orichalcum"},{"floor":8.0,"key":"Red Skull"},{"floor":9.0,"key":"Smiling Mask"},{"floor":10.0,"key":"Shovel"},{"floor":11.0,"key":"Gambling Chip"},{"floor":13.0,"key":"Bag of Marbles"},{"floor":15.0,"key":"Oddly Smooth Stone"},{"floor":23.0,"key":"Bag of Preparation"},{"floor":25.0,"key":"Bronze Scales"},{"floor":26.0,"key":"Matryoshka"},{"floor":29,"key":"Kunai"},{"floor":30,"key":"Happy Flower"},{"floor":32,"key":"Bottled Flame"},{"floor":40,"key":"Omamori"},{"floor":42,"key":"MawBank"},{"floor":43,"key":"The Courier"},{"floor":44,"key":"Juzu Bracelet"},{"floor":46,"key":"Du-Vu Doll"},{"floor":48,"key":"Frozen Egg 2"},{"floor":52,"key":"Shuriken"},{"floor":54,"key":"Bottled Tornado"}],"event_choices":[{"cards_removed":["Strike_R"],"damage_healed":0.0,"max_hp_gain":0.0,"max_hp_loss":0.0,"gold_gain":0.0,"event_name":"The Cleric","player_choice":"Card Removal","floor":2.0,"gold_loss":75.0,"damage_taken":0.0},{"damage_healed":0.0,"max_hp_gain":0.0,"max_hp_loss":0.0,"gold_gain":75.0,"event_name":"World of Goop","player_choice":"Gather Gold","floor":3.0,"gold_loss":0.0,"damage_taken":11.0},{"damage_healed":0.0,"max_hp_gain":0.0,"max_hp_loss":0.0,"gold_gain":50.0,"event_name":"Golden Shrine","player_choice":"Pray","floor":4.0,"gold_loss":0.0,"damage_taken":0.0},{"cards_removed":["Strike_R"],"damage_healed":0.0,"max_hp_gain":0.0,"max_hp_loss":0.0,"gold_gain":0.0,"event_name":"Beggar","player_choice":"Gave Gold","floor":21.0,"gold_loss":75.0,"damage_taken":0.0},{"damage_healed":0,"gold_gain":999,"player_choice":"Gold","damage_taken":0,"max_hp_gain":0,"max_hp_loss":0,"event_name":"MindBloom","floor":37,"gold_loss":0,"cards_obtained":["Normality","Normality"]},{"cards_removed":["Normality"],"damage_healed":0,"gold_gain":0,"player_choice":"Purged","damage_taken":0,"max_hp_gain":0,"max_hp_loss":0,"event_name":"Purifier","floor":38,"gold_loss":0},{"cards_removed":["Thunderclap"],"damage_healed":0,"gold_gain":0,"player_choice":"Removed Attack","damage_taken":0,"max_hp_gain":0,"max_hp_loss":0,"event_name":"Falling","floor":45,"gold_loss":0}],"is_beta":false,"boss_relics":[{"not_picked":["Ectoplasm","Busted Crown"],"picked":"Cursed Key"},{"not_picked":["Coffee Dripper","White Beast Statue"],"picked":"Orrery"}],"items_purged_floors":[12,20,27,39,53],"is_endless":false,"potions_floor_spawned":[8,10,16,23,24,31,42,47,48,54],"killed_by":"The Heart","ascension_level":15}