{"gold_per_floor":[114,129,79,154,4,4,19,19,44,74,74,104,134,134,134,234,234,249,249,264,21,21,21,21,51,51,51,66,66,66,81,81,181,181,196,46,61,111,0,0,0,0,0,0,30,130,130,145,145,145],"floor_reached":51,"playtime":2892,"items_purged":[],"score":830,"play_id":"b07d89fd-412d-4540-8c6f-dfc4068639e5","local_time":"20190104120417","daily_mods":["Shiny","Flight","Terminal"],"is_ascension_mode":false,"campfire_choices":[{"data":"Immolate","floor":6,"key":"SMITH"},{"data":"Double Tap","floor":8,"key":"SMITH"},{"data":"Entrench","floor":11,"key":"SMITH"},{"data":"Rupture","floor":15,"key":"SMITH"},{"data":"True Grit","floor":23,"key":"SMITH"},{"data":"Exhume","floor":24,"key":"SMITH"},{"data":"Feed","floor":27,"key":"SMITH"},{"data":"Intimidate","floor":30,"key":"SMITH"},{"data":"Bludgeon","floor":32,"key":"SMITH"},{"data":"1","floor":40,"key":"LIFT"},{"data":"2","floor":41,"key":"LIFT"},{"data":"3","floor":42,"key":"LIFT"},{"data":"Exhume","floor":44,"key":"SMITH"},{"data":"Demon Form","floor":47,"key":"SMITH"},{"data":"Twin Strike","floor":49,"key":"SMITH"}],"neow_cost":"","seed_source_timestamp":0,"circlet_count":0,"master_deck":["Double Tap+1","Demon Form+1","Bludgeon+1","Feed+1","Limit Break","Barricade","Fiend Fire+1","Dark Embrace","Impervious+1","Juggernaut","Brutality","Reaper+1","Exhume+1","Offering","Immolate+1","Thunderclap","Ghostly Armor+1","Combust","Entrench+1","Thunderclap","Rupture+1","Exhume+1","Inflame","RitualDagger","Burning Pact","True Grit+1","Intimidate+1","Intimidate+1","Offering","Twin Strike+1"],"special_seed":17900,"relics":["Burning Blood","Bronze Scales","Lantern","Blood Vial","Du-Vu Doll","Ice Cream","Incense Burner","Busted Crown","War Paint","Red Skull","Whetstone","Sozu","Anchor","Girya","Red Mask","Kunai","Unceasing Top","FossilizedHelix"],"potions_floor_usage":[20,25,33],"damage_taken":[{"damage":0,"enemies":"Small Slimes","floor":1,"turns":1},{"damage":7,"enemies":"2 Louse","floor":2,"turns":2},{"damage":0,"enemies":"Cultist","floor":7,"turns":2},{"damage":19,"enemies":"3 Sentries","floor":10,"turns":3},{"damage":0,"enemies":"Gremlin Nob","floor":12,"turns":2},{"damage":13,"enemies":"Lagavulin","floor":13,"turns":3},{"damage":24,"enemies":"Slime Boss","floor":16,"turns":5},{"damage":17,"enemies":"Spheric Guardian","floor":18,"turns":4},{"damage":6,"enemies":"Shell Parasite","floor":20,"turns":3},{"damage":40,"enemies":"Slavers","floor":25,"turns":4},{"damage":0,"enemies":"Snecko","floor":28,"turns":3},{"damage":2,"enemies":"Snake Plant","floor":31,"turns":3},{"damage":20,"enemies":"Collector","floor":33,"turns":7},{"damage":8,"enemies":"Orb Walker","floor":35,"turns":3},{"damage":14,"enemies":"3 Darklings","floor":37,"turns":3},{"damage":9,"enemies":"2 Orb Walkers","floor":38,"turns":4},{"damage":16,"enemies":"Giant Head","floor":45,"turns":4},{"damage":12,"enemies":"Mind Bloom Boss Battle","floor":46,"turns":4},{"damage":2,"enemies":"Transient","floor":48,"turns":5},{"damage":10,"enemies":"Donu and Deca","floor":50,"turns":6}],"seed_played":"8207971978240580140","potions_obtained":[{"floor":2,"key":"Swift Potion"},{"floor":7,"key":"FearPotion"},{"floor":10,"key":"SpeedPotion"},{"floor":13,"key":"SkillPotion"},{"floor":25,"key":"AttackPotion"},{"floor":28,"key":"AttackPotion"}],"is_trial":false,"path_per_floor":["M","M","?","?","$","R","M","R","T","E","R","E","E","?","R","B",null,"M","?","M","$","?","R","R","E","T","R","M","?","R","M","R","B",null,"M","$","M","?","?","R","R","R","T","R","E","?","R","M","R","B",null],"character_chosen":"IRONCLAD","items_purchased":["Bronze Scales","War Paint","Burning Pact","True Grit","Anchor"],"campfire_rested":0,"item_purchase_floors":[5,21,21,21,36],"current_hp_per_floor":[78,80,79,68,68,68,74,74,73,60,60,68,63,56,56,40,65,54,48,50,50,50,50,50,35,35,35,43,43,43,49,49,49,51,49,49,47,45,45,45,44,43,42,41,44,43,42,41,40,36],"gold":145,"neow_bonus":"","is_prod":false,"is_daily":true,"chose_seed":false,"campfire_upgraded":12,"win_rate":0,"timestamp":1546599857,"path_taken":["M","M","?","?","$","R","M","R","T","E","R","E","E","?","R","BOSS","M","?","M","$","?","R","R","E","T","R","M","?","R","?","R","BOSS","M","$","M","?","?","R","R","R","T","R","E","?","R","M","R","BOSS"],"build_version":"2019-01-03v3","purchased_purges":0,"victory":true,"max_hp_per_floor":[78,80,79,78,77,76,75,74,73,72,71,70,69,68,67,66,65,64,63,62,61,60,59,58,60,59,58,57,56,55,54,53,52,51,50,49,48,47,46,45,44,43,42,41,44,43,42,41,40,39],"card_choices":[{"not_picked":["Second Wind","Anger"],"picked":"Thunderclap","floor":1},{"not_picked":["Pummel","Carnage"],"picked":"Ghostly Armor","floor":2},{"not_picked":["Sword Boomerang","Flex"],"picked":"Combust","floor":7},{"not_picked":["Sever Soul","Clash"],"picked":"Entrench","floor":10},{"not_picked":["Perfected Strike","Twin Strike"],"picked":"Thunderclap","floor":12},{"not_picked":["Sword Boomerang","Fire Breathing"],"picked":"Rupture","floor":13},{"not_picked":["Reaper","Brutality"],"picked":"Exhume","floor":16},{"not_picked":[],"picked":"Inflame","floor":18},{"not_picked":["Reckless Charge"],"picked":"SKIP","floor":20},{"not_picked":["Anger"],"picked":"SKIP","floor":25},{"not_picked":[],"picked":"Intimidate","floor":28},{"not_picked":[],"picked":"Intimidate+1","floor":31},{"not_picked":[],"picked":"Offering","floor":33},{"not_picked":["Sever Soul+1"],"picked":"SKIP","floor":35},{"not_picked":["Wild Strike"],"picked":"SKIP","floor":37},{"not_picked":["Wild Strike"],"picked":"SKIP","floor":45},{"not_picked":[],"picked":"Twin Strike","floor":46},{"not_picked":["Wild Strike"],"picked":"SKIP","floor":48}],"player_experience":145281,"relics_obtained":[{"floor":9,"key":"Lantern"},{"floor":10,"key":"Blood Vial"},{"floor":12,"key":"Du-Vu Doll"},{"floor":13,"key":"Ice Cream"},{"floor":25,"key":"Red Skull"},{"floor":26,"key":"Whetstone"},{"floor":38,"key":"Girya"},{"floor":43,"key":"Kunai"},{"floor":45,"key":"Unceasing Top"},{"floor":46,"key":"FossilizedHelix"}],"event_choices":[{"cards_removed":["Berserk"],"damage_healed":0,"gold_gain":0,"player_choice":"Card Removal","damage_taken":0,"max_hp_gain":0,"max_hp_loss":0,"event_name":"The Cleric","floor":3,"gold_loss":50},{"damage_healed":0,"gold_gain":75,"player_choice":"Gather Gold","damage_taken":11,"max_hp_gain":0,"max_hp_loss":0,"event_name":"World of Goop","floor":4,"gold_loss":0},{"damage_healed":0,"gold_gain":0,"player_choice":"Success","damage_taken":7,"relics_obtained":["Incense Burner"],"max_hp_gain":0,"max_hp_loss":0,"event_name":"Scrap Ooze","floor":14,"gold_loss":0},{"damage_healed":0,"gold_gain":0,"player_choice":"Joined the Cult","damage_taken":6,"max_hp_gain":0,"max_hp_loss":0,"event_name":"Nest","floor":19,"gold_loss":0,"cards_obtained":["RitualDagger"]},{"damage_healed":0,"gold_gain":0,"player_choice":"Ignored","damage_taken":0,"max_hp_gain":0,"max_hp_loss":0,"event_name":"Beggar","floor":22,"gold_loss":0},{"damage_healed":0,"gold_gain":0,"player_choice":"Got Potions","damage_taken":0,"max_hp_gain":0,"max_hp_loss":0,"event_name":"Lab","floor":29,"gold_loss":0},{"damage_healed":0,"gold_gain":0,"player_choice":"Fight","damage_taken":0,"max_hp_gain":0,"max_hp_loss":0,"event_name":"Mysterious Sphere","floor":38,"gold_loss":0},{"damage_healed":0,"gold_gain":0,"player_choice":"Paid","damage_taken":0,"relics_obtained":["Red Mask"],"max_hp_gain":0,"max_hp_loss":0,"event_name":"Tomb of Lord Red Mask","floor":39,"gold_loss":111},{"damage_healed":0,"gold_gain":0,"player_choice":"Fight","damage_taken":0,"max_hp_gain":0,"max_hp_loss":0,"event_name":"MindBloom","floor":46,"gold_loss":0}],"is_beta":false,"boss_relics":[{"not_picked":["Eternal Feather","Empty Cage"],"picked":"Busted Crown"},{"not_picked":["White Beast Statue","Tiny House"],"picked":"Sozu"}],"items_purged_floors":[],"is_endless":false,"potions_floor_spawned":[2,7,10,13,25,28,37,38,48],"ascension_level":0}