{"gold_per_floor":[114,114,133,146,23,57,72,100,100,114,114,140,140,165,165,236,236,246,266,266,266,282,282,207,239,239,274,101,135,147,147,147,222,222,242,261,271,1270,768,768,800,820,820,854,854,872,872,906,906,906,906,906,3,33,33],"floor_reached":56,"playtime":2384,"items_purged":["Pain","Strike_R","Normality"],"score":2340,"play_id":"7d6c7956-912d-46dc-b24a-61c67d1f8e7c","local_time":"20190702210921","is_ascension_mode":true,"campfire_choices":[{"data":"Bash","floor":11,"key":"SMITH"},{"data":"Limit Break","floor":13,"key":"SMITH"},{"data":"Anger","floor":15,"key":"SMITH"},{"data":"Feed","floor":23,"key":"SMITH"},{"data":"Heavy Blade","floor":32,"key":"SMITH"},{"data":"Offering","floor":40,"key":"SMITH"},{"floor":47,"key":"RECALL"},{"data":"Feel No Pain","floor":49,"key":"SMITH"},{"data":"Flame Barrier","floor":52,"key":"SMITH"}],"neow_cost":"TEN_PERCENT_HP_LOSS","seed_source_timestamp":1644275228526504,"circlet_count":0,"master_deck":["AscendersBane","Strike_R+1","Strike_R+1","Strike_R+1","Strike_R+1","Defend_R+1","Defend_R+1","Defend_R+1","Defend_R+1","Bash+1","Twin Strike+1","Anger+1","Flame Barrier+1","Ghostly Armor","Shrug It Off","Battle Trance","Feel No Pain+1","Limit Break+1","Flame Barrier+1","Feed+1","Injury","Shame","Heavy Blade+1","Writhe","Reaper","Shockwave","Offering+1","True Grit+1","Disarm+1","Normality","Secret Technique","Battle Trance+1","Clothesline+1","Inflame","Exhume+1","Thinking Ahead+1","Battle Trance+1"],"relics":["Burning Blood","Ice Cream","Du-Vu Doll","Lantern","Vajra","Dodecahedron","Orichalcum","Calling Bell","Centennial Puzzle","Shuriken","Mango","Bird Faced Urn","MutagenicStrength","Boot","Gremlin Horn","Pen Nib","Ornamental Fan","Velvet Choker","Frozen Eye","Molten Egg 2","Toxic Egg 2","The Courier","Anchor","Oddly Smooth Stone","Bag of Marbles","Kunai","Pear","Letter Opener"],"potions_floor_usage":[6,16,27,55,55],"damage_taken":[{"damage":1,"enemies":"2 Louse","floor":1,"turns":3},{"damage":1,"enemies":"Cultist","floor":3,"turns":3},{"damage":2,"enemies":"Jaw Worm","floor":4,"turns":3},{"damage":5,"enemies":"3 Sentries","floor":6,"turns":8},{"damage":4,"enemies":"Blue Slaver","floor":7,"turns":4},{"damage":16,"enemies":"Gremlin Nob","floor":8,"turns":4},{"damage":6,"enemies":"Large Slime","floor":10,"turns":4},{"damage":6,"enemies":"3 Sentries","floor":12,"turns":8},{"damage":6,"enemies":"Gremlin Nob","floor":14,"turns":3},{"damage":13,"enemies":"Slime Boss","floor":16,"turns":9},{"damage":9,"enemies":"Chosen","floor":18,"turns":3},{"damage":10,"enemies":"2 Thieves","floor":19,"turns":3},{"damage":5,"enemies":"Snecko","floor":22,"turns":3},{"damage":32,"enemies":"Book of Stabbing","floor":25,"turns":4},{"damage":18,"enemies":"Slavers","floor":27,"turns":5},{"damage":36,"enemies":"Gremlin Leader","floor":29,"turns":7},{"damage":14,"enemies":"Snake Plant","floor":30,"turns":3},{"damage":67,"enemies":"Collector","floor":33,"turns":9},{"damage":0,"enemies":"3 Shapes","floor":35,"turns":4},{"damage":9,"enemies":"3 Darklings","floor":36,"turns":4},{"damage":19,"enemies":"Transient","floor":37,"turns":5},{"damage":27,"enemies":"Giant Head","floor":41,"turns":6},{"damage":6,"enemies":"4 Shapes","floor":42,"turns":4},{"damage":21,"enemies":"Nemesis","floor":44,"turns":3},{"damage":6,"enemies":"Writhing Mass","floor":46,"turns":7},{"damage":10,"enemies":"Giant Head","floor":48,"turns":6},{"damage":23,"enemies":"Donu and Deca","floor":50,"turns":8},{"damage":67,"enemies":"Shield and Spear","floor":54,"turns":6},{"damage":76,"enemies":"The Heart","floor":55,"turns":8}],"seed_played":"-2722030165833568997","potions_obtained":[{"floor":6,"key":"SpeedPotion"},{"floor":7,"key":"Block Potion"},{"floor":14,"key":"SteroidPotion"},{"floor":16,"key":"Poison Potion"},{"floor":25,"key":"Regen Potion"},{"floor":27,"key":"Ancient Potion"},{"floor":44,"key":"BloodPotion"}],"is_trial":false,"path_per_floor":["M","?","M","M","$","E","M","E","T","M","R","E","R","E","R","B",null,"M","M","?","?","M","R","$","E","T","E","$","E","M","?","R","B",null,"M","M","M","?","$","R","E","M","T","E","?","M","R","E","R","B",null,"R","$","E","B",null],"character_chosen":"IRONCLAD","items_purchased":["Flame Barrier","AttackPotion","Reaper","Frozen Eye","Secret Technique","Thinking Ahead+1","Anchor","Oddly Smooth Stone","Bag of Marbles","Kunai","Pear"],"campfire_rested":0,"item_purchase_floors":[5,5,28,39,39,53,53,53,53,53,53],"current_hp_per_floor":[68,68,68,68,68,68,68,58,58,58,58,58,58,58,58,51,78,78,77,77,77,83,83,83,61,61,67,67,60,68,68,68,67,100,115,118,106,106,106,106,104,108,108,93,93,111,111,127,127,116,127,127,137,121,91],"gold":33,"neow_bonus":"ONE_RARE_RELIC","is_prod":false,"is_daily":false,"chose_seed":false,"campfire_upgraded":8,"win_rate":0,"timestamp":1562116161,"path_taken":["M","?","M","?","$","E","M","E","T","?","R","E","R","E","R","BOSS","M","M","?","?","M","R","$","E","T","E","?","E","?","?","R","BOSS","M","M","M","?","$","R","E","M","T","E","?","?","R","E","R","BOSS","R","$","E","BOSS"],"build_version":"2019-06-30","purchased_purges":3,"victory":true,"max_hp_per_floor":[68,68,68,68,68,68,68,68,68,68,68,68,68,68,68,68,82,85,88,88,88,91,91,91,95,95,99,99,103,107,107,107,111,111,115,119,119,119,119,119,119,123,123,123,123,123,123,127,127,131,131,131,141,145,145],"card_choices":[{"not_picked":["Havoc","Cleave"],"picked":"Twin Strike","floor":1},{"not_picked":["Shockwave","Pommel Strike"],"picked":"Anger","floor":3},{"not_picked":["Evolve","Thunderclap","Rage"],"picked":"SKIP","floor":4},{"not_picked":["Seeing Red","Dark Embrace"],"picked":"Ghostly Armor","floor":6},{"not_picked":["True Grit","Infernal Blade"],"picked":"Shrug It Off","floor":7},{"not_picked":["Sword Boomerang","Infernal Blade"],"picked":"Battle Trance","floor":8},{"not_picked":["Pommel Strike","Entrench"],"picked":"Feel No Pain","floor":10},{"not_picked":["Shrug It Off","Iron Wave"],"picked":"Limit Break","floor":12},{"not_picked":["Warcry","Anger"],"picked":"Flame Barrier","floor":14},{"not_picked":["Demon Form","Berserk"],"picked":"Feed","floor":16},{"not_picked":["Havoc","Iron Wave","Blood for Blood+1"],"picked":"SKIP","floor":18},{"not_picked":["Thunderclap","Clothesline"],"picked":"Heavy Blade","floor":19},{"not_picked":["Seeing Red","Clash","Pommel Strike"],"picked":"SKIP","floor":22},{"not_picked":["Brutality","Heavy Blade","Cleave+1"],"picked":"SKIP","floor":25},{"not_picked":["Blood for Blood","Warcry","Perfected Strike"],"picked":"SKIP","floor":27},{"not_picked":["Twin Strike","Thunderclap","Juggernaut"],"picked":"SKIP","floor":29},{"not_picked":["Thunderclap","Dual Wield+1"],"picked":"Shockwave","floor":30},{"not_picked":["Demon Form","Dark Embrace"],"picked":"Offering","floor":33},{"not_picked":["Shrug It Off","Sword Boomerang+1"],"picked":"True Grit+1","floor":35},{"not_picked":["Heavy Blade","Ghostly Armor+1"],"picked":"Disarm+1","floor":36},{"not_picked":["Twin Strike+1","Body Slam+1","Cleave"],"picked":"SKIP","floor":37},{"not_picked":["Sentinel+1","Cleave"],"picked":"Battle Trance+1","floor":41},{"not_picked":["Feed+1","Twin Strike+1"],"picked":"Clothesline+1","floor":42},{"not_picked":["Clothesline+1","Feel No Pain","Perfected Strike+1"],"picked":"SKIP","floor":44},{"not_picked":["Shrug It Off+1","Dark Embrace"],"picked":"Inflame","floor":46},{"not_picked":["Shrug It Off+1","Searing Blow+1"],"picked":"Exhume+1","floor":48},{"not_picked":["Thunderclap+1","Wild Strike+1"],"picked":"Battle Trance+1","floor":54}],"player_experience":2586723,"relics_obtained":[{"floor":6,"key":"Du-Vu Doll"},{"floor":8,"key":"Lantern"},{"floor":9,"key":"Vajra"},{"floor":12,"key":"Dodecahedron"},{"floor":14,"key":"Orichalcum"},{"floor":17,"key":"Centennial Puzzle"},{"floor":17,"key":"Shuriken"},{"floor":17,"key":"Mango"},{"floor":25,"key":"Boot"},{"floor":26,"key":"Gremlin Horn"},{"floor":27,"key":"Pen Nib"},{"floor":29,"key":"Ornamental Fan"},{"floor":41,"key":"Molten Egg 2"},{"floor":44,"key":"Toxic Egg 2"},{"floor":48,"key":"The Courier"},{"floor":54,"key":"Letter Opener"}],"event_choices":[{"damage_healed":0,"gold_gain":0,"player_choice":"Upgraded","damage_taken":0,"max_hp_gain":0,"max_hp_loss":0,"event_name":"Upgrade Shrine","floor":2,"gold_loss":0,"cards_upgraded":["Twin Strike"]},{"damage_healed":0,"gold_gain":0,"player_choice":"Opened","damage_taken":0,"relics_obtained":["Bird Faced Urn"],"max_hp_gain":0,"max_hp_loss":0,"event_name":"The Mausoleum","floor":20,"gold_loss":0,"cards_obtained":["Writhe"]},{"damage_healed":0,"gold_gain":0,"player_choice":"Inject Mutagens","damage_taken":0,"relics_obtained":["MutagenicStrength"],"max_hp_gain":0,"max_hp_loss":0,"event_name":"Drug Dealer","floor":21,"gold_loss":0},{"damage_healed":0,"gold_gain":0,"player_choice":"Simplicity","damage_taken":0,"max_hp_gain":0,"max_hp_loss":0,"event_name":"Back to Basics","floor":31,"gold_loss":0,"cards_upgraded":["Strike_R","Strike_R","Strike_R","Strike_R","Defend_R","Defend_R","Defend_R","Defend_R"]},{"damage_healed":0,"gold_gain":999,"player_choice":"Gold","damage_taken":0,"max_hp_gain":0,"max_hp_loss":0,"event_name":"MindBloom","floor":38,"gold_loss":0,"cards_obtained":["Normality","Normality"]},{"damage_healed":0,"gold_gain":0,"player_choice":"Upgraded","damage_taken":0,"max_hp_gain":0,"max_hp_loss":0,"event_name":"Upgrade Shrine","floor":45,"gold_loss":0,"cards_upgraded":["Flame Barrier"]}],"is_beta":true,"boss_relics":[{"not_picked":["Orrery","Lizard Tail"],"picked":"Calling Bell"},{"not_picked":["Philosopher\u0027s Stone","Fusion Hammer"],"picked":"Velvet Choker"}],"items_purged_floors":[24,28,39],"is_endless":false,"potions_floor_spawned":[6,7,12,14,16,19,25,27,29,30,41,42,44],"ascension_level":15}