{"gold_per_floor":[118,118,134,146,35,64,79,79,127,147,147,72,72,83,83,180,180,196,215,231,248,248,282,298,298,321,321,321,331,346,374,374,479,479,489,534,84,96,116,116,116,145,145,161,176,211,211,222,222,222,222,222,24,56,56],"floor_reached":55,"playtime":3742,"items_purged":["Strike_B","Normality","Clumsy"],"score":748,"play_id":"98403f9a-28c5-4063-b577-ccad02e01ff7","local_time":"20190818220159","is_ascension_mode":false,"campfire_choices":[{"data":"Darkness","floor":8,"key":"SMITH"},{"data":"Defragment","floor":11,"key":"SMITH"},{"data":"Core Surge","floor":13,"key":"SMITH"},{"data":"Defragment","floor":15,"key":"SMITH"},{"data":"Loop","floor":25,"key":"SMITH"},{"data":"Biased Cognition","floor":32,"key":"SMITH"},{"floor":40,"key":"RECALL"},{"data":"Reinforced Body","floor":49,"key":"SMITH"},{"data":"Tempest","floor":52,"key":"SMITH"}],"neow_cost":"NONE","seed_source_timestamp":15525490123700,"circlet_count":0,"master_deck":["Strike_B","Strike_B+1","Defend_B","Defend_B","Zap","Dualcast","Finesse","Conserve Battery","Rebound+1","Defragment+1","Conserve Battery","Compile Driver","Reinforced Body+1","Core Surge+1","Defragment+1","Biased Cognition+1","Coolheaded+1","Redo","Loop+1","Ball Lightning+1","Tempest+1","Chill","Cold Snap+1","Loop","Parasite","Self Repair+1","Force Field+1","Cold Snap+1","Electrodynamics","Stack+1","Undo+1","Enlightenment+1","BootSequence+1","Coolheaded+1","Skim+1","Capacitor","Glacier+1"],"relics":["Cracked Core","Meat on the Bone","Whetstone","Cursed Key","Ancient Tea Set","Blood Vial","Cables","Toxic Egg 2","Darkstone Periapt","Sozu","Unceasing Top","Chemical X","Orichalcum","Anchor","Pocketwatch"],"potions_floor_usage":[23,55,55,55],"damage_taken":[{"damage":0,"enemies":"Jaw Worm","floor":1,"turns":3},{"damage":1,"enemies":"Small Slimes","floor":3,"turns":4},{"damage":2,"enemies":"2 Louse","floor":4,"turns":3},{"damage":25,"enemies":"Lagavulin","floor":6,"turns":6},{"damage":2,"enemies":"Large Slime","floor":7,"turns":6},{"damage":11,"enemies":"Exordium Wildlife","floor":10,"turns":4},{"damage":8,"enemies":"Looter","floor":14,"turns":3},{"damage":23,"enemies":"Slime Boss","floor":16,"turns":4},{"damage":1,"enemies":"Chosen","floor":18,"turns":4},{"damage":5,"enemies":"Shell Parasite","floor":19,"turns":4},{"damage":10,"enemies":"Snecko","floor":20,"turns":8},{"damage":17,"enemies":"Cultist and Chosen","floor":21,"turns":6},{"damage":22,"enemies":"Slavers","floor":23,"turns":6},{"damage":8,"enemies":"Snake Plant","floor":24,"turns":4},{"damage":15,"enemies":"Chosen and Byrds","floor":29,"turns":3},{"damage":10,"enemies":"Sentry and Sphere","floor":30,"turns":3},{"damage":4,"enemies":"Book of Stabbing","floor":31,"turns":4},{"damage":4,"enemies":"Champ","floor":33,"turns":7},{"damage":11,"enemies":"Orb Walker","floor":35,"turns":3},{"damage":14,"enemies":"2 Orb Walkers","floor":36,"turns":4},{"damage":0,"enemies":"3 Shapes","floor":38,"turns":4},{"damage":0,"enemies":"Transient","floor":39,"turns":5},{"damage":24,"enemies":"Reptomancer","floor":42,"turns":5},{"damage":8,"enemies":"Jaw Worm Horde","floor":44,"turns":4},{"damage":18,"enemies":"Maw","floor":45,"turns":8},{"damage":17,"enemies":"Giant Head","floor":46,"turns":10},{"damage":0,"enemies":"Transient","floor":48,"turns":5},{"damage":11,"enemies":"Awakened One","floor":50,"turns":14},{"damage":60,"enemies":"Shield and Spear","floor":54,"turns":6},{"damage":66,"enemies":"The Heart","floor":55,"turns":3}],"seed_played":"-3681206067686570080","potions_obtained":[{"floor":4,"key":"Explosive Potion"},{"floor":6,"key":"Dexterity Potion"},{"floor":10,"key":"Poison Potion"},{"floor":14,"key":"Block Potion"},{"floor":23,"key":"EntropicBrew"}],"is_trial":false,"path_per_floor":["M","?","M","M","$","E","M","R","T","M","R","$","R","M","R","B",null,"M","M","M","M","?","E","M","R","T","?","T","M","M","E","R","B",null,"M","?","$","M","M","R","$","E","T","M","M","E","?","M","R","B",null,"R","$","E","B"],"character_chosen":"DEFECT","items_purchased":["Defragment","Core Surge","Undo+1","Chemical X","Enlightenment+1","Capacitor"],"campfire_rested":0,"item_purchase_floors":[5,12,37,37,37,53],"current_hp_per_floor":[75,68,67,65,65,40,38,38,38,39,39,39,39,43,43,32,75,74,69,59,42,42,32,36,36,36,36,36,35,49,57,57,55,75,64,62,62,64,75,75,75,51,57,51,47,54,54,66,66,67,81,81,81,43,0],"gold":56,"neow_bonus":"RANDOM_COLORLESS","is_prod":false,"is_daily":false,"chose_seed":false,"campfire_upgraded":8,"win_rate":0,"timestamp":1566158519,"path_taken":["M","?","M","M","$","E","M","R","T","M","R","?","R","M","R","BOSS","M","M","M","M","?","E","M","R","T","?","?","M","M","E","R","BOSS","M","?","$","M","M","R","$","E","T","M","M","E","?","M","R","BOSS","R","$","E","BOSS"],"build_version":"2019-07-17","purchased_purges":3,"victory":false,"max_hp_per_floor":[75,75,75,75,75,75,75,75,75,75,75,75,75,75,75,75,75,75,75,75,75,75,75,75,75,75,75,75,75,75,75,75,75,75,75,75,75,75,75,75,75,75,81,81,81,81,81,81,81,81,81,81,81,81,81],"card_choices":[{"not_picked":["Compile Driver","Gash"],"picked":"Conserve Battery","floor":1},{"not_picked":["Conserve Battery","Rebound"],"picked":"Darkness","floor":3},{"not_picked":["Stack","Hologram"],"picked":"Rebound","floor":4},{"not_picked":["Heatsinks","Chill"],"picked":"Conserve Battery","floor":6},{"not_picked":["BootSequence","Barrage"],"picked":"Compile Driver","floor":7},{"not_picked":["Steam","Beam Cell"],"picked":"Reinforced Body","floor":10},{"not_picked":["Stack","Go for the Eyes"],"picked":"Defragment","floor":14},{"not_picked":["Reboot","Machine Learning"],"picked":"Biased Cognition","floor":16},{"not_picked":["Gash+1","Go for the Eyes+1"],"picked":"Coolheaded+1","floor":18},{"not_picked":["Steam","Go for the Eyes"],"picked":"Redo","floor":19},{"not_picked":["Gash","Chaos"],"picked":"Loop","floor":20},{"not_picked":["Tempest","Defragment"],"picked":"Ball Lightning+1","floor":21},{"not_picked":["Redo","Steam"],"picked":"Cold Snap+1","floor":23},{"not_picked":["Defragment","Heatsinks"],"picked":"Loop","floor":24},{"not_picked":["Heatsinks+1","Go for the Eyes"],"picked":"Self Repair+1","floor":29},{"not_picked":["Beam Cell+1","Gash+1"],"picked":"Force Field+1","floor":30},{"not_picked":["Beam Cell","Aggregate+1"],"picked":"Cold Snap+1","floor":31},{"not_picked":["Amplify+1","Core Surge"],"picked":"Electrodynamics","floor":33},{"not_picked":["Redo+1","Steam+1"],"picked":"Stack+1","floor":35},{"not_picked":["Coolheaded+1","Heatsinks+1"],"picked":"BootSequence+1","floor":38},{"not_picked":["Melter+1","Cold Snap","Defragment+1"],"picked":"SKIP","floor":39},{"not_picked":["Fusion+1","Compile Driver","Streamline+1"],"picked":"SKIP","floor":42},{"not_picked":["Gash","Barrage+1","Auto Shields+1"],"picked":"SKIP","floor":44},{"not_picked":["Reprogram+1","Sweeping Beam"],"picked":"Coolheaded+1","floor":45},{"not_picked":["Steam+1","Go for the Eyes+1","Reprogram+1"],"picked":"SKIP","floor":46},{"not_picked":["Turbo+1","Gash"],"picked":"Skim+1","floor":48},{"not_picked":["Steam+1","Compile Driver+1"],"picked":"Glacier+1","floor":54}],"player_experience":317392,"relics_obtained":[{"floor":6,"key":"Meat on the Bone"},{"floor":9,"key":"Whetstone"},{"floor":23,"key":"Ancient Tea Set"},{"floor":26,"key":"Blood Vial"},{"floor":28,"key":"Toxic Egg 2"},{"floor":31,"key":"Darkstone Periapt"},{"floor":36,"key":"Unceasing Top"},{"floor":42,"key":"Orichalcum"},{"floor":46,"key":"Anchor"},{"floor":54,"key":"Pocketwatch"}],"event_choices":[{"cards_removed":["Defend_B"],"damage_healed":0,"gold_gain":0,"player_choice":"Card Removal","damage_taken":7,"max_hp_gain":0,"max_hp_loss":0,"event_name":"Golden Wing","floor":2,"gold_loss":0},{"damage_healed":0,"gold_gain":0,"cards_transformed":["Strike_B","Defend_B"],"player_choice":"Became Test Subject","damage_taken":0,"max_hp_gain":0,"max_hp_loss":0,"event_name":"Drug Dealer","floor":22,"gold_loss":0,"cards_obtained":["Tempest","Chill"]},{"damage_healed":0,"gold_gain":0,"player_choice":"Opened","damage_taken":0,"relics_obtained":["Cables"],"max_hp_gain":0,"max_hp_loss":0,"event_name":"The Mausoleum","floor":27,"gold_loss":0},{"damage_healed":0,"gold_gain":0,"player_choice":"Fight","damage_taken":0,"max_hp_gain":0,"max_hp_loss":0,"event_name":"Mysterious Sphere","floor":36,"gold_loss":0},{"cards_removed":["Darkness"],"damage_healed":0,"gold_gain":0,"player_choice":"Removed Skill","damage_taken":0,"max_hp_gain":0,"max_hp_loss":0,"event_name":"Falling","floor":47,"gold_loss":0}],"is_beta":false,"boss_relics":[{"not_picked":["Astrolabe","Runic Pyramid"],"picked":"Cursed Key"},{"not_picked":["Calling Bell","Lizard Tail"],"picked":"Sozu"}],"items_purged_floors":[5,37,53],"is_endless":false,"potions_floor_spawned":[4,6,10,14,19,23,31,33,38,44,45,48],"killed_by":"The Heart","ascension_level":0}