{"gold_per_floor":[209,227,32,32,51,77,91,91,118,118,128,138,156,186,186,290,290,307,23,23,23,23,53,70,134,158,73,84,102,2,20,20,118,118,129,129,4,24,43,43,43],"floor_reached":41,"playtime":2290,"items_purged":["Strike_B","Strike_B","Genetic Algorithm"],"score":520,"play_id":"5d6db4f4-41a4-4b42-8b34-c4c00deca493","local_time":"20190703223316","is_ascension_mode":false,"campfire_choices":[{"data":"White Noise","floor":8.0,"key":"SMITH"},{"data":"Ball Lightning","floor":15.0,"key":"SMITH"},{"floor":32.0,"key":"REST"},{"data":"Dualcast","floor":40,"key":"SMITH"}],"neow_cost":"NONE","seed_source_timestamp":0,"circlet_count":0,"master_deck":["Zap","Dualcast+1","Leap","Beam Cell+1","Ball Lightning+1","White Noise+1","Self Repair","Coolheaded","Ball Lightning","Leap","Biased Cognition","Double Energy","Core Surge","Leap","RitualDagger","Hologram","Go for the Eyes","Electrodynamics","Heatsinks","Storm","Undo","Leap+1","Creative AI","Biased Cognition","Compile Driver","Chaos","Recycle","Skim","Chill+1","Glacier","Conserve Battery"],"special_seed":0,"relics":["FrozenCore","Bag of Marbles","Dream Catcher","Happy Flower","Oddly Smooth Stone","ClockworkSouvenir","Letter Opener","Tiny Chest","Orichalcum","Ancient Tea Set","Pandora\u0027s Box","GremlinMask"],"potions_floor_usage":[41,41,41,41,41,41],"damage_taken":[{"damage":6.0,"enemies":"Jaw Worm","floor":1.0,"turns":3.0},{"damage":0.0,"enemies":"2 Louse","floor":2.0,"turns":1.0},{"damage":0.0,"enemies":"Cultist","floor":5.0,"turns":2.0},{"damage":18.0,"enemies":"Gremlin Nob","floor":6.0,"turns":3.0},{"damage":12.0,"enemies":"Exordium Thugs","floor":7.0,"turns":5.0},{"damage":8.0,"enemies":"2 Fungi Beasts","floor":11.0,"turns":4.0},{"damage":5.0,"enemies":"Looter","floor":12.0,"turns":2.0},{"damage":4.0,"enemies":"Large Slime","floor":13.0,"turns":4.0},{"damage":12.0,"enemies":"Lagavulin","floor":14.0,"turns":3.0},{"damage":0.0,"enemies":"Slime Boss","floor":16.0,"turns":9.0},{"damage":9.0,"enemies":"Spheric Guardian","floor":18.0,"turns":5.0},{"damage":16.0,"enemies":"Gremlin Leader","floor":23.0,"turns":7.0},{"damage":2.0,"enemies":"3 Byrds","floor":24.0,"turns":5.0},{"damage":14.0,"enemies":"Slavers","floor":25.0,"turns":6.0},{"damage":10.0,"enemies":"3 Cultists","floor":28.0,"turns":5.0},{"damage":5.0,"enemies":"Shelled Parasite and Fungi","floor":29.0,"turns":5.0},{"damage":6.0,"enemies":"Snake Plant","floor":31.0,"turns":5.0},{"damage":18.0,"enemies":"Collector","floor":33.0,"turns":6.0},{"damage":23,"enemies":"3 Darklings","floor":35,"turns":3},{"damage":8,"enemies":"Orb Walker","floor":38,"turns":4},{"damage":2,"enemies":"4 Shapes","floor":39,"turns":3},{"damage":105,"enemies":"Giant Head","floor":41,"turns":12}],"seed_played":"7195675670080517979","potions_obtained":[{"floor":6.0,"key":"GamblersBrew"},{"floor":7.0,"key":"Poison Potion"},{"floor":11.0,"key":"EntropicBrew"},{"floor":13.0,"key":"Swift Potion"},{"floor":14.0,"key":"PowerPotion"},{"floor":25.0,"key":"GamblersBrew"},{"floor":35,"key":"AttackPotion"},{"floor":38,"key":"PowerPotion"}],"is_trial":false,"path_per_floor":["M","M","$","?","M","E","M","R","T","?","M","M","M","E","R","B",null,"M","$","?","?","?","E","M","E","T","?","M","M","$","M","R","B",null,"M","?","$","M","M","R","E"],"character_chosen":"DEFECT","items_purchased":["Ball Lightning","Bag of Marbles","ClockworkSouvenir"],"campfire_rested":1,"item_purchase_floors":[3,3,19],"current_hp_per_floor":[69,69,69,69,69,51,46,46,46,46,45,47,50,38,38,38,75,73,73,59,59,53,44,49,42,42,42,32,34,34,28,52,41,80,57,57,57,56,54,54,0],"gold":43,"neow_bonus":"HUNDRED_GOLD","is_prod":false,"is_daily":false,"chose_seed":false,"campfire_upgraded":3,"win_rate":0,"timestamp":1562185996,"path_taken":["M","M","$","?","M","E","M","R","T","?","?","M","M","E","R","BOSS","M","$","?","?","?","E","M","E","T","?","M","M","$","M","R","BOSS","M","?","$","M","M","R","E"],"build_version":"2019-07-01","purchased_purges":3,"victory":false,"max_hp_per_floor":[75,75,75,75,75,75,75,75,75,75,75,75,75,75,75,75,75,75,75,80,80,80,80,80,80,80,80,80,80,80,80,80,80,80,80,80,80,80,80,80,80],"card_choices":[{"not_picked":["Hologram","White Noise"],"picked":"Leap","floor":1.0},{"not_picked":["FTL","Turbo"],"picked":"Beam Cell","floor":2.0},{"not_picked":["Redo","Hologram"],"picked":"White Noise","floor":5.0},{"not_picked":["Leap","Coolheaded"],"picked":"Self Repair","floor":6.0},{"not_picked":["Gash","Barrage"],"picked":"Coolheaded","floor":7.0},{"not_picked":["Barrage","Compile Driver"],"picked":"Ball Lightning","floor":11.0},{"not_picked":["Barrage","Coolheaded"],"picked":"Leap","floor":12.0},{"not_picked":["Barrage","Aggregate"],"picked":"Biased Cognition","floor":13.0},{"not_picked":["Go for the Eyes","Coolheaded"],"picked":"Double Energy","floor":14.0},{"not_picked":["Amplify","Hyperbeam"],"picked":"Core Surge","floor":16.0},{"not_picked":["Static Discharge","Double Energy+1"],"picked":"Leap","floor":18.0},{"not_picked":["Gash+1","Barrage"],"picked":"Hologram","floor":23.0},{"not_picked":["Tempest","Gash+1"],"picked":"Go for the Eyes","floor":24.0},{"not_picked":["Streamline","Lockon+1"],"picked":"Electrodynamics","floor":25.0},{"not_picked":["Reprogram+1","Leap"],"picked":"Heatsinks","floor":28.0},{"not_picked":["Ball Lightning","Recycle"],"picked":"Storm","floor":29.0},{"not_picked":["Hologram+1","Stack"],"picked":"Undo","floor":31.0},{"not_picked":["Beam Cell","Coolheaded"],"picked":"Leap+1","floor":32.0},{"not_picked":["Amplify","Rainbow"],"picked":"Creative AI","floor":33.0},{"not_picked":["Ball Lightning","Leap"],"picked":"Chill+1","floor":35},{"not_picked":["Sweeping Beam","Leap"],"picked":"Glacier","floor":38},{"not_picked":["Recycle+1","Static Discharge+1"],"picked":"Conserve Battery","floor":39}],"player_experience":301211,"relics_obtained":[{"floor":6.0,"key":"Dream Catcher"},{"floor":9.0,"key":"Happy Flower"},{"floor":14.0,"key":"Oddly Smooth Stone"},{"floor":23.0,"key":"Letter Opener"},{"floor":25.0,"key":"Tiny Chest"},{"floor":26.0,"key":"Orichalcum"}],"event_choices":[{"damage_healed":0.0,"max_hp_gain":0.0,"max_hp_loss":0.0,"gold_gain":0.0,"event_name":"Living Wall","player_choice":"Grow","floor":4.0,"gold_loss":0.0,"damage_taken":0.0,"cards_upgraded":["Beam Cell"]},{"damage_healed":0.0,"max_hp_gain":0.0,"max_hp_loss":0.0,"gold_gain":0.0,"event_name":"NoteForYourself","player_choice":"Ignored","floor":10.0,"gold_loss":0.0,"damage_taken":0.0},{"damage_healed":0.0,"max_hp_gain":5.0,"max_hp_loss":0.0,"gold_gain":0.0,"event_name":"Forgotten Altar","player_choice":"Shed Blood","floor":20.0,"gold_loss":0.0,"damage_taken":19.0},{"damage_healed":0.0,"max_hp_gain":0.0,"max_hp_loss":0.0,"gold_gain":0.0,"event_name":"Vampires","player_choice":"Ignored","floor":21.0,"gold_loss":0.0,"damage_taken":0.0},{"damage_healed":0.0,"max_hp_gain":0.0,"max_hp_loss":0.0,"gold_gain":0.0,"event_name":"Nest","player_choice":"Joined the Cult","floor":22.0,"gold_loss":0.0,"damage_taken":6.0,"cards_obtained":["RitualDagger"]},{"damage_healed":0.0,"max_hp_gain":0.0,"max_hp_loss":0.0,"gold_gain":0.0,"event_name":"Addict","player_choice":"Obtained Relic","floor":27.0,"gold_loss":85.0,"damage_taken":0.0,"relics_obtained":["Ancient Tea Set"]},{"damage_healed":0,"gold_gain":0,"player_choice":"Trade","damage_taken":0,"relics_obtained":["GremlinMask"],"max_hp_gain":0,"max_hp_loss":0,"event_name":"FaceTrader","floor":36,"gold_loss":0}],"is_beta":false,"boss_relics":[{"not_picked":["Orrery","Runic Dome"],"picked":"FrozenCore"},{"not_picked":["Calling Bell","Astrolabe"],"picked":"Pandora\u0027s Box"}],"items_purged_floors":[19,30,37],"is_endless":false,"potions_floor_spawned":[6,7,11,12,13,14,25,28,35,38],"killed_by":"Giant Head","ascension_level":0}