{"gold_per_floor":[109,109,259,22,42,78,78,109,158,158,181,216,228,297,309,417,429,454,484,496,523,288,288,288,288,315,315],"floor_reached":27,"playtime":771,"items_purged":["Doubt"],"score":441,"play_id":"72abb41b-d274-4249-8dc4-36a176eea3d7","local_time":"20190718222532","is_ascension_mode":true,"campfire_choices":[{"data":"Zap","floor":7,"key":"SMITH"},{"data":"Loop","floor":10,"key":"SMITH"},{"data":"Chill","floor":15,"key":"SMITH"},{"data":"Fission","floor":23,"key":"SMITH"},{"data":"hubris:DoWhile","floor":25,"key":"SMITH"}],"neow_cost":"NONE","seed_source_timestamp":706791825333288,"circlet_count":0,"master_deck":["AscendersBane","Strike_B","Strike_B","Defend_B","Defend_B","Defend_B","Defend_B","Zap+1","Dualcast","Cold Snap","Doom and Gloom","Sweeping Beam","Rainbow","Loop+1","Coolheaded","Chill+1","Fission+1","hubris:DoWhile+1","Reboot"],"relics":["Cracked Core","NeowsBlessing","Golden Idol","Orichalcum","Emotion Chip","Strawberry","Smiling Mask","MawBank","Bag of Preparation","Tiny Chest","hubris:HollowSoul","Lee\u0027s Waffle","Nilry\u0027s Codex","Happy Flower"],"potions_floor_usage":[16,18],"damage_taken":[{"damage":0,"enemies":"2 Louse","floor":1,"turns":1},{"damage":0,"enemies":"Small Slimes","floor":5,"turns":1},{"damage":0,"enemies":"Gremlin Nob","floor":6,"turns":1},{"damage":14,"enemies":"3 Sentries","floor":8,"turns":4},{"damage":4,"enemies":"Jaw Worm","floor":11,"turns":3},{"damage":19,"enemies":"Lagavulin","floor":12,"turns":5},{"damage":25,"enemies":"Slime Boss","floor":16,"turns":7},{"damage":13,"enemies":"2 Thieves","floor":18,"turns":3},{"damage":13,"enemies":"3 Byrds","floor":19,"turns":6},{"damage":16,"enemies":"Centurion and Healer","floor":21,"turns":8},{"damage":17,"enemies":"Slavers","floor":27,"turns":1}],"seed_played":"2950897642471530877","potions_obtained":[{"floor":5,"key":"SpeedPotion"},{"floor":6,"key":"Explosive Potion"},{"floor":12,"key":"Strength Potion"},{"floor":16,"key":"SkillPotion"},{"floor":19,"key":"Strength Potion"}],"is_trial":false,"path_per_floor":["M","?","?","$","M","E","R","E","T","R","M","E","?","T","R","B",null,"M","M","?","M","$","R","?","R","T","E"],"character_chosen":"DEFECT","items_purchased":["Orichalcum","Doom and Gloom","Lee\u0027s Waffle"],"campfire_rested":0,"item_purchase_floors":[4,4,22],"current_hp_per_floor":[64,64,64,64,64,64,64,57,57,57,53,34,34,34,34,9,56,43,30,30,14,78,78,57,57,57,0],"gold":315,"neow_bonus":"THREE_ENEMY_KILL","is_prod":false,"is_daily":false,"chose_seed":false,"campfire_upgraded":5,"win_rate":0,"timestamp":1563503132,"path_taken":["M","?","?","$","M","E","R","E","T","R","M","E","?","?","R","BOSS","M","M","?","M","$","R","?","R","T","E"],"build_version":"2019-07-17","purchased_purges":1,"victory":false,"max_hp_per_floor":[71,64,64,64,64,64,64,71,71,71,71,71,71,71,71,71,71,71,71,71,71,78,78,78,78,78,78],"card_choices":[{"not_picked":["Conserve Battery","Stack"],"picked":"Cold Snap","floor":1},{"not_picked":["Auto Shields","Leap"],"picked":"Sweeping Beam","floor":5},{"not_picked":["Barrage","Compile Driver"],"picked":"Rainbow","floor":6},{"not_picked":["Streamline","Barrage"],"picked":"Loop","floor":8},{"not_picked":["Beam Cell","Cold Snap"],"picked":"Coolheaded","floor":11},{"not_picked":["Barrage","Heatsinks"],"picked":"Chill","floor":12},{"not_picked":["hubris:DoWhile","Amplify"],"picked":"Fission","floor":16},{"not_picked":["Beam Cell","Leap","Go for the Eyes"],"picked":"SKIP","floor":18},{"not_picked":["Force Field","Beam Cell","Aggregate+1"],"picked":"SKIP","floor":19},{"not_picked":["Thunder Strike","Heatsinks","Storm"],"picked":"SKIP","floor":21}],"player_experience":2602814,"relics_obtained":[{"floor":6,"key":"Emotion Chip"},{"floor":8,"key":"Strawberry"},{"floor":9,"key":"Smiling Mask"},{"floor":12,"key":"MawBank"},{"floor":14,"key":"Tiny Chest"},{"floor":24,"key":"Nilry\u0027s Codex"},{"floor":26,"key":"Happy Flower"}],"event_choices":[{"damage_healed":0,"gold_gain":0,"player_choice":"Lose Max HP","damage_taken":0,"relics_obtained":["Golden Idol"],"max_hp_gain":0,"max_hp_loss":7,"event_name":"Golden Idol","floor":2,"gold_loss":0},{"damage_healed":0,"gold_gain":150,"player_choice":"AGREE","damage_taken":0,"max_hp_gain":0,"max_hp_loss":0,"event_name":"Liars Game","floor":3,"gold_loss":0,"cards_obtained":["Doubt"]},{"damage_healed":0,"gold_gain":0,"player_choice":"Searched \u00271\u0027 times","damage_taken":0,"relics_obtained":["Bag of Preparation"],"max_hp_gain":0,"max_hp_loss":0,"event_name":"Dead Adventurer","floor":13,"gold_loss":0},{"damage_healed":0,"gold_gain":0,"cards_transformed":["Strike_B","Strike_B"],"player_choice":"Became Test Subject","damage_taken":0,"max_hp_gain":0,"max_hp_loss":0,"event_name":"Drug Dealer","floor":20,"gold_loss":0,"cards_obtained":["hubris:DoWhile","Reboot"]},{"damage_healed":0,"gold_gain":0,"player_choice":"Obtained Book","damage_taken":21,"max_hp_gain":0,"max_hp_loss":0,"event_name":"Cursed Tome","floor":24,"gold_loss":0}],"is_beta":false,"boss_relics":[{"not_picked":["hubris:Stopwatch","Empty Cage"],"picked":"hubris:HollowSoul"}],"items_purged_floors":[22],"is_endless":false,"potions_floor_spawned":[5,6,12,16,19],"killed_by":"Slavers","ascension_level":15}