{"gold_per_floor":[117,292,32,32,47,47,62,91,91,104,120,47,63,117,117,218,218,204,214,86,106,122,148,148,148,148,27,52,67,67,93,93,197,197,213,213,248,2,2,31,31,66,66,97,97,131,211,433,433,433,433,433,65,93,93],"floor_reached":56,"playtime":5010,"items_purged":["Doubt","Defend_B","Strike_B","Defend_B","Defend_B","Strike_B"],"score":1220,"play_id":"470517d6-2572-497d-812f-4f744cf6e37c","local_time":"20190825191802","is_ascension_mode":false,"campfire_choices":[{"data":"Dualcast","floor":6,"key":"SMITH"},{"data":"Streamline","floor":15,"key":"SMITH"},{"data":"Loop","floor":25,"key":"SMITH"},{"floor":32,"key":"REST"},{"floor":41,"key":"RECALL"},{"floor":45,"key":"REST"},{"data":"Panacea","floor":49,"key":"SMITH"},{"data":"Chill","floor":52,"key":"SMITH"}],"neow_cost":"NONE","seed_source_timestamp":6916850989000,"circlet_count":0,"master_deck":["Strike_B","Strike_B","Defend_B","Zap+1","Dualcast+1","Streamline+1","Cold Snap","Loop+1","Rebound","Undo","Leap+1","Echo Form+1","Turbo","Coolheaded","Creative AI+1","Conserve Battery+1","Hologram","Defragment+1","Barrage","Undo","Chill+1","Cold Snap","Skim","Beam Cell","Auto Shields+1","Leap+1","Machine Learning+1","White Noise+1","HandOfGreed","Panacea+1","Barrage+1","Defragment+1","Leap+1","Self Repair+1","Multi-Cast"],"relics":["FrozenCore","Smiling Mask","Vajra","Frozen Egg 2","Kunai","Art of War","Nuclear Battery","Regal Pillow","Bag of Preparation","Shuriken","Red Mask","ClockworkSouvenir","Centennial Puzzle","The Courier","Singing Bowl","Symbiotic Virus","War Paint","Bag of Marbles"],"potions_floor_usage":[21,28,28,33,54,54,55],"damage_taken":[{"damage":1,"enemies":"2 Louse","floor":1,"turns":2},{"damage":2,"enemies":"Small Slimes","floor":5,"turns":3},{"damage":0,"enemies":"Cultist","floor":7,"turns":3},{"damage":4,"enemies":"Gremlin Nob","floor":8,"turns":3},{"damage":4,"enemies":"Exordium Wildlife","floor":10,"turns":3},{"damage":2,"enemies":"Exordium Thugs","floor":11,"turns":4},{"damage":6,"enemies":"2 Fungi Beasts","floor":13,"turns":4},{"damage":15,"enemies":"Slime Boss","floor":16,"turns":7},{"damage":18,"enemies":"2 Thieves","floor":18,"turns":4},{"damage":0,"enemies":"3 Byrds","floor":19,"turns":6},{"damage":4,"enemies":"Snake Plant","floor":21,"turns":6},{"damage":0,"enemies":"Centurion and Healer","floor":22,"turns":5},{"damage":13,"enemies":"Gremlin Leader","floor":23,"turns":8},{"damage":19,"enemies":"Slavers","floor":28,"turns":9},{"damage":18,"enemies":"Snecko","floor":29,"turns":4},{"damage":12,"enemies":"Masked Bandits","floor":31,"turns":5},{"damage":20,"enemies":"Collector","floor":33,"turns":14},{"damage":0,"enemies":"3 Darklings","floor":35,"turns":11},{"damage":0,"enemies":"3 Shapes","floor":37,"turns":6},{"damage":21,"enemies":"Reptomancer","floor":40,"turns":8},{"damage":16,"enemies":"Nemesis","floor":42,"turns":9},{"damage":8,"enemies":"Spire Growth","floor":44,"turns":6},{"damage":0,"enemies":"Jaw Worm Horde","floor":46,"turns":9},{"damage":15,"enemies":"Time Eater","floor":50,"turns":9},{"damage":28,"enemies":"Shield and Spear","floor":54,"turns":10},{"damage":30,"enemies":"The Heart","floor":55,"turns":14}],"seed_played":"1811856687777119756","potions_obtained":[{"floor":7,"key":"Regen Potion"},{"floor":10,"key":"Energy Potion"},{"floor":11,"key":"Block Potion"},{"floor":22,"key":"Dexterity Potion"},{"floor":28,"key":"Weak Potion"},{"floor":31,"key":"Swift Potion"},{"floor":42,"key":"Dexterity Potion"}],"is_trial":false,"path_per_floor":["M","?","$","?","M","R","M","E","T","M","M","$","M","T","R","B",null,"M","M","$","M","M","E","?","R","T","$","E","M","?","?","R","B",null,"M","?","M","$","?","E","R","E","T","M","R","M","T","?","R","B",null,"R","$","E","B",null],"character_chosen":"DEFECT","items_purchased":["Vajra","Cold Snap","Turbo","Defragment+1","Skim","ClockworkSouvenir","Symbiotic Virus","War Paint"],"campfire_rested":2,"item_purchase_floors":[3,3,12,20,27,38,53,53],"current_hp_per_floor":[74,74,74,74,72,72,72,68,68,64,62,62,56,56,56,41,75,57,57,57,53,53,40,40,40,40,40,36,18,18,6,43,23,75,75,70,70,70,70,49,49,33,33,25,62,62,62,62,62,47,75,75,75,57,27],"gold":93,"neow_bonus":"RANDOM_COMMON_RELIC","is_prod":false,"is_daily":false,"chose_seed":false,"campfire_upgraded":5,"win_rate":0,"timestamp":1566753482,"path_taken":["M","?","$","?","M","R","M","E","T","?","M","$","M","?","R","BOSS","M","M","$","M","M","E","?","R","T","$","E","M","?","?","R","BOSS","M","?","M","$","?","E","R","E","T","M","R","?","?","?","R","BOSS","R","$","E","BOSS"],"build_version":"2019-07-17","purchased_purges":6,"victory":true,"max_hp_per_floor":[75,75,75,75,75,75,75,75,75,75,75,75,75,75,75,75,75,75,75,75,75,75,75,75,75,75,75,75,75,75,75,75,75,75,75,75,75,75,75,75,75,75,75,75,75,75,75,75,75,75,75,75,75,75,75],"card_choices":[{"not_picked":["Stack","Leap"],"picked":"Streamline","floor":1},{"not_picked":["Coolheaded","Stack"],"picked":"Loop","floor":5},{"not_picked":["Stack","Glacier"],"picked":"Rebound","floor":7},{"not_picked":["Sweeping Beam","Fusion"],"picked":"Undo","floor":8},{"not_picked":["Sunder","Go for the Eyes"],"picked":"Leap","floor":10},{"not_picked":["Scrape","Cold Snap"],"picked":"Echo Form+1","floor":11},{"not_picked":["Gash","Leap"],"picked":"Coolheaded","floor":13},{"not_picked":["Fission","Core Surge"],"picked":"Creative AI+1","floor":16},{"not_picked":["Fusion","Redo"],"picked":"Conserve Battery+1","floor":18},{"not_picked":["Streamline","Compile Driver"],"picked":"Hologram","floor":19},{"not_picked":["Redo","Compile Driver"],"picked":"Barrage","floor":21},{"not_picked":["Go for the Eyes","Sweeping Beam"],"picked":"Undo","floor":22},{"not_picked":["Scrape","Aggregate"],"picked":"Chill","floor":23},{"not_picked":["Turbo","Gash+1"],"picked":"Beam Cell","floor":28},{"not_picked":["Steam","Go for the Eyes"],"picked":"Auto Shields","floor":29},{"not_picked":["Lockon","Barrage"],"picked":"Leap+1","floor":31},{"not_picked":["Echo Form+1","Hyperbeam"],"picked":"Machine Learning+1","floor":33},{"not_picked":["Coolheaded","Stack"],"picked":"White Noise+1","floor":35},{"not_picked":["Violence","Discovery"],"picked":"HandOfGreed","floor":36},{"not_picked":["Mayhem+1","Forethought"],"picked":"Panacea","floor":36},{"not_picked":["Gash","Beam Cell+1"],"picked":"Barrage","floor":37},{"not_picked":["Storm+1","Barrage+1"],"picked":"Defragment+1","floor":40},{"not_picked":["BootSequence","Aggregate+1","Lockon"],"picked":"SKIP","floor":42},{"not_picked":["Hologram+1","Tempest"],"picked":"Leap+1","floor":44},{"not_picked":["Sweeping Beam+1","Loop+1"],"picked":"Self Repair+1","floor":46},{"not_picked":["Gash+1","Redo"],"picked":"Multi-Cast","floor":54}],"player_experience":327696,"relics_obtained":[{"floor":8,"key":"Frozen Egg 2"},{"floor":9,"key":"Kunai"},{"floor":14,"key":"Art of War"},{"floor":23,"key":"Regal Pillow"},{"floor":26,"key":"Bag of Preparation"},{"floor":28,"key":"Shuriken"},{"floor":31,"key":"Red Mask"},{"floor":40,"key":"Centennial Puzzle"},{"floor":42,"key":"The Courier"},{"floor":47,"key":"Singing Bowl"},{"floor":54,"key":"Bag of Marbles"}],"event_choices":[{"damage_healed":0,"gold_gain":175,"player_choice":"AGREE","damage_taken":0,"max_hp_gain":0,"max_hp_loss":0,"event_name":"Liars Game","floor":2,"gold_loss":0,"cards_obtained":["Doubt"]},{"damage_healed":0,"gold_gain":0,"player_choice":"Forge","damage_taken":0,"max_hp_gain":0,"max_hp_loss":0,"event_name":"Accursed Blacksmith","floor":4,"gold_loss":0,"cards_upgraded":["Zap"]},{"damage_healed":0,"gold_gain":0,"player_choice":"Read","damage_taken":0,"max_hp_gain":0,"max_hp_loss":0,"event_name":"The Library","floor":24,"gold_loss":0,"cards_obtained":["Cold Snap"]},{"damage_healed":0,"gold_gain":0,"player_choice":"Ignored","damage_taken":0,"max_hp_gain":0,"max_hp_loss":0,"event_name":"Ghosts","floor":30,"gold_loss":0},{"damage_healed":0,"gold_gain":0,"player_choice":"Fought Bandits","damage_taken":0,"max_hp_gain":0,"max_hp_loss":0,"event_name":"Masked Bandits","floor":31,"gold_loss":0},{"damage_healed":0,"gold_gain":0,"player_choice":"Memory 2","damage_taken":5,"max_hp_gain":0,"max_hp_loss":0,"event_name":"SensoryStone","floor":36,"gold_loss":0},{"damage_healed":0,"gold_gain":0,"player_choice":"Upgraded","damage_taken":0,"max_hp_gain":0,"max_hp_loss":0,"event_name":"Upgrade Shrine","floor":39,"gold_loss":0,"cards_upgraded":["Barrage"]},{"damage_healed":0,"gold_gain":222,"player_choice":"Wore Mask","damage_taken":0,"max_hp_gain":0,"max_hp_loss":0,"event_name":"Tomb of Lord Red Mask","floor":48,"gold_loss":0}],"is_beta":false,"boss_relics":[{"not_picked":["Empty Cage","Runic Pyramid"],"picked":"Nuclear Battery"},{"not_picked":["Cursed Key","Sozu"],"picked":"FrozenCore"}],"items_purged_floors":[3,12,20,27,38,53],"is_endless":false,"potions_floor_spawned":[7,10,11,13,18,22,23,28,31,42,46],"ascension_level":0}