{"gold_per_floor":[119,119,137,148,148,148,188,188,188,202,202,237,257,298,298,394,394,415,430,430,430,555,555,555,587,613,640,640,437,453,467,467,541,541,551,272,292,292,292,292,149,149,175,175,91,41,69,86,86,86,86,86,25,58,58],"floor_reached":56,"playtime":2925,"items_purged":["Bash+1","Dropkick","Anger"],"score":1857,"play_id":"005706aa-ff54-4f19-ba97-0502b9fe12d2","local_time":"20190615225653","is_ascension_mode":true,"campfire_choices":[{"data":"Bash","floor":6.0,"key":"SMITH"},{"data":"Uppercut","floor":8.0,"key":"SMITH"},{"data":"Cleave","floor":15.0,"key":"SMITH"},{"data":"Corruption","floor":23,"key":"SMITH"},{"data":"True Grit","floor":32,"key":"SMITH"},{"data":"Barricade","floor":40,"key":"SMITH"},{"floor":42,"key":"RECALL"},{"data":"Power Through","floor":44,"key":"SMITH"},{"data":"Shrug It Off","floor":49,"key":"SMITH"},{"data":"Offering","floor":52,"key":"SMITH"}],"neow_cost":"NONE","seed_source_timestamp":181270128689538,"circlet_count":0,"master_deck":["AscendersBane","Cleave+1","Headbutt","Spot Weakness","Uppercut+1","Corruption+1","Barricade+1","Twin Strike","Blood for Blood","Shockwave","Battle Trance","Evolve","Rupture","Uppercut","Iron Wave+1","Shrug It Off+1","Metallicize","Brutality","J.A.X.+1","True Grit+1","Offering+1","Power Through+1","Evolve","Entrench+1","Dark Shackles","The Bomb","Power Through+1","Immolate","Shockwave","Feel No Pain","Shrug It Off","True Grit+1"],"special_seed":0,"relics":["Burning Blood","Orichalcum","Bloody Idol","Matryoshka","Meat on the Bone","Self Forming Clay","Ancient Tea Set","Pandora\u0027s Box","Mango","Pantograph","Darkstone Periapt","Smiling Mask","Juzu Bracelet","Strawberry","Happy Flower","Mark of Pain","Membership Card","Mummified Hand","PreservedInsect","Vajra","Red Skull"],"potions_floor_usage":[22,22,31,47,55,55],"damage_taken":[{"damage":4.0,"enemies":"Small Slimes","floor":1.0,"turns":4.0},{"damage":7.0,"enemies":"2 Louse","floor":3.0,"turns":2.0},{"damage":6.0,"enemies":"Jaw Worm","floor":4.0,"turns":3.0},{"damage":13.0,"enemies":"Gremlin Nob","floor":7.0,"turns":4.0},{"damage":9.0,"enemies":"Large Slime","floor":10.0,"turns":4.0},{"damage":23.0,"enemies":"Lagavulin","floor":12.0,"turns":4.0},{"damage":0.0,"enemies":"Gremlin Gang","floor":13.0,"turns":3.0},{"damage":15.0,"enemies":"3 Sentries","floor":14.0,"turns":6.0},{"damage":47.0,"enemies":"Slime Boss","floor":16.0,"turns":9.0},{"damage":16.0,"enemies":"Shell Parasite","floor":18.0,"turns":4.0},{"damage":5.0,"enemies":"Spheric Guardian","floor":19.0,"turns":3.0},{"damage":13,"enemies":"Colosseum Slavers","floor":22,"turns":3},{"damage":18,"enemies":"Colosseum Nobs","floor":22,"turns":4},{"damage":16,"enemies":"Book of Stabbing","floor":25,"turns":4},{"damage":24,"enemies":"Gremlin Leader","floor":27,"turns":6},{"damage":14,"enemies":"Chosen and Byrds","floor":30,"turns":3},{"damage":13,"enemies":"Snecko","floor":31,"turns":5},{"damage":71,"enemies":"Collector","floor":33,"turns":8},{"damage":4,"enemies":"3 Shapes","floor":35,"turns":4},{"damage":30,"enemies":"3 Darklings","floor":37,"turns":5},{"damage":27,"enemies":"Reptomancer","floor":47,"turns":5},{"damage":13,"enemies":"Maw","floor":48,"turns":5},{"damage":33,"enemies":"Time Eater","floor":50,"turns":10},{"damage":24,"enemies":"Shield and Spear","floor":54,"turns":4},{"damage":74,"enemies":"The Heart","floor":55,"turns":9}],"seed_played":"-3725461663432568880","potions_obtained":[{"floor":4.0,"key":"FearPotion"},{"floor":12.0,"key":"PowerPotion"},{"floor":16.0,"key":"Swift Potion"},{"floor":19.0,"key":"AttackPotion"},{"floor":22,"key":"Fruit Juice"},{"floor":25,"key":"Fire Potion"},{"floor":31,"key":"SteroidPotion"},{"floor":37,"key":"PowerPotion"},{"floor":47,"key":"SteroidPotion"}],"is_trial":false,"path_per_floor":["M","?","M","M","?","R","E","R","T","M","?","E","M","E","R","B",null,"M","M","?","?","?","R","?","E","T","E","?","$","M","M","R","B",null,"M","$","M","?","?","R","$","R","T","R","$","?","E","M","R","B",null,"R","$","E","B",null],"character_chosen":"IRONCLAD","items_purchased":["Happy Flower","Membership Card","Evolve","Power Through","Mummified Hand","Immolate","Feel No Pain","Shrug It Off"],"campfire_rested":0,"item_purchase_floors":[29,36,36,41,41,45,53,53],"current_hp_per_floor":[70,70,69,69,68,68,61,61,61,58,58,41,47,50,50,21,56,46,47,47,47,66,66,66,61,66,60,60,60,57,72,72,46,82,89,89,70,70,60,60,60,60,65,65,65,65,61,59,59,57,85,85,85,72,38],"gold":58,"neow_bonus":"RANDOM_COMMON_RELIC","is_prod":false,"is_daily":false,"chose_seed":false,"campfire_upgraded":9,"win_rate":0,"timestamp":1560653813,"path_taken":["M","?","M","M","?","R","E","R","T","M","?","E","M","E","R","BOSS","M","M","?","?","?","R","?","E","T","E","?","$","M","M","R","BOSS","M","$","M","?","?","R","?","R","T","R","$","?","E","M","R","BOSS","R","$","E","BOSS"],"build_version":"2019-06-13","purchased_purges":3,"victory":true,"max_hp_per_floor":[75,75,75,75,68,68,68,68,68,68,68,68,68,68,68,68,68,68,68,68,68,82,82,82,82,82,89,89,89,89,94,94,94,94,94,94,94,94,94,94,94,94,94,94,94,94,94,94,94,94,94,94,94,94,94],"card_choices":[{"not_picked":["Perfected Strike","Rupture"],"picked":"Cleave","floor":1.0},{"not_picked":["Wild Strike","Rupture"],"picked":"Headbutt","floor":3.0},{"not_picked":["Cleave","True Grit"],"picked":"Spot Weakness","floor":4.0},{"not_picked":["Havoc","Thunderclap"],"picked":"Uppercut","floor":7.0},{"not_picked":["Exhume","Uppercut","Thunderclap"],"picked":"SKIP","floor":10.0},{"not_picked":["Pommel Strike","Body Slam"],"picked":"Anger","floor":12.0},{"not_picked":["Twin Strike","Infernal Blade","Clash"],"picked":"SKIP","floor":13.0},{"not_picked":["Wild Strike","Armaments"],"picked":"Corruption","floor":14.0},{"not_picked":["Limit Break","Brutality"],"picked":"Barricade","floor":16.0},{"not_picked":["Perfected Strike","Twin Strike"],"picked":"Iron Wave+1","floor":18.0},{"not_picked":["Dual Wield","Thunderclap"],"picked":"Shrug It Off","floor":19.0},{"not_picked":["Dropkick+1","Anger"],"picked":"Metallicize","floor":22},{"not_picked":["Pommel Strike","Bloodletting","Berserk"],"picked":"SKIP","floor":25},{"not_picked":["Blood for Blood","Warcry"],"picked":"Brutality","floor":27},{"not_picked":["Bloodletting+1","Burning Pact","Wild Strike"],"picked":"SKIP","floor":30},{"not_picked":["Wild Strike","Headbutt"],"picked":"True Grit","floor":31},{"not_picked":["Berserk","Immolate"],"picked":"Offering","floor":33},{"not_picked":["Pommel Strike","Shrug It Off"],"picked":"Power Through+1","floor":35},{"not_picked":["Armaments","Blood for Blood"],"picked":"Entrench+1","floor":37},{"not_picked":["Swift Strike","Bandage Up"],"picked":"Dark Shackles","floor":39},{"not_picked":["Purity","Jack Of All Trades"],"picked":"The Bomb","floor":39},{"not_picked":["Clash","Rampage+1","Spot Weakness"],"picked":"SKIP","floor":47},{"not_picked":["Clash+1","Hemokinesis+1"],"picked":"Shockwave","floor":48},{"not_picked":["Brutality","Blood for Blood+1"],"picked":"True Grit+1","floor":54}],"player_experience":2544728,"relics_obtained":[{"floor":7.0,"key":"Matryoshka"},{"floor":9.0,"key":"Meat on the Bone"},{"floor":12.0,"key":"Self Forming Clay"},{"floor":14.0,"key":"Ancient Tea Set"},{"floor":22,"key":"Mango"},{"floor":22,"key":"Pantograph"},{"floor":25,"key":"Darkstone Periapt"},{"floor":26,"key":"Smiling Mask"},{"floor":26,"key":"Juzu Bracelet"},{"floor":27,"key":"Strawberry"},{"floor":43,"key":"PreservedInsect"},{"floor":47,"key":"Vajra"},{"floor":54,"key":"Red Skull"}],"event_choices":[{"cards_removed":["Strike_R"],"damage_healed":0.0,"max_hp_gain":0.0,"max_hp_loss":0.0,"gold_gain":0.0,"event_name":"Living Wall","player_choice":"Forget","floor":2.0,"gold_loss":0.0,"damage_taken":0.0},{"damage_healed":0.0,"max_hp_gain":0.0,"max_hp_loss":7.0,"gold_gain":0.0,"event_name":"Golden Idol","player_choice":"Lose Max HP","floor":5.0,"gold_loss":0.0,"damage_taken":0.0,"relics_obtained":["Golden Idol"]},{"damage_healed":0.0,"max_hp_gain":0.0,"max_hp_loss":0.0,"gold_gain":0.0,"event_name":"Liars Game","player_choice":"Ignored","floor":11.0,"gold_loss":0.0,"damage_taken":0.0},{"damage_healed":0.0,"max_hp_gain":0.0,"max_hp_loss":0.0,"gold_gain":0.0,"event_name":"The Mausoleum","player_choice":"Ignored","floor":20.0,"gold_loss":0.0,"damage_taken":0.0},{"damage_healed":0.0,"max_hp_gain":0.0,"max_hp_loss":0.0,"gold_gain":0.0,"event_name":"Vampires","player_choice":"Ignored","floor":21.0,"gold_loss":0.0,"damage_taken":0.0},{"damage_healed":0,"gold_gain":0,"player_choice":"Fight","damage_taken":0,"max_hp_gain":0,"max_hp_loss":0,"event_name":"Colosseum","floor":22,"gold_loss":0},{"damage_healed":0,"gold_gain":0,"player_choice":"Fought Nobs","damage_taken":0,"max_hp_gain":0,"max_hp_loss":0,"event_name":"Colosseum","floor":22,"gold_loss":0},{"damage_healed":0,"gold_gain":0,"player_choice":"Gave Idol","damage_taken":0,"relics_obtained":["Bloody Idol"],"max_hp_gain":0,"max_hp_loss":0,"event_name":"Forgotten Altar","floor":24,"relics_lost":["Golden Idol"],"gold_loss":0},{"damage_healed":0,"gold_gain":0,"player_choice":"Obtain J.A.X.","damage_taken":0,"max_hp_gain":0,"max_hp_loss":0,"event_name":"Drug Dealer","floor":28,"gold_loss":0,"cards_obtained":["J.A.X."]},{"damage_healed":0,"gold_gain":0,"player_choice":"Ignored","damage_taken":0,"max_hp_gain":0,"max_hp_loss":0,"event_name":"Tomb of Lord Red Mask","floor":38,"gold_loss":0},{"damage_healed":0,"gold_gain":0,"player_choice":"Memory 3","damage_taken":10,"max_hp_gain":0,"max_hp_loss":0,"event_name":"SensoryStone","floor":39,"gold_loss":0},{"damage_healed":0,"gold_gain":0,"player_choice":"Upgrade","damage_taken":0,"max_hp_gain":0,"max_hp_loss":0,"event_name":"Designer","floor":46,"gold_loss":50,"cards_upgraded":["J.A.X."]}],"is_beta":true,"boss_relics":[{"not_picked":["Busted Crown","Eternal Feather"],"picked":"Pandora\u0027s Box"},{"not_picked":["Velvet Choker","Lizard Tail"],"picked":"Mark of Pain"}],"items_purged_floors":[29,36,45],"is_endless":false,"potions_floor_spawned":[4,12,13,14,16,19,22,25,27,31,37,47],"ascension_level":15}