{"gold_per_floor":[117,137,157,174,188,188,206,240,263,297,297,297,54,110,110,187,187,200,250,269,139,155,180,180,214,214,214,226,9,27,54,54,128,128,148,159,159,171,185,185,204,239,239,167,44,44,44,57,57,57,57,57,7,41,41],"floor_reached":55,"playtime":2110,"items_purged":["Strike_R","Strike_R","Strike_R","Anger"],"score":1390,"play_id":"54350749-b2c9-4ee2-a5b6-97be241dd734","local_time":"20190618202147","is_ascension_mode":true,"campfire_choices":[{"data":"Clothesline","floor":6,"key":"SMITH"},{"data":"Disarm","floor":11,"key":"SMITH"},{"floor":15,"key":"REST"},{"data":"Apotheosis","floor":24,"key":"SMITH"},{"data":"Offering","floor":27,"key":"SMITH"},{"floor":32,"key":"REST"},{"floor":40,"key":"RECALL"},{"floor":47,"key":"REST"},{"floor":49,"key":"REST"},{"floor":52,"key":"REST"}],"neow_cost":"NONE","seed_source_timestamp":432043810399906,"circlet_count":0,"master_deck":["AscendersBane","Strike_R","Defend_R","Defend_R","Defend_R","Defend_R","Bash+1","Clothesline+1","Cleave","Disarm+1","Metallicize","Apotheosis+1","Spot Weakness","Offering+1","Disarm","Feel No Pain","Battle Trance","Sword Boomerang","Immolate","Shrug It Off","Limit Break","Inflame","True Grit","Shockwave","Whirlwind","PanicButton","Shrug It Off"],"relics":["Burning Blood","Omamori","Pen Nib","Self Forming Clay","Smiling Mask","Sozu","Bag of Preparation","Red Skull","Kunai","Bag of Marbles","Vajra","Cursed Key","Lantern","Blue Candle"],"potions_floor_usage":[8,10],"damage_taken":[{"damage":0,"enemies":"Cultist","floor":1,"turns":3},{"damage":4,"enemies":"Small Slimes","floor":2,"turns":3},{"damage":7,"enemies":"Jaw Worm","floor":3,"turns":3},{"damage":10,"enemies":"Lots of Slimes","floor":4,"turns":3},{"damage":11,"enemies":"Red Slaver","floor":5,"turns":3},{"damage":14,"enemies":"3 Louse","floor":7,"turns":4},{"damage":6,"enemies":"Gremlin Nob","floor":8,"turns":4},{"damage":50,"enemies":"3 Sentries","floor":10,"turns":8},{"damage":21,"enemies":"3 Sentries","floor":14,"turns":8},{"damage":16,"enemies":"Hexaghost","floor":16,"turns":9},{"damage":20,"enemies":"2 Thieves","floor":18,"turns":3},{"damage":4,"enemies":"Chosen","floor":20,"turns":5},{"damage":11,"enemies":"Centurion and Healer","floor":22,"turns":6},{"damage":6,"enemies":"Book of Stabbing","floor":23,"turns":5},{"damage":10,"enemies":"Slavers","floor":25,"turns":5},{"damage":6,"enemies":"Snake Plant","floor":28,"turns":3},{"damage":2,"enemies":"Cultist and Chosen","floor":30,"turns":4},{"damage":6,"enemies":"Book of Stabbing","floor":31,"turns":6},{"damage":19,"enemies":"Automaton","floor":33,"turns":8},{"damage":10,"enemies":"3 Darklings","floor":35,"turns":3},{"damage":10,"enemies":"3 Shapes","floor":36,"turns":2},{"damage":18,"enemies":"Maw","floor":38,"turns":5},{"damage":14,"enemies":"Sphere and 2 Shapes","floor":39,"turns":4},{"damage":10,"enemies":"3 Darklings","floor":41,"turns":5},{"damage":37,"enemies":"Nemesis","floor":42,"turns":7},{"damage":6,"enemies":"4 Shapes","floor":48,"turns":1},{"damage":32,"enemies":"Awakened One","floor":50,"turns":7},{"damage":45,"enemies":"Shield and Spear","floor":54,"turns":6},{"damage":44,"enemies":"The Heart","floor":55,"turns":3}],"seed_played":"2320228377202901906","potions_obtained":[{"floor":3,"key":"Regen Potion"},{"floor":4,"key":"SkillPotion"}],"is_trial":false,"path_per_floor":["M","M","M","M","M","R","M","E","T","E","R","?","$","?","R","B",null,"M","?","M","$","M","E","R","E","T","R","M","$","M","E","R","B",null,"M","M","?","M","M","R","M","E","T","$","$","?","R","M","R","B",null,"R","$","E","B"],"character_chosen":"IRONCLAD","items_purchased":["Apotheosis","Feel No Pain","Immolate","Bag of Marbles","Shockwave","Whirlwind"],"campfire_rested":5,"item_purchase_floors":[13,21,29,29,44,45],"current_hp_per_floor":[74,75,74,70,65,65,57,57,57,28,28,28,28,13,35,25,63,49,49,51,51,46,46,46,42,42,42,42,42,46,46,68,55,70,66,62,62,50,42,42,38,7,7,7,7,7,29,29,51,25,63,75,75,36,0],"gold":41,"neow_bonus":"UPGRADE_CARD","is_prod":false,"is_daily":false,"chose_seed":false,"campfire_upgraded":4,"win_rate":0,"timestamp":1560903707,"path_taken":["M","M","M","M","?","R","M","E","T","E","R","?","$","?","R","BOSS","M","?","M","$","M","E","R","E","T","R","M","$","M","E","R","BOSS","M","M","?","?","M","R","M","E","T","?","$","?","R","M","R","BOSS","R","$","E","BOSS"],"build_version":"2019-01-23","purchased_purges":4,"victory":false,"max_hp_per_floor":[75,75,75,75,75,75,75,75,75,75,75,75,75,75,75,75,75,75,75,75,75,75,75,75,75,75,75,75,75,75,75,75,75,75,75,75,75,75,75,75,75,75,75,75,75,75,75,75,75,75,75,75,75,75,75],"card_choices":[{"not_picked":["Heavy Blade","Cleave"],"picked":"Anger","floor":1},{"not_picked":["Sever Soul","Feel No Pain"],"picked":"Clothesline","floor":2},{"not_picked":["Iron Wave","Blood for Blood"],"picked":"Cleave","floor":3},{"not_picked":["Clash","Headbutt","True Grit"],"picked":"SKIP","floor":4},{"not_picked":["Headbutt","Carnage"],"picked":"Disarm","floor":5},{"not_picked":["Flex","Sentinel","Warcry"],"picked":"SKIP","floor":7},{"not_picked":["Armaments","Anger","Evolve"],"picked":"SKIP","floor":8},{"not_picked":["Whirlwind","Hemokinesis"],"picked":"Metallicize","floor":10},{"not_picked":["Body Slam","Dark Embrace"],"picked":"Spot Weakness","floor":14},{"not_picked":["Exhume","Limit Break"],"picked":"Offering","floor":16},{"not_picked":["Havoc","Wild Strike","Cleave"],"picked":"SKIP","floor":18},{"not_picked":["Perfected Strike","True Grit"],"picked":"Disarm","floor":20},{"not_picked":["Entrench","Heavy Blade"],"picked":"Battle Trance","floor":22},{"not_picked":["Anger","Pommel Strike","Dropkick"],"picked":"SKIP","floor":23},{"not_picked":["Headbutt","Intimidate"],"picked":"Sword Boomerang","floor":25},{"not_picked":["Disarm","Rampage","Bloodletting+1"],"picked":"SKIP","floor":28},{"not_picked":["Sever Soul","Bloodletting"],"picked":"Shrug It Off","floor":30},{"not_picked":["Power Through","Feel No Pain","Warcry"],"picked":"SKIP","floor":31},{"not_picked":["Brutality","Fiend Fire"],"picked":"Limit Break","floor":33},{"not_picked":["Sword Boomerang","Hemokinesis"],"picked":"Inflame","floor":35},{"not_picked":["Twin Strike+1","Wild Strike"],"picked":"True Grit","floor":36},{"not_picked":["Combust+1","Infernal Blade+1","Bloodletting"],"picked":"SKIP","floor":38},{"not_picked":["Perfected Strike","Havoc+1","Clothesline+1"],"picked":"SKIP","floor":39},{"not_picked":["Havoc+1","Seeing Red","Carnage"],"picked":"SKIP","floor":41},{"not_picked":["Rupture","Inflame","Infernal Blade"],"picked":"SKIP","floor":42},{"not_picked":["Dramatic Entrance","Panacea"],"picked":"PanicButton","floor":46},{"not_picked":["Uppercut","Thunderclap","Headbutt"],"picked":"SKIP","floor":48},{"not_picked":["Exhume","Body Slam"],"picked":"Shrug It Off","floor":54}],"player_experience":2553626,"relics_obtained":[{"floor":8,"key":"Omamori"},{"floor":9,"key":"Pen Nib"},{"floor":10,"key":"Self Forming Clay"},{"floor":14,"key":"Smiling Mask"},{"floor":23,"key":"Bag of Preparation"},{"floor":25,"key":"Red Skull"},{"floor":26,"key":"Kunai"},{"floor":31,"key":"Vajra"},{"floor":42,"key":"Lantern"},{"floor":54,"key":"Blue Candle"}],"event_choices":[{"cards_removed":["Strike_R"],"damage_healed":0,"gold_gain":0,"player_choice":"Forget","damage_taken":0,"max_hp_gain":0,"max_hp_loss":0,"event_name":"Living Wall","floor":12,"gold_loss":0},{"damage_healed":0,"gold_gain":0,"player_choice":"Searched \u00272\u0027 times","damage_taken":0,"max_hp_gain":0,"max_hp_loss":0,"event_name":"Dead Adventurer","floor":14,"gold_loss":0},{"damage_healed":0,"gold_gain":50,"player_choice":"Stole From Cult","damage_taken":0,"max_hp_gain":0,"max_hp_loss":0,"event_name":"Nest","floor":19,"gold_loss":0},{"damage_healed":0,"gold_gain":0,"player_choice":"1 cards matched","damage_taken":0,"max_hp_gain":0,"max_hp_loss":0,"event_name":"Match and Keep!","floor":37,"gold_loss":0,"cards_obtained":["Normality"]},{"damage_healed":0,"gold_gain":0,"player_choice":"Memory 1","damage_taken":0,"max_hp_gain":0,"max_hp_loss":0,"event_name":"SensoryStone","floor":46,"gold_loss":0}],"is_beta":false,"boss_relics":[{"not_picked":["Orrery","Runic Cube"],"picked":"Sozu"},{"not_picked":["Empty Cage","Coffee Dripper"],"picked":"Cursed Key"}],"items_purged_floors":[13,21,45,53],"is_endless":false,"potions_floor_spawned":[3,4,5,7,23,28,30,31,36,41,54],"killed_by":"The Heart","ascension_level":15}