{"gold_per_floor":[114,62,62,73,73,73,73,73,73,106,120,142,152,220,220,316,316,328,348,348,66,77,77,87,122,148,148,247,247,247,258,258,354,354,366,379,144,221,221,256,256,276,276,288,288,322,338,0,0,0,0,0,0,35,35],"floor_reached":55,"playtime":4352,"items_purged":["Strike_B"],"score":743,"play_id":"dbc30ef3-f276-479e-b560-09ee3a332208","local_time":"20190818001556","is_ascension_mode":false,"campfire_choices":[{"data":"Dualcast","floor":6,"key":"SMITH"},{"data":"Zap","floor":8,"key":"SMITH"},{"data":"Gash","floor":15,"key":"SMITH"},{"floor":23,"key":"REST"},{"floor":27,"key":"REST"},{"data":"Undo","floor":30,"key":"SMITH"},{"data":"Scrape","floor":32,"key":"SMITH"},{"floor":41,"key":"RECALL"},{"floor":49,"key":"REST"},{"floor":52,"key":"REST"}],"neow_cost":"TEN_PERCENT_HP_LOSS","seed_source_timestamp":43595686755000,"circlet_count":0,"master_deck":["Defend_B","Defend_B","Defend_B","Defend_B","Zap+1","Dualcast+1","Reboot","Compile Driver","Scrape+1","Gash+1","Compile Driver","Undo+1","Compile Driver+1","Hello World","Chill","Echo Form","Beam Cell+1","Reprogram","Scrape+1","Gash+1","Leap","Go for the Eyes+1","Turbo+1","Sweeping Beam+1","FTL+1","Defragment","Gash+1","Hologram","Go for the Eyes+1","Purity","Flash of Steel+1","Dark Shackles","Double Energy+1","Gash+1"],"relics":["Cracked Core","Mango","Molten Egg 2","Question Card","Odd Mushroom","Runic Pyramid","TheAbacus","Calipers","Anchor","Fusion Hammer","Ornamental Fan","Potion Belt","Vajra","Frozen Egg 2","Red Mask","Bronze Scales"],"potions_floor_usage":[25,25,25,46,50],"damage_taken":[{"damage":1,"enemies":"2 Louse","floor":1,"turns":3},{"damage":3,"enemies":"Jaw Worm","floor":4,"turns":3},{"damage":13,"enemies":"Lagavulin","floor":10,"turns":3},{"damage":0,"enemies":"Small Slimes","floor":11,"turns":2},{"damage":13,"enemies":"The Mushroom Lair","floor":12,"turns":3},{"damage":7,"enemies":"3 Louse","floor":13,"turns":4},{"damage":8,"enemies":"Hexaghost","floor":16,"turns":10},{"damage":20,"enemies":"2 Thieves","floor":18,"turns":4},{"damage":12,"enemies":"Shell Parasite","floor":19,"turns":5},{"damage":12,"enemies":"3 Cultists","floor":22,"turns":6},{"damage":22,"enemies":"Centurion and Healer","floor":24,"turns":5},{"damage":23,"enemies":"Book of Stabbing","floor":25,"turns":4},{"damage":7,"enemies":"Snecko","floor":31,"turns":7},{"damage":74,"enemies":"Collector","floor":33,"turns":19},{"damage":0,"enemies":"3 Darklings","floor":35,"turns":4},{"damage":0,"enemies":"3 Shapes","floor":36,"turns":4},{"damage":0,"enemies":"Giant Head","floor":40,"turns":6},{"damage":2,"enemies":"Maw","floor":42,"turns":5},{"damage":1,"enemies":"Spire Growth","floor":44,"turns":4},{"damage":1,"enemies":"Nemesis","floor":46,"turns":7},{"damage":0,"enemies":"Jaw Worm Horde","floor":47,"turns":4},{"damage":18,"enemies":"Awakened One","floor":50,"turns":11},{"damage":28,"enemies":"Shield and Spear","floor":54,"turns":7},{"damage":60,"enemies":"The Heart","floor":55,"turns":8}],"seed_played":"-5899918922473370541","potions_obtained":[{"floor":4,"key":"Swift Potion"},{"floor":10,"key":"EssenceOfSteel"},{"floor":13,"key":"Poison Potion"},{"floor":18,"key":"Regen Potion"},{"floor":35,"key":"SneckoOil"},{"floor":42,"key":"FearPotion"},{"floor":47,"key":"SkillPotion"}],"is_trial":false,"path_per_floor":["M","$","?","M","$","R","?","R","T","E","M","?","M","T","R","B",null,"M","M","?","$","M","R","M","E","T","R","?","?","R","M","R","B",null,"M","M","$","T","?","E","R","M","T","M","?","E","M","?","R","B",null,"R","$","E","B"],"character_chosen":"DEFECT","items_purchased":["Gash","TheAbacus","Scrape+1","FTL+1","Swift Potion","Defragment"],"campfire_rested":4,"item_purchase_floors":[2,21,21,37,37,37],"current_hp_per_floor":[67,67,67,64,64,64,53,53,53,40,40,27,20,20,20,12,82,62,50,34,34,22,48,26,8,8,34,34,87,87,80,80,6,87,87,87,87,87,87,87,87,85,85,84,74,73,73,73,87,69,87,87,87,59,0],"gold":35,"neow_bonus":"TRANSFORM_TWO_CARDS","is_prod":false,"is_daily":false,"chose_seed":false,"campfire_upgraded":5,"win_rate":0,"timestamp":1566080156,"path_taken":["M","$","?","M","?","R","?","R","T","E","M","?","?","?","R","BOSS","M","M","?","$","M","R","M","E","T","R","?","?","R","M","R","BOSS","M","?","$","?","?","E","R","M","T","M","?","E","M","?","R","BOSS","R","$","E","BOSS"],"build_version":"2019-07-17","purchased_purges":1,"victory":false,"max_hp_per_floor":[68,68,68,68,68,68,82,82,82,82,82,82,82,82,82,82,82,82,82,87,87,87,87,87,87,87,87,87,87,87,87,87,87,87,87,87,87,87,87,87,87,87,87,87,87,87,87,87,87,87,87,87,87,87,87],"card_choices":[{"not_picked":["Beam Cell","Cold Snap"],"picked":"Scrape","floor":1},{"not_picked":["Heatsinks","Streamline"],"picked":"Compile Driver","floor":4},{"not_picked":["Compile Driver+1","Doom and Gloom+1"],"picked":"Undo","floor":10},{"not_picked":["Auto Shields","Recycle","Storm"],"picked":"Compile Driver+1","floor":11},{"not_picked":["Reinforced Body","Sweeping Beam+1","Recycle"],"picked":"Hello World","floor":12},{"not_picked":["Stack","Hologram","Compile Driver+1"],"picked":"Chill","floor":13},{"not_picked":["Thunder Strike+1","Amplify","Reboot"],"picked":"Echo Form","floor":16},{"not_picked":["Compile Driver+1","Storm","Hologram"],"picked":"Beam Cell+1","floor":18},{"not_picked":["Steam","Chill","Undo"],"picked":"Reprogram","floor":19},{"not_picked":["Compile Driver+1","Conserve Battery","Stack","Ball Lightning+1"],"picked":"SKIP","floor":22},{"not_picked":["Scrape+1","Beam Cell+1","Ball Lightning+1"],"picked":"Gash+1","floor":24},{"not_picked":["Heatsinks","Machine Learning","Tempest"],"picked":"Leap","floor":25},{"not_picked":["Steam Power","Coolheaded","Barrage+1"],"picked":"Go for the Eyes+1","floor":31},{"not_picked":["Cold Snap+1","Rip and Tear+1","Self Repair"],"picked":"Turbo+1","floor":35},{"not_picked":["Barrage+1","Capacitor+1","Turbo"],"picked":"Sweeping Beam+1","floor":36},{"not_picked":["Loop+1","Double Energy+1","Defragment+1"],"picked":"Gash+1","floor":40},{"not_picked":["Consume","Barrage+1","Streamline+1"],"picked":"Hologram","floor":42},{"not_picked":["Stack+1","Reinforced Body+1","Conserve Battery+1"],"picked":"Go for the Eyes+1","floor":44},{"not_picked":["Impatience","Trip","Good Instincts"],"picked":"Purity","floor":45},{"not_picked":["Swift Strike+1","PanicButton","Bandage Up"],"picked":"Flash of Steel+1","floor":45},{"not_picked":["Flash of Steel+1","The Bomb","Bandage Up"],"picked":"Dark Shackles","floor":45},{"not_picked":["Go for the Eyes+1","Chaos+1","Turbo+1","Hello World+1"],"picked":"SKIP","floor":46},{"not_picked":["Heatsinks+1","Ball Lightning+1","Leap"],"picked":"Double Energy+1","floor":47},{"not_picked":["Meteor Strike+1","Ball Lightning+1","Chaos"],"picked":"Gash+1","floor":54}],"player_experience":310875,"relics_obtained":[{"floor":9,"key":"Molten Egg 2"},{"floor":10,"key":"Question Card"},{"floor":12,"key":"Odd Mushroom"},{"floor":25,"key":"Calipers"},{"floor":26,"key":"Anchor"},{"floor":38,"key":"Ornamental Fan"},{"floor":40,"key":"Potion Belt"},{"floor":43,"key":"Vajra"},{"floor":46,"key":"Frozen Egg 2"},{"floor":54,"key":"Bronze Scales"}],"event_choices":[{"damage_healed":0,"gold_gain":0,"player_choice":"Ignored","damage_taken":0,"max_hp_gain":0,"max_hp_loss":0,"event_name":"Golden Idol","floor":3,"gold_loss":0},{"damage_healed":0,"gold_gain":0,"player_choice":"Success","damage_taken":25,"relics_obtained":["Mango"],"max_hp_gain":0,"max_hp_loss":0,"event_name":"Scrap Ooze","floor":7,"gold_loss":0},{"damage_healed":0,"gold_gain":0,"player_choice":"Fought Mushrooms","damage_taken":0,"max_hp_gain":0,"max_hp_loss":0,"event_name":"Mushrooms","floor":12,"gold_loss":0},{"damage_healed":0,"gold_gain":0,"player_choice":"Shed Blood","damage_taken":21,"max_hp_gain":5,"max_hp_loss":0,"event_name":"Forgotten Altar","floor":20,"gold_loss":0},{"damage_healed":0,"gold_gain":99,"player_choice":"Stole From Cult","damage_taken":0,"max_hp_gain":0,"max_hp_loss":0,"event_name":"Nest","floor":28,"gold_loss":0},{"damage_healed":53,"gold_gain":0,"player_choice":"Full Heal","damage_taken":0,"max_hp_gain":0,"max_hp_loss":0,"event_name":"Wheel of Change","floor":29,"gold_loss":0},{"cards_removed":["Strike_B"],"damage_healed":0,"gold_gain":0,"player_choice":"Removed Attack","damage_taken":0,"max_hp_gain":0,"max_hp_loss":0,"event_name":"Falling","floor":39,"gold_loss":0},{"damage_healed":0,"gold_gain":0,"player_choice":"Memory 3","damage_taken":10,"max_hp_gain":0,"max_hp_loss":0,"event_name":"SensoryStone","floor":45,"gold_loss":0},{"damage_healed":0,"gold_gain":0,"player_choice":"Paid","damage_taken":0,"relics_obtained":["Red Mask"],"max_hp_gain":0,"max_hp_loss":0,"event_name":"Tomb of Lord Red Mask","floor":48,"gold_loss":338}],"is_beta":false,"boss_relics":[{"not_picked":["Orrery","Velvet Choker"],"picked":"Runic Pyramid"},{"not_picked":["Snecko Eye","Tiny House"],"picked":"Fusion Hammer"}],"items_purged_floors":[37],"is_endless":false,"potions_floor_spawned":[4,10,13,18,19,22,24,35,42,47],"killed_by":"The Heart","ascension_level":0}