{"gold_per_floor":[117,130,145,155,171,202,202,234,234,234,260,335,335,345,345,345],"floor_reached":16,"playtime":658,"items_purged":[],"score":134,"play_id":"ea1f3f22-3ca6-48e3-8dce-73de44618704","local_time":"20190823131257","is_ascension_mode":true,"campfire_choices":[{"floor":7.0,"key":"REST"},{"floor":10.0,"key":"REST"},{"floor":15,"key":"REST"}],"neow_cost":"NONE","seed_source_timestamp":0,"circlet_count":0,"master_deck":["Strike_R","Strike_R","Strike_R","Strike_R","Defend_R","Defend_R","Defend_R","Defend_R","Bash","Thunderclap","Rupture","Flame Barrier","Cleave","Battle Trance","Spot Weakness","Offering","Body Slam","Barricade","Cleave"],"special_seed":0,"relics":["Burning Blood","Pear","Charon\u0027s Ashes","Darkstone Periapt","Regal Pillow"],"potions_floor_usage":[14,16],"damage_taken":[{"damage":22.0,"enemies":"2 Louse","floor":1.0,"turns":3.0},{"damage":1.0,"enemies":"Cultist","floor":2.0,"turns":3.0},{"damage":15.0,"enemies":"Small Slimes","floor":3.0,"turns":4.0},{"damage":26.0,"enemies":"Blue Slaver","floor":4.0,"turns":4.0},{"damage":0.0,"enemies":"3 Louse","floor":5.0,"turns":1.0},{"damage":34.0,"enemies":"3 Sentries","floor":6.0,"turns":8.0},{"damage":34.0,"enemies":"Gremlin Nob","floor":8.0,"turns":5.0},{"damage":37.0,"enemies":"Lagavulin","floor":11.0,"turns":7.0},{"damage":9,"enemies":"Gremlin Gang","floor":14,"turns":3},{"damage":52,"enemies":"The Guardian","floor":16,"turns":9}],"seed_played":"-6811245433731725330","potions_obtained":[{"floor":0.0,"key":"SpeedPotion"},{"floor":0.0,"key":"SneckoOil"},{"floor":0.0,"key":"FearPotion"},{"floor":3.0,"key":"Explosive Potion"},{"floor":6.0,"key":"Fire Potion"},{"floor":8.0,"key":"Strength Potion"}],"is_trial":false,"path_per_floor":["M","M","M","M","M","E","R","E","T","R","E","?","?","M","R","B"],"character_chosen":"IRONCLAD","items_purchased":[],"campfire_rested":3,"item_purchase_floors":[],"current_hp_per_floor":[64,69,60,40,46,28,55,27,27,54,23,12,12,9,51,0],"gold":345,"neow_bonus":"THREE_SMALL_POTIONS","is_prod":false,"is_daily":false,"chose_seed":false,"campfire_upgraded":0,"win_rate":0,"timestamp":1566558777,"path_taken":["M","M","M","M","M","E","R","E","T","R","E","?","?","M","R","BOSS"],"build_version":"2019-07-17","purchased_purges":0,"victory":false,"max_hp_per_floor":[80,80,80,80,80,90,90,90,90,90,90,90,90,90,90,90],"card_choices":[{"not_picked":["Battle Trance","Headbutt"],"picked":"Thunderclap","floor":1.0},{"not_picked":["Disarm","Clothesline"],"picked":"Rupture","floor":2.0},{"not_picked":["Wild Strike","Pommel Strike"],"picked":"Flame Barrier","floor":3.0},{"not_picked":["Second Wind","Body Slam"],"picked":"Cleave","floor":4.0},{"not_picked":["Body Slam","Burning Pact"],"picked":"Battle Trance","floor":5.0},{"not_picked":["Power Through","Warcry"],"picked":"Spot Weakness","floor":6.0},{"not_picked":["Sword Boomerang","Disarm"],"picked":"Offering","floor":8.0},{"not_picked":["Shrug It Off","Anger"],"picked":"Body Slam","floor":11.0},{"not_picked":["True Grit","Perfected Strike"],"picked":"Cleave","floor":14}],"player_experience":154239,"relics_obtained":[{"floor":6.0,"key":"Pear"},{"floor":8.0,"key":"Charon\u0027s Ashes"},{"floor":9.0,"key":"Darkstone Periapt"},{"floor":11.0,"key":"Regal Pillow"}],"event_choices":[{"damage_healed":0.0,"max_hp_gain":0.0,"max_hp_loss":0.0,"gold_gain":75.0,"event_name":"World of Goop","player_choice":"Gather Gold","floor":12.0,"gold_loss":0.0,"damage_taken":11.0},{"damage_healed":0.0,"max_hp_gain":0.0,"max_hp_loss":0.0,"gold_gain":0.0,"cards_transformed":["Strike_R"],"event_name":"Transmorgrifier","player_choice":"Transformed","floor":13.0,"gold_loss":0.0,"damage_taken":0.0,"cards_obtained":["Barricade"]}],"is_beta":false,"boss_relics":[],"items_purged_floors":[],"is_endless":false,"potions_floor_spawned":[1,3,6,8],"killed_by":"The Guardian","ascension_level":2}