{"gold_per_floor":[112,125,28,45,63,93,93,128,151,180,180,192,210,210,210,308,308,320,330,340,357,375,375,386,386],"floor_reached":25,"playtime":1648,"items_purged":["Defend_R"],"score":229,"play_id":"6385e5ee-9e5a-433e-948d-a1cfa80b48bc","local_time":"20190317195922","is_ascension_mode":false,"campfire_choices":[{"data":"Rampage","floor":7,"key":"SMITH"},{"data":"Uppercut","floor":11,"key":"SMITH"},{"data":"Armaments","floor":15,"key":"SMITH"},{"floor":23,"key":"REST"}],"neow_cost":"NONE","seed_source_timestamp":340066118727800,"circlet_count":0,"master_deck":["Strike_R","Strike_R","Strike_R","Strike_R","Strike_R","Defend_R","Defend_R","Bash","Perfected Strike","Uppercut+1","Pommel Strike","Cleave","Rampage+1","Intimidate","Pummel","Pummel","Heavy Blade","Armaments+1","Double Tap","Ghostly Armor","True Grit","Twin Strike","Shrug It Off","Offering","Battle Trance","Perfected Strike","Blood for Blood+1","Ghostly Armor","Evolve"],"special_seed":0,"relics":["Burning Blood","Centennial Puzzle","Bronze Scales","Omamori","Oddly Smooth Stone","Orrery"],"potions_floor_usage":[8,8,8,16,25,25],"damage_taken":[{"damage":10,"enemies":"Cultist","floor":1,"turns":4},{"damage":11,"enemies":"Jaw Worm","floor":2,"turns":4},{"damage":1,"enemies":"2 Louse","floor":4,"turns":2},{"damage":1,"enemies":"2 Fungi Beasts","floor":5,"turns":3},{"damage":24,"enemies":"Gremlin Nob","floor":6,"turns":4},{"damage":18,"enemies":"Lagavulin","floor":8,"turns":4},{"damage":19,"enemies":"3 Sentries","floor":10,"turns":5},{"damage":13,"enemies":"Exordium Wildlife","floor":12,"turns":3},{"damage":15,"enemies":"Large Slime","floor":13,"turns":7},{"damage":15,"enemies":"Hexaghost","floor":16,"turns":8},{"damage":15,"enemies":"Shell Parasite","floor":18,"turns":5},{"damage":16,"enemies":"Chosen","floor":19,"turns":5},{"damage":16,"enemies":"3 Cultists","floor":20,"turns":5},{"damage":27,"enemies":"Cultist and Chosen","floor":21,"turns":7},{"damage":9,"enemies":"Centurion and Healer","floor":22,"turns":5},{"damage":24,"enemies":"Snake Plant","floor":24,"turns":4},{"damage":57,"enemies":"Gremlin Leader","floor":25,"turns":7}],"seed_played":"8022815639202677672","potions_obtained":[{"floor":4,"key":"SteroidPotion"},{"floor":5,"key":"Block Potion"},{"floor":6,"key":"Strength Potion"},{"floor":8,"key":"EssenceOfSteel"},{"floor":10,"key":"EssenceOfSteel"},{"floor":13,"key":"SpeedPotion"},{"floor":18,"key":"Dexterity Potion"},{"floor":24,"key":"AttackPotion"}],"is_trial":false,"path_per_floor":["M","M","$","M","M","E","R","E","T","E","R","M","M","?","R","B",null,"M","M","M","M","M","R","M","E"],"character_chosen":"IRONCLAD","items_purchased":["Pommel Strike"],"campfire_rested":1,"item_purchase_floors":[3],"current_hp_per_floor":[84,79,79,84,88,70,70,58,58,45,45,38,29,29,29,20,88,79,69,59,38,35,61,43,0],"gold":386,"neow_bonus":"TEN_PERCENT_HP_BONUS","is_prod":false,"is_daily":false,"chose_seed":false,"campfire_upgraded":3,"win_rate":0,"timestamp":1552849162,"path_taken":["M","M","$","M","?","E","R","E","T","E","R","M","M","?","R","BOSS","M","M","M","M","M","R","?","E"],"build_version":"2019-01-23","purchased_purges":1,"victory":false,"max_hp_per_floor":[88,88,88,88,88,88,88,88,88,88,88,88,88,88,88,88,88,88,88,88,88,88,88,88,88],"card_choices":[{"not_picked":["Sword Boomerang","Whirlwind"],"picked":"Perfected Strike","floor":1},{"not_picked":["Intimidate","Thunderclap"],"picked":"Uppercut","floor":2},{"not_picked":["Headbutt","Hemokinesis"],"picked":"Cleave","floor":4},{"not_picked":["Clothesline","Pommel Strike"],"picked":"Rampage","floor":5},{"not_picked":["Clothesline","Iron Wave"],"picked":"Intimidate","floor":6},{"not_picked":["Heavy Blade","Flex"],"picked":"Pummel","floor":8},{"not_picked":["Sword Boomerang","Uppercut"],"picked":"Pummel","floor":10},{"not_picked":["Intimidate","Body Slam"],"picked":"Heavy Blade","floor":12},{"not_picked":["Perfected Strike","Sword Boomerang"],"picked":"Armaments","floor":13},{"not_picked":["Reaper","Brutality"],"picked":"Double Tap","floor":16},{"not_picked":["Sword Boomerang","Iron Wave"],"picked":"Ghostly Armor","floor":17},{"not_picked":["Rage","Intimidate"],"picked":"True Grit","floor":17},{"not_picked":["Body Slam","Entrench"],"picked":"Twin Strike","floor":17},{"not_picked":["Heavy Blade","Armaments"],"picked":"Shrug It Off","floor":17},{"not_picked":["Second Wind","Clash"],"picked":"Offering","floor":18},{"not_picked":["Thunderclap","Seeing Red"],"picked":"Battle Trance","floor":19},{"not_picked":["Headbutt","Anger"],"picked":"Perfected Strike","floor":20},{"not_picked":["Combust","Headbutt"],"picked":"Blood for Blood+1","floor":21},{"not_picked":["Iron Wave","Twin Strike"],"picked":"Ghostly Armor","floor":22},{"not_picked":["Havoc","Rupture"],"picked":"Evolve","floor":24}],"player_experience":252942,"relics_obtained":[{"floor":6,"key":"Centennial Puzzle"},{"floor":8,"key":"Bronze Scales"},{"floor":9,"key":"Omamori"},{"floor":10,"key":"Oddly Smooth Stone"}],"event_choices":[{"cards_removed":["Defend_R"],"damage_healed":0,"gold_gain":0,"player_choice":"Purged","damage_taken":0,"max_hp_gain":0,"max_hp_loss":0,"event_name":"Purifier","floor":14,"gold_loss":0}],"is_beta":false,"boss_relics":[{"not_picked":["Runic Pyramid","Pandora\u0027s Box"],"picked":"Orrery"}],"items_purged_floors":[3],"is_endless":false,"potions_floor_spawned":[4,5,6,8,10,13,18,22,24],"killed_by":"Gremlin Leader","ascension_level":0}