{"gold_per_floor":[117,130,144,159,159,169,179,199,199,199,3,3,3,59,59,59],"floor_reached":16,"playtime":811,"items_purged":["Defend_G"],"score":94,"play_id":"9e02d5ba-dc61-40e4-814d-f067b4a36fb6","local_time":"20190119012606","is_ascension_mode":false,"campfire_choices":[{"data":"Crippling Poison","floor":10,"key":"SMITH"},{"data":"Distraction","floor":12,"key":"SMITH"},{"data":"Survivor","floor":15,"key":"SMITH"}],"neow_cost":"NONE","seed_source_timestamp":191201356615900,"circlet_count":0,"master_deck":["Defend_G","Defend_G","Defend_G","Defend_G","Strike_G","Strike_G","Strike_G","Strike_G","Strike_G","Survivor+1","Neutralize+1","Terror","Deadly Poison","Crippling Poison+1","Distraction+1","Poisoned Stab","Dagger Throw"],"relics":["Ring of the Snake","Smiling Mask","PreservedInsect","Tiny Chest"],"potions_floor_usage":[8,16,16],"damage_taken":[{"damage":0,"enemies":"2 Louse","floor":1,"turns":3},{"damage":0,"enemies":"Cultist","floor":2,"turns":3},{"damage":0,"enemies":"Small Slimes","floor":3,"turns":4},{"damage":0,"enemies":"Looter","floor":4,"turns":4},{"damage":2,"enemies":"2 Fungi Beasts","floor":6,"turns":4},{"damage":8,"enemies":"Exordium Thugs","floor":7,"turns":7},{"damage":23,"enemies":"Gremlin Gang","floor":8,"turns":8},{"damage":65,"enemies":"Slime Boss","floor":16,"turns":14}],"seed_played":"2524533148255328878","potions_obtained":[{"floor":1,"key":"AttackPotion"},{"floor":3,"key":"PowerPotion"},{"floor":5,"key":"Block Potion"}],"is_trial":false,"path_per_floor":["M","M","M","M","?","M","M","M","T","R","$","R","?","T","R","B"],"character_chosen":"THE_SILENT","items_purchased":["PreservedInsect"],"campfire_rested":0,"item_purchase_floors":[11],"current_hp_per_floor":[70,70,70,70,70,68,60,37,37,37,37,37,60,60,60,0],"gold":59,"neow_bonus":"UPGRADE_CARD","is_prod":false,"is_daily":false,"chose_seed":false,"campfire_upgraded":3,"win_rate":0,"timestamp":1547857566,"path_taken":["M","M","M","M","?","M","M","M","T","R","?","R","?","?","R","BOSS"],"build_version":"2019-01-17v2","purchased_purges":1,"victory":false,"max_hp_per_floor":[70,70,70,70,70,70,70,70,70,70,70,70,70,70,70,70],"card_choices":[{"not_picked":["Concentrate","Flying Knee"],"picked":"Terror","floor":1},{"not_picked":["Deflect","Slice"],"picked":"Deadly Poison","floor":2},{"not_picked":["Skewer","Bane"],"picked":"Crippling Poison","floor":3},{"not_picked":["Prepared","Tools of the Trade"],"picked":"Distraction","floor":4},{"not_picked":["Acrobatics","Outmaneuver"],"picked":"Poisoned Stab","floor":6},{"not_picked":["Underhanded Strike","Sucker Punch"],"picked":"Dagger Throw","floor":7},{"not_picked":["Slice","Tactician","Endless Agony"],"picked":"SKIP","floor":8}],"player_experience":200832,"relics_obtained":[{"floor":9,"key":"Smiling Mask"},{"floor":14,"key":"Tiny Chest"}],"event_choices":[{"damage_healed":0,"gold_gain":0,"player_choice":"Got Potions","damage_taken":0,"max_hp_gain":0,"max_hp_loss":0,"event_name":"Lab","floor":5,"gold_loss":0},{"damage_healed":23,"gold_gain":0,"player_choice":"Banana","damage_taken":0,"max_hp_gain":0,"max_hp_loss":0,"event_name":"Big Fish","floor":13,"gold_loss":0}],"is_beta":false,"boss_relics":[],"items_purged_floors":[11],"is_endless":false,"potions_floor_spawned":[1,3],"killed_by":"Slime Boss","ascension_level":0}