{"gold_per_floor":[360,360,379,389,403,434,36,36,36,48,48,68,98,161,161,161],"floor_reached":16,"playtime":1052,"items_purged":["Strike_B"],"score":137,"play_id":"bc594420-adb5-4190-8b03-06dc33acd5d3","local_time":"20190721194429","is_ascension_mode":false,"campfire_choices":[{"data":"Creative AI","floor":8,"key":"SMITH"},{"data":"Defragment","floor":11,"key":"SMITH"},{"data":"Dualcast","floor":15,"key":"SMITH"}],"neow_cost":"TEN_PERCENT_HP_LOSS","seed_source_timestamp":867012559295300,"circlet_count":0,"master_deck":["Strike_B","Strike_B","Strike_B","Defend_B","Defend_B","Defend_B","Defend_B","Zap","Dualcast+1","Steam","Glacier","Defragment+1","Go for the Eyes","Creative AI+1","Heatsinks","Streamline","Melter","Storm"],"relics":["Cracked Core","Juzu Bracelet","Question Card","Shuriken","Peace Pipe"],"potions_floor_usage":[6,16],"damage_taken":[{"damage":0,"enemies":"Small Slimes","floor":1,"turns":3},{"damage":2,"enemies":"2 Louse","floor":3,"turns":3},{"damage":1,"enemies":"Cultist","floor":4,"turns":3},{"damage":7,"enemies":"3 Louse","floor":5,"turns":5},{"damage":5,"enemies":"3 Sentries","floor":6,"turns":10},{"damage":2,"enemies":"2 Fungi Beasts","floor":10,"turns":5},{"damage":15,"enemies":"Lots of Slimes","floor":12,"turns":6},{"damage":0,"enemies":"Lagavulin","floor":13,"turns":6},{"damage":46,"enemies":"Slime Boss","floor":16,"turns":6}],"seed_played":"5746936821762124293","potions_obtained":[{"floor":1,"key":"AttackPotion"},{"floor":10,"key":"SmokeBomb"},{"floor":13,"key":"Regen Potion"}],"is_trial":false,"path_per_floor":["M","?","M","M","M","E","$","R","T","M","R","M","E","?","R","B"],"character_chosen":"DEFECT","items_purchased":["Question Card","Heatsinks"],"campfire_rested":0,"item_purchase_floors":[7,7],"current_hp_per_floor":[68,68,66,65,58,53,53,53,53,51,51,36,36,36,36,0],"gold":161,"neow_bonus":"TWO_FIFTY_GOLD","is_prod":false,"is_daily":false,"chose_seed":false,"campfire_upgraded":3,"win_rate":0,"timestamp":1563731069,"path_taken":["M","?","M","M","M","E","$","R","T","M","R","M","E","?","R","BOSS"],"build_version":"2019-07-17","purchased_purges":1,"victory":false,"max_hp_per_floor":[68,68,68,68,68,68,68,68,68,68,68,68,68,68,68,68],"card_choices":[{"not_picked":["Auto Shields","Compile Driver"],"picked":"Steam","floor":1},{"not_picked":["Compile Driver","Conserve Battery"],"picked":"Glacier","floor":3},{"not_picked":["Consume","Genetic Algorithm"],"picked":"Defragment","floor":4},{"not_picked":["Compile Driver","Chill"],"picked":"Go for the Eyes","floor":5},{"not_picked":["Hello World","Cold Snap"],"picked":"Creative AI","floor":6},{"not_picked":["Go for the Eyes","Skim","Stack"],"picked":"Streamline","floor":10},{"not_picked":["Undo","FTL","Leap"],"picked":"Melter","floor":12},{"not_picked":["Streamline","Conserve Battery","Gash"],"picked":"Storm","floor":13}],"player_experience":303501,"relics_obtained":[{"floor":6,"key":"Juzu Bracelet"},{"floor":9,"key":"Shuriken"},{"floor":13,"key":"Peace Pipe"}],"event_choices":[{"damage_healed":0,"gold_gain":0,"player_choice":"Ignored","damage_taken":0,"max_hp_gain":0,"max_hp_loss":0,"event_name":"Liars Game","floor":2,"gold_loss":0},{"damage_healed":0,"gold_gain":63,"player_choice":"Gained Gold","damage_taken":0,"max_hp_gain":0,"max_hp_loss":0,"event_name":"Golden Wing","floor":14,"gold_loss":0}],"is_beta":false,"boss_relics":[],"items_purged_floors":[7],"is_endless":false,"potions_floor_spawned":[1,10,13],"killed_by":"Slime Boss","ascension_level":0}