{"gold_per_floor":[118,118,118,134,159,159,202,216,262,298,298,311,350,376,388,490,502,538,196,196,196,215,251,251,292,292,317,336,374,374,418,418,517,517,542,875,407,423,442,476,493,512,512,529,541,559,586,234,234,234,234,234,62,94,94],"floor_reached":56,"playtime":3405,"items_purged":["Strike_R","Bludgeon","Bite"],"score":2152,"play_id":"82500803-434f-4678-bcd4-31dd70e09aa5","local_time":"20190610233123","is_ascension_mode":true,"campfire_choices":[{"data":"Whirlwind","floor":6,"key":"SMITH"},{"data":"Feed","floor":11,"key":"SMITH"},{"floor":15,"key":"REST"},{"floor":24,"key":"REST"},{"floor":30,"key":"REST"},{"floor":32,"key":"RECALL"},{"floor":49,"key":"REST"},{"floor":52,"key":"REST"}],"neow_cost":"NONE","seed_source_timestamp":38476515145305,"circlet_count":0,"master_deck":["AscendersBane","Defend_R","Defend_R","Defend_R","Defend_R","Bash+1","Whirlwind+1","Feed+1","Anger","Spot Weakness","Armaments","Fiend Fire","Sword Boomerang+1","Apotheosis","Corruption","Ghostly Armor+1","Bite","Bite","Bite","Bite","Feed+1","Burning Pact+1","Exhume","Shrug It Off","Offering","Disarm","Feel No Pain+1","Offering","Burning Pact","Dark Shackles","Shrug It Off","True Grit+1","Warcry+1","Disarm","Inflame+1","Flame Barrier","Magnetism+1"],"relics":["Burning Blood","NeowsBlessing","Letter Opener","Strawberry","Odd Mushroom","MawBank","Fusion Hammer","Pocketwatch","Bag of Preparation","Frozen Egg 2","Bird Faced Urn","Anchor","Runic Pyramid","Membership Card","WingedGreaves","Centennial Puzzle","Gremlin Horn","Medical Kit","Pen Nib","PreservedInsect","War Paint","Oddly Smooth Stone"],"potions_floor_usage":[7,13,16,16,22,23,55,55],"damage_taken":[{"damage":0,"enemies":"Cultist","floor":1,"turns":1},{"damage":0,"enemies":"Small Slimes","floor":4,"turns":1},{"damage":0,"enemies":"Jaw Worm","floor":5,"turns":1},{"damage":35,"enemies":"3 Sentries","floor":7,"turns":4},{"damage":13,"enemies":"Exordium Wildlife","floor":8,"turns":5},{"damage":0,"enemies":"The Mushroom Lair","floor":10,"turns":2},{"damage":6,"enemies":"3 Louse","floor":12,"turns":2},{"damage":35,"enemies":"Lagavulin","floor":13,"turns":6},{"damage":11,"enemies":"Large Slime","floor":14,"turns":6},{"damage":37,"enemies":"Slime Boss","floor":16,"turns":10},{"damage":31,"enemies":"2 Thieves","floor":18,"turns":4},{"damage":5,"enemies":"3 Byrds","floor":22,"turns":4},{"damage":37,"enemies":"Slavers","floor":23,"turns":8},{"damage":21,"enemies":"Book of Stabbing","floor":25,"turns":5},{"damage":14,"enemies":"Cultist and Chosen","floor":27,"turns":4},{"damage":26,"enemies":"Shelled Parasite and Fungi","floor":28,"turns":6},{"damage":26,"enemies":"Slavers","floor":29,"turns":3},{"damage":36,"enemies":"Gremlin Leader","floor":31,"turns":6},{"damage":24,"enemies":"Champ","floor":33,"turns":20},{"damage":6,"enemies":"3 Shapes","floor":35,"turns":6},{"damage":0,"enemies":"3 Darklings","floor":38,"turns":5},{"damage":18,"enemies":"Transient","floor":39,"turns":5},{"damage":10,"enemies":"Nemesis","floor":40,"turns":7},{"damage":6,"enemies":"Spire Growth","floor":41,"turns":4},{"damage":12,"enemies":"Writhing Mass","floor":42,"turns":5},{"damage":12,"enemies":"3 Darklings","floor":44,"turns":3},{"damage":30,"enemies":"Jaw Worm Horde","floor":45,"turns":6},{"damage":13,"enemies":"Sphere and 2 Shapes","floor":46,"turns":4},{"damage":0,"enemies":"Reptomancer","floor":47,"turns":5},{"damage":29,"enemies":"Awakened One","floor":50,"turns":10},{"damage":36,"enemies":"Shield and Spear","floor":54,"turns":4},{"damage":116,"enemies":"The Heart","floor":55,"turns":9}],"seed_played":"-7431671276977032197","potions_obtained":[{"floor":5,"key":"LiquidBronze"},{"floor":8,"key":"PowerPotion"},{"floor":12,"key":"Fruit Juice"},{"floor":13,"key":"SneckoOil"},{"floor":14,"key":"EssenceOfSteel"},{"floor":16,"key":"EntropicBrew"},{"floor":25,"key":"Dexterity Potion"},{"floor":28,"key":"AttackPotion"},{"floor":54,"key":"Swift Potion"}],"is_trial":false,"path_per_floor":["M","?","?","M","M","R","E","M","T","?","R","M","E","M","R","B",null,"M","$","?","?","M","E","R","E","T","M","M","E","R","E","R","B",null,"M","?","$","M","M","E","M","M","T","M","M","M","E","$","R","B",null,"R","$","E","B",null],"character_chosen":"IRONCLAD","items_purchased":["Apotheosis","Corruption","Ghostly Armor","Membership Card","Dark Shackles","Shrug It Off","WingedGreaves","Medical Kit","Pen Nib","PreservedInsect","Flame Barrier","Magnetism+1","War Paint"],"campfire_rested":5,"item_purchase_floors":[19,19,19,37,37,37,37,48,48,48,48,53,53],"current_hp_per_floor":[74,68,48,54,60,60,31,27,34,40,40,44,24,23,51,24,80,59,59,59,59,76,59,85,83,83,90,86,74,108,96,96,124,124,136,136,136,140,140,144,148,152,152,156,156,161,179,179,184,196,196,196,196,180,105],"gold":94,"neow_bonus":"THREE_ENEMY_KILL","is_prod":false,"is_daily":false,"chose_seed":false,"campfire_upgraded":2,"win_rate":0,"timestamp":1560223883,"path_taken":["M","?","?","?","M","R","E","M","T","?","R","M","E","M","R","BOSS","M","$","?","?","?","E","R","E","T","?","M","E","R","E","R","BOSS","M","?","$","M","M","E","M","M","T","M","M","M","E","$","R","BOSS","R","$","E","BOSS"],"build_version":"2019-06-07","purchased_purges":3,"victory":true,"max_hp_per_floor":[75,68,68,68,68,68,68,71,78,78,78,82,91,95,95,99,99,103,103,72,72,80,88,88,92,92,100,108,116,116,120,120,124,124,136,136,136,140,140,144,148,152,152,156,168,180,184,184,184,196,196,196,196,200,204],"card_choices":[{"not_picked":["Clash","Flex","Intimidate"],"picked":"SKIP","floor":1},{"not_picked":["Heavy Blade","Body Slam","Blood for Blood"],"picked":"SKIP","floor":4},{"not_picked":["Sword Boomerang","Thunderclap"],"picked":"Whirlwind","floor":5},{"not_picked":["Disarm","Twin Strike"],"picked":"Feed","floor":7},{"not_picked":["Feel No Pain","Clothesline"],"picked":"Anger","floor":8},{"not_picked":["Entrench","Heavy Blade"],"picked":"Spot Weakness","floor":12},{"not_picked":["Flex","Twin Strike"],"picked":"Armaments","floor":13},{"not_picked":["Fire Breathing","Cleave"],"picked":"Bludgeon","floor":14},{"not_picked":["Juggernaut","Dark Embrace"],"picked":"Fiend Fire","floor":16},{"not_picked":["Flex","Clash"],"picked":"Sword Boomerang+1","floor":18},{"not_picked":["Headbutt","Sword Boomerang"],"picked":"Burning Pact","floor":22},{"not_picked":["Thunderclap+1","Headbutt","Exhume"],"picked":"SKIP","floor":23},{"not_picked":["Thunderclap+1","Headbutt"],"picked":"Exhume","floor":23},{"not_picked":["Anger","Flex","Heavy Blade"],"picked":"SKIP","floor":25},{"not_picked":["Cleave","Flex"],"picked":"Shrug It Off","floor":27},{"not_picked":["Wild Strike","Battle Trance"],"picked":"Offering","floor":28},{"not_picked":["Dropkick","Anger"],"picked":"Disarm","floor":29},{"not_picked":["Burning Pact","Ghostly Armor"],"picked":"Feel No Pain+1","floor":31},{"not_picked":["Feed","Berserk+1"],"picked":"Offering","floor":33},{"not_picked":["Wild Strike","Entrench"],"picked":"Burning Pact","floor":35},{"not_picked":["Body Slam+1","Reckless Charge","Seeing Red+1"],"picked":"SKIP","floor":38},{"not_picked":["Wild Strike+1","Clash"],"picked":"True Grit+1","floor":39},{"not_picked":["Sever Soul","Shrug It Off"],"picked":"Warcry+1","floor":40},{"not_picked":["Clash+1","Sever Soul+1"],"picked":"Disarm","floor":41},{"not_picked":["Anger","Pommel Strike","Flex"],"picked":"SKIP","floor":42},{"not_picked":["Iron Wave","Heavy Blade"],"picked":"Inflame+1","floor":44},{"not_picked":["Heavy Blade+1","Evolve+1","Wild Strike+1"],"picked":"SKIP","floor":45},{"not_picked":["Brutality+1","Rage+1","Pommel Strike+1"],"picked":"SKIP","floor":46},{"not_picked":["Clothesline","Dual Wield","Flex+1"],"picked":"SKIP","floor":47},{"not_picked":["Cleave","Double Tap","True Grit"],"picked":"SKIP","floor":54}],"player_experience":2528777,"relics_obtained":[{"floor":7,"key":"Letter Opener"},{"floor":9,"key":"Strawberry"},{"floor":10,"key":"Odd Mushroom"},{"floor":13,"key":"MawBank"},{"floor":23,"key":"Pocketwatch"},{"floor":25,"key":"Bag of Preparation"},{"floor":26,"key":"Frozen Egg 2"},{"floor":29,"key":"Bird Faced Urn"},{"floor":31,"key":"Anchor"},{"floor":40,"key":"Centennial Puzzle"},{"floor":47,"key":"Gremlin Horn"},{"floor":54,"key":"Oddly Smooth Stone"}],"event_choices":[{"damage_healed":0,"gold_gain":0,"player_choice":"Lose Max HP","damage_taken":0,"relics_obtained":["Golden Idol"],"max_hp_gain":0,"max_hp_loss":7,"event_name":"Golden Idol","floor":2,"gold_loss":0},{"damage_healed":0,"gold_gain":0,"player_choice":"Entered Light","damage_taken":20,"max_hp_gain":0,"max_hp_loss":0,"event_name":"Shining Light","floor":3,"gold_loss":0,"cards_upgraded":["Bash","Strike_R"]},{"damage_healed":0,"gold_gain":0,"player_choice":"Fought Mushrooms","damage_taken":0,"max_hp_gain":0,"max_hp_loss":0,"event_name":"Mushrooms","floor":10,"gold_loss":0},{"damage_healed":0,"gold_gain":0,"player_choice":"Became a vampire","damage_taken":0,"max_hp_gain":0,"max_hp_loss":31,"event_name":"Vampires","floor":20,"gold_loss":0,"cards_obtained":["Bite","Bite","Bite","Bite","Bite"]},{"damage_healed":0,"gold_gain":0,"player_choice":"Copied","damage_taken":0,"max_hp_gain":0,"max_hp_loss":0,"event_name":"Duplicator","floor":21,"gold_loss":0,"cards_obtained":["Feed"]},{"damage_healed":0,"gold_gain":333,"player_choice":"Gave Idol","damage_taken":0,"max_hp_gain":0,"max_hp_loss":0,"event_name":"The Moai Head","floor":36,"relics_lost":["Golden Idol"],"gold_loss":0}],"is_beta":true,"boss_relics":[{"not_picked":["Black Star","Calling Bell"],"picked":"Fusion Hammer"},{"not_picked":["Astrolabe","Philosopher\u0027s Stone"],"picked":"Runic Pyramid"}],"items_purged_floors":[19,37,48],"is_endless":false,"potions_floor_spawned":[5,8,12,13,14,16,25,28,29,33,38,41,42,47,54],"ascension_level":15}