{"gold_per_floor":[109,109,109,125,145,145,177,227,254,254,254,271,271,306,306,306],"floor_reached":16,"playtime":334,"items_purged":[],"score":189,"play_id":"501f22ed-c226-4b81-86ec-d6c19d1bf2ed","local_time":"20190719230857","is_ascension_mode":true,"campfire_choices":[{"data":"Bash","floor":6,"key":"SMITH"},{"floor":11,"key":"REST"},{"data":"Uppercut","floor":15,"key":"SMITH"}],"neow_cost":"NONE","seed_source_timestamp":796241538100859,"circlet_count":0,"master_deck":["AscendersBane","Strike_R","Strike_R","Strike_R","Strike_R","Defend_R","Defend_R","Defend_R","Defend_R","Bash+1","Cleave","Twin Strike","Uppercut+1","Headbutt"],"relics":["Burning Blood","Juzu Bracelet","Pen Nib","Boot","hubris:ChampionShield","Omamori","conspire:InfiniteJournal"],"potions_floor_usage":[14,16,16],"damage_taken":[{"damage":5,"enemies":"2 Louse","floor":1,"turns":4},{"damage":14,"enemies":"Jaw Worm","floor":4,"turns":3},{"damage":0,"enemies":"Small Slimes","floor":5,"turns":2},{"damage":35,"enemies":"3 Sentries","floor":7,"turns":7},{"damage":8,"enemies":"Blue Slaver","floor":12,"turns":4},{"damage":8,"enemies":"Gremlin Nob","floor":14,"turns":4},{"damage":33,"enemies":"The Guardian","floor":16,"turns":13}],"seed_played":"8469182482374744370","potions_obtained":[{"floor":7,"key":"SpeedPotion"},{"floor":12,"key":"Block Potion"},{"floor":14,"key":"GamblersBrew"}],"is_trial":false,"path_per_floor":["M","?","?","M","M","R","E","T","T","?","R","M","?","E","R","B"],"character_chosen":"IRONCLAD","items_purchased":[],"campfire_rested":1,"item_purchase_floors":[],"current_hp_per_floor":[69,43,43,35,41,41,12,12,12,12,34,32,32,30,30,0],"gold":306,"neow_bonus":"RANDOM_COMMON_RELIC","is_prod":false,"is_daily":false,"chose_seed":false,"campfire_upgraded":2,"win_rate":0,"timestamp":1563592137,"path_taken":["M","?","?","M","M","R","E","?","T","?","R","M","?","E","R","BOSS"],"build_version":"2019-07-17","purchased_purges":0,"victory":false,"max_hp_per_floor":[75,75,75,75,75,75,75,75,75,75,75,75,75,75,75,75],"card_choices":[{"not_picked":["Havoc","Body Slam"],"picked":"Cleave","floor":1},{"not_picked":["Dropkick","hubris:ReadiedAction","Bloodletting"],"picked":"SKIP","floor":4},{"not_picked":["Perfected Strike","Thunderclap"],"picked":"Twin Strike","floor":5},{"not_picked":["Sword Boomerang","hubris:ReadiedAction"],"picked":"Uppercut","floor":7},{"not_picked":["Iron Wave","Twin Strike"],"picked":"Headbutt","floor":12},{"not_picked":["Body Slam","Dual Wield","Flex"],"picked":"SKIP","floor":14}],"player_experience":2606755,"relics_obtained":[{"floor":7,"key":"Boot"},{"floor":8,"key":"hubris:ChampionShield"},{"floor":9,"key":"Omamori"},{"floor":14,"key":"conspire:InfiniteJournal"}],"event_choices":[{"damage_healed":0,"gold_gain":0,"player_choice":"Success","damage_taken":26,"relics_obtained":["Pen Nib"],"max_hp_gain":0,"max_hp_loss":0,"event_name":"Scrap Ooze","floor":2,"gold_loss":0},{"damage_healed":0,"gold_gain":0,"player_choice":"Ignored","damage_taken":0,"max_hp_gain":0,"max_hp_loss":0,"event_name":"Shining Light","floor":3,"gold_loss":0},{"cards_removed":["Strike_R"],"damage_healed":0,"gold_gain":0,"player_choice":"Forget","damage_taken":0,"max_hp_gain":0,"max_hp_loss":0,"event_name":"Living Wall","floor":10,"gold_loss":0},{"damage_healed":0,"gold_gain":0,"player_choice":"Ignored","damage_taken":0,"max_hp_gain":0,"max_hp_loss":0,"event_name":"Golden Idol","floor":13,"gold_loss":0}],"is_beta":false,"boss_relics":[],"items_purged_floors":[],"is_endless":false,"potions_floor_spawned":[7,12,14],"killed_by":"The Guardian","ascension_level":15}