{"gold_per_floor":[117,38,58,58,74,74,102,102,102,102,121,160,160,175,175,269,269,294,147,165,188,188,188,203,203,203,203,203,241,241,259,259,352,352,367,388,407,407,423,494,494,494,494,494,519,555,555,573,573,573,573,573,130,171,171],"floor_reached":55,"playtime":3083,"items_purged":["Strike_R","Strike_R"],"score":1369,"play_id":"e81640c6-223a-43d0-8240-68660ac3aac8","local_time":"20190720234657","is_ascension_mode":true,"campfire_choices":[{"data":"Bash","floor":6.0,"key":"SMITH"},{"data":"Inflame","floor":8.0,"key":"SMITH"},{"data":"Fiend Fire","floor":15.0,"key":"SMITH"},{"floor":23.0,"key":"REST"},{"floor":25.0,"key":"REST"},{"data":"Barricade","floor":27.0,"key":"SMITH"},{"floor":30.0,"key":"REST"},{"data":"Whirlwind","floor":32.0,"key":"SMITH"},{"floor":41.0,"key":"RECALL"},{"floor":44.0,"key":"REST"},{"floor":47.0,"key":"REST"},{"floor":49.0,"key":"REST"},{"floor":52.0,"key":"REST"}],"neow_cost":"NONE","seed_source_timestamp":882095123607362,"circlet_count":0,"master_deck":["AscendersBane","Strike_R","Defend_R","Defend_R","Defend_R","Defend_R","Bash+1","Shrug It Off","Inflame+1","Iron Wave","Anger","Fiend Fire+1","Clothesline","Body Slam","Headbutt","Barricade+1","Corruption","Infernal Blade","Disarm","Whirlwind+1","Disarm","Feed","hubris:NaturalOne","Dark Embrace+1","Warcry+1","Battle Trance","Sentinel+1","Ghostly Armor","Flame Barrier","conspire:ExplosiveBarrier","Battle Trance","Shrug It Off","Shockwave"],"special_seed":0,"relics":["Burning Blood","Oddly Smooth Stone","Prayer Wheel","Ornamental Fan","Golden Idol","Pen Nib","hubris:RunicObelisk","Nilry\u0027s Codex","Bottled Tornado","hubris:Icosahedron","Frozen Egg 2","Fusion Hammer","Tiny Chest","hubris:ChampionShield","Membership Card","hubris:PeanutButter","conspire:DecoderRing"],"potions_floor_usage":[54,55],"damage_taken":[{"damage":2.0,"enemies":"Small Slimes","floor":1.0,"turns":4.0},{"damage":6.0,"enemies":"2 Louse","floor":3.0,"turns":4.0},{"damage":1.0,"enemies":"Jaw Worm","floor":5.0,"turns":6.0},{"damage":19.0,"enemies":"Lagavulin","floor":7.0,"turns":6.0},{"damage":0.0,"enemies":"2 Fungi Beasts","floor":11.0,"turns":3.0},{"damage":5.0,"enemies":"3 Sentries","floor":12.0,"turns":9.0},{"damage":7.0,"enemies":"3 Louse","floor":14.0,"turns":3.0},{"damage":18.0,"enemies":"Hexaghost","floor":16.0,"turns":6.0},{"damage":10.0,"enemies":"3 Byrds","floor":18.0,"turns":6.0},{"damage":27.0,"enemies":"2 Thieves","floor":20.0,"turns":4.0},{"damage":9.0,"enemies":"Centurion and Healer","floor":21.0,"turns":4.0},{"damage":6.0,"enemies":"Snake Plant","floor":24.0,"turns":2.0},{"damage":20.0,"enemies":"Book of Stabbing","floor":29.0,"turns":4.0},{"damage":5.0,"enemies":"Cultist and Chosen","floor":31.0,"turns":13.0},{"damage":19.0,"enemies":"hubris:MusketHawk","floor":33.0,"turns":8.0},{"damage":3.0,"enemies":"Orb Walker","floor":35.0,"turns":3.0},{"damage":23.0,"enemies":"3 Shapes","floor":36.0,"turns":9.0},{"damage":49.0,"enemies":"Jaw Worm Horde","floor":37.0,"turns":4.0},{"damage":16.0,"enemies":"Spire Growth","floor":39.0,"turns":5.0},{"damage":20.0,"enemies":"Reptomancer","floor":40.0,"turns":7.0},{"damage":16.0,"enemies":"3 Darklings","floor":45.0,"turns":7.0},{"damage":13.0,"enemies":"Giant Head","floor":46.0,"turns":7.0},{"damage":9.0,"enemies":"Jaw Worm Horde","floor":48.0,"turns":4.0},{"damage":53.0,"enemies":"Time Eater","floor":50.0,"turns":10.0},{"damage":67,"enemies":"Shield and Spear","floor":54,"turns":9},{"damage":13,"enemies":"The Heart","floor":55,"turns":8}],"seed_played":"-2217041883045390316","potions_obtained":[{"floor":1.0,"key":"SpeedPotion"},{"floor":5.0,"key":"Fire Potion"},{"floor":14.0,"key":"GamblersBrew"},{"floor":16.0,"key":"Dexterity Potion"},{"floor":20.0,"key":"SkillPotion"},{"floor":24.0,"key":"SkillPotion"},{"floor":35.0,"key":"Fire Potion"},{"floor":37.0,"key":"conspire:EchoDraught"},{"floor":40.0,"key":"Dexterity Potion"},{"floor":48.0,"key":"PowerPotion"},{"floor":54,"key":"Explosive Potion"}],"is_trial":false,"path_per_floor":["M","$","M","?","M","R","E","R","T","?","M","E","?","M","R","B",null,"M","$","M","M","?","R","M","R","T","R","?","E","R","M","R","B",null,"M","M","M","?","M","E","R","?","T","R","M","E","R","M","R","B",null,"R","$","E","B"],"character_chosen":"IRONCLAD","items_purchased":["Inflame","Disarm","Membership Card","Shrug It Off","Shockwave","hubris:PeanutButter"],"campfire_rested":7,"item_purchase_floors":[2,19,53,53,53,53],"current_hp_per_floor":[72,72,72,65,70,70,57,57,57,57,63,64,64,63,63,51,64,60,60,39,36,15,35,35,55,55,55,55,41,61,65,65,52,66,69,55,12,61,51,40,40,40,40,59,52,48,69,66,70,23,58,70,70,12,0],"gold":171,"neow_bonus":"RANDOM_COMMON_RELIC","is_prod":false,"is_daily":false,"chose_seed":false,"campfire_upgraded":5,"win_rate":0,"timestamp":1563680817,"path_taken":["M","$","M","?","M","R","E","R","T","?","?","E","?","M","R","BOSS","M","$","M","M","?","R","M","R","T","R","?","E","R","M","R","BOSS","M","M","M","?","M","E","R","?","T","R","M","E","R","M","R","BOSS","R","$","E","BOSS"],"build_version":"2019-07-17","purchased_purges":2,"victory":false,"max_hp_per_floor":[75,75,75,75,75,75,75,75,75,68,68,68,68,68,68,68,68,68,68,68,68,68,68,68,68,68,68,68,68,68,71,71,71,71,71,74,74,61,61,64,64,64,64,64,67,70,70,70,70,70,70,70,70,73,73],"card_choices":[{"not_picked":["Feel No Pain","True Grit"],"picked":"Shrug It Off","floor":1.0},{"not_picked":["Flex","Metallicize"],"picked":"Iron Wave","floor":3.0},{"not_picked":["hubris:ReadiedAction","Wild Strike"],"picked":"Anger","floor":5.0},{"not_picked":["Rampage","Iron Wave"],"picked":"Fiend Fire","floor":7.0},{"not_picked":["Havoc","Clash"],"picked":"Clothesline","floor":11.0},{"not_picked":["Heavy Blade","Cleave","Carnage"],"picked":"SKIP","floor":11.0},{"not_picked":["Cleave","Metallicize"],"picked":"Body Slam","floor":12.0},{"not_picked":["Searing Blow","Twin Strike"],"picked":"Headbutt","floor":14.0},{"not_picked":["Thunderclap","Havoc","hubris:ReadiedAction"],"picked":"SKIP","floor":14.0},{"not_picked":["Exhume","Dark Embrace"],"picked":"Barricade","floor":16.0},{"not_picked":["hubris:ReadiedAction+1","Battle Trance"],"picked":"Corruption","floor":18.0},{"not_picked":["Perfected Strike","hubris:ReadiedAction"],"picked":"Infernal Blade","floor":18.0},{"not_picked":["Evolve","Wild Strike"],"picked":"Whirlwind","floor":20.0},{"not_picked":["Fire Breathing","Pummel+1"],"picked":"Disarm","floor":20.0},{"not_picked":["Searing Blow","Iron Wave","Body Slam+1"],"picked":"SKIP","floor":21.0},{"not_picked":["Flex","Clothesline","Sever Soul+1"],"picked":"SKIP","floor":21.0},{"not_picked":["Headbutt","Corruption"],"picked":"Feed","floor":24.0},{"not_picked":["Pommel Strike","Body Slam","Twin Strike"],"picked":"SKIP","floor":24.0},{"not_picked":["Havoc","Barricade","Intimidate"],"picked":"SKIP","floor":29.0},{"not_picked":["Body Slam","conspire:Charge","Thunderclap"],"picked":"SKIP","floor":31.0},{"not_picked":["Thunderclap","Wild Strike","Fire Breathing+1"],"picked":"SKIP","floor":31.0},{"not_picked":["Exhume","Limit Break"],"picked":"Dark Embrace+1","floor":33.0},{"not_picked":["Cleave","Flex","Body Slam"],"picked":"SKIP","floor":35.0},{"not_picked":["Rage","Warcry","Infernal Blade"],"picked":"SKIP","floor":35.0},{"not_picked":["Heavy Blade","Combust+1"],"picked":"Warcry+1","floor":36.0},{"not_picked":["Headbutt","Sever Soul","Perfected Strike+1"],"picked":"SKIP","floor":36.0},{"not_picked":["Uppercut","Thunderclap"],"picked":"Battle Trance","floor":37.0},{"not_picked":["Thunderclap","Cleave+1","Disarm"],"picked":"SKIP","floor":37.0},{"not_picked":["Power Through","hubris:ReadiedAction"],"picked":"Sentinel+1","floor":39.0},{"not_picked":["Warcry","Thunderclap","Sword Boomerang"],"picked":"SKIP","floor":39.0},{"not_picked":["Cleave","Barricade+1","Heavy Blade+1"],"picked":"SKIP","floor":40.0},{"not_picked":["Sword Boomerang","hubris:SharpeningStone"],"picked":"Ghostly Armor","floor":45.0},{"not_picked":["Twin Strike","Headbutt","Warcry"],"picked":"SKIP","floor":45.0},{"not_picked":["Body Slam+1","Thunderclap"],"picked":"Flame Barrier","floor":46.0},{"not_picked":["Thunderclap+1","Body Slam"],"picked":"conspire:ExplosiveBarrier","floor":48.0},{"not_picked":["Sword Boomerang","Rupture+1"],"picked":"Battle Trance","floor":48.0},{"not_picked":["Heavy Blade","Dropkick","Uppercut"],"picked":"SKIP","floor":54}],"player_experience":2611779,"relics_obtained":[{"floor":7.0,"key":"Prayer Wheel"},{"floor":9.0,"key":"Ornamental Fan"},{"floor":12.0,"key":"Pen Nib"},{"floor":22.0,"key":"Nilry\u0027s Codex"},{"floor":26.0,"key":"Bottled Tornado"},{"floor":29.0,"key":"Frozen Egg 2"},{"floor":40.0,"key":"Tiny Chest"},{"floor":46.0,"key":"hubris:ChampionShield"},{"floor":54,"key":"conspire:DecoderRing"}],"event_choices":[{"cards_removed":["Strike_R"],"damage_healed":0.0,"max_hp_gain":0.0,"max_hp_loss":0.0,"gold_gain":0.0,"event_name":"Golden Wing","player_choice":"Card Removal","floor":4.0,"gold_loss":0.0,"damage_taken":7.0},{"damage_healed":0.0,"max_hp_gain":0.0,"max_hp_loss":7.0,"gold_gain":0.0,"event_name":"Golden Idol","player_choice":"Lose Max HP","floor":10.0,"gold_loss":0.0,"damage_taken":0.0,"relics_obtained":["Golden Idol"]},{"cards_removed":["Strike_R"],"damage_healed":0.0,"max_hp_gain":0.0,"max_hp_loss":0.0,"gold_gain":0.0,"event_name":"Living Wall","player_choice":"Forget","floor":13.0,"gold_loss":0.0,"damage_taken":0.0},{"damage_healed":0.0,"max_hp_gain":0.0,"max_hp_loss":0.0,"gold_gain":0.0,"event_name":"Cursed Tome","player_choice":"Obtained Book","floor":22.0,"gold_loss":0.0,"damage_taken":21.0},{"damage_healed":61.0,"max_hp_gain":0.0,"max_hp_loss":13.0,"gold_gain":0.0,"event_name":"The Moai Head","player_choice":"Heal","floor":38.0,"gold_loss":0.0,"damage_taken":0.0},{"damage_healed":0.0,"max_hp_gain":0.0,"max_hp_loss":0.0,"gold_gain":0.0,"event_name":"Match and Keep!","player_choice":"0 cards matched","floor":42.0,"gold_loss":0.0,"damage_taken":0.0,"cards_obtained":[]}],"is_beta":false,"boss_relics":[{"not_picked":["Ectoplasm","Velvet Choker"],"picked":"hubris:RunicObelisk"},{"not_picked":["Eternal Feather","Calling Bell"],"picked":"Fusion Hammer"}],"items_purged_floors":[19,53],"is_endless":false,"potions_floor_spawned":[1,5,14,16,20,24,35,37,40,45,48,54],"killed_by":"The Heart","ascension_level":15}