{"gold_per_floor":[118,133,208,208,218,218,247,259,297,339,413,390,430,88,88,162,162,178,178,78,97,97,123,123,103,103,118,152,170,200,216,216,216],"floor_reached":33,"playtime":1177,"items_purged":["Strike_R","Strike_R"],"score":587,"play_id":"626019c5-1fe0-4450-8587-010617525117","local_time":"20190520221906","is_ascension_mode":true,"campfire_choices":[{"data":"Fiend Fire","floor":6.0,"key":"SMITH"},{"floor":8.0,"key":"REST"},{"data":"Immolate","floor":15.0,"key":"SMITH"},{"data":"Feed","floor":24.0,"key":"SMITH"},{"data":"Armaments","floor":32.0,"key":"SMITH"}],"neow_cost":"NONE","seed_source_timestamp":0,"circlet_count":0,"master_deck":["AscendersBane","Strike_R","Strike_R","Defend_R","Defend_R","Defend_R","Defend_R","Bash","Fiend Fire+1","Shrug It Off","Clothesline","Evolve","Uppercut","Immolate+1","Armaments+1","Inflame+1","Feed+1","Feel No Pain+1","Battle Trance","Feel No Pain+1","Burning Pact","Shrug It Off","Offering","Feel No Pain+1"],"special_seed":0,"relics":["Burning Blood","MawBank","Regal Pillow","Frozen Egg 2","Omamori","Prayer Wheel","Lee\u0027s Waffle","Velvet Choker","Pantograph","Mercury Hourglass","Ornamental Fan","Letter Opener","Meat on the Bone"],"potions_floor_usage":[33,33],"damage_taken":[{"damage":1.0,"enemies":"2 Louse","floor":1.0,"turns":3.0},{"damage":3.0,"enemies":"Small Slimes","floor":2.0,"turns":4.0},{"damage":0.0,"enemies":"Cultist","floor":5.0,"turns":3.0},{"damage":47.0,"enemies":"Lagavulin","floor":7.0,"turns":8.0},{"damage":24.0,"enemies":"Gremlin Nob","floor":10.0,"turns":4.0},{"damage":19.0,"enemies":"Lagavulin Event","floor":11.0,"turns":5.0},{"damage":27.0,"enemies":"3 Sentries","floor":13.0,"turns":6.0},{"damage":22.0,"enemies":"The Guardian","floor":16.0,"turns":14.0},{"damage":13.0,"enemies":"3 Byrds","floor":18.0,"turns":5.0},{"damage":10.0,"enemies":"Spheric Guardian","floor":21.0,"turns":5.0},{"damage":10.0,"enemies":"Gremlin Leader","floor":23.0,"turns":6.0},{"damage":6.0,"enemies":"Snecko","floor":27.0,"turns":4.0},{"damage":43.0,"enemies":"Book of Stabbing","floor":28.0,"turns":6.0},{"damage":3.0,"enemies":"Centurion and Healer","floor":29.0,"turns":5.0},{"damage":30.0,"enemies":"Slavers","floor":30.0,"turns":5.0},{"damage":0.0,"enemies":"Sentry and Sphere","floor":31.0,"turns":2.0},{"damage":79,"enemies":"Champ","floor":33,"turns":11}],"seed_played":"-4986085562047374319","potions_obtained":[{"floor":10.0,"key":"AttackPotion"},{"floor":11.0,"key":"BloodPotion"},{"floor":13.0,"key":"Swift Potion"},{"floor":25.0,"key":"Poison Potion"},{"floor":27.0,"key":"Block Potion"},{"floor":28.0,"key":"SneckoOil"},{"floor":29.0,"key":"LiquidBronze"}],"is_trial":false,"path_per_floor":["M","M","?","?","M","R","E","R","T","E","?","?","E","$","R","B",null,"M","?","$","M","?","E","R","?","T","M","E","M","E","M","R","B"],"character_chosen":"IRONCLAD","items_purchased":["Lee\u0027s Waffle","Inflame+1"],"campfire_rested":1,"item_purchase_floors":[14,14],"current_hp_per_floor":[73,75,64,57,63,63,22,44,44,26,13,31,17,82,82,66,78,74,74,74,74,74,74,74,74,74,74,37,44,20,42,42,0],"gold":216,"neow_bonus":"ONE_RANDOM_RARE_CARD","is_prod":false,"is_daily":false,"chose_seed":false,"campfire_upgraded":4,"win_rate":0,"timestamp":1558405146,"path_taken":["M","M","?","?","M","R","E","R","T","E","?","?","E","$","R","BOSS","M","?","$","M","?","E","R","?","T","?","E","M","E","M","R","BOSS"],"build_version":"2019-05-07","purchased_purges":2,"victory":false,"max_hp_per_floor":[75,75,75,75,75,75,75,75,75,75,75,75,75,82,82,82,82,85,85,85,89,89,93,93,93,93,93,93,97,97,101,101,101],"card_choices":[{"not_picked":["Perfected Strike","Ghostly Armor"],"picked":"Shrug It Off","floor":1.0},{"not_picked":["Wild Strike","Iron Wave"],"picked":"Clothesline","floor":2.0},{"not_picked":["Dual Wield","Hemokinesis"],"picked":"Evolve","floor":5.0},{"not_picked":["Heavy Blade","Body Slam","Thunderclap"],"picked":"SKIP","floor":7.0},{"not_picked":["Perfected Strike","True Grit"],"picked":"Uppercut","floor":10.0},{"not_picked":["Searing Blow","True Grit"],"picked":"Immolate","floor":11.0},{"not_picked":["Flex","Pommel Strike"],"picked":"Armaments","floor":13.0},{"not_picked":["Brutality+1","Bludgeon"],"picked":"Feed","floor":16.0},{"not_picked":["Hemokinesis","Headbutt"],"picked":"Feel No Pain+1","floor":18.0},{"not_picked":["Searing Blow+1","Clash","Sword Boomerang"],"picked":"SKIP","floor":18.0},{"not_picked":["Evolve+1","Sword Boomerang+1"],"picked":"Battle Trance","floor":21.0},{"not_picked":["Pummel","Sword Boomerang"],"picked":"Feel No Pain+1","floor":21.0},{"not_picked":["Clash","Warcry","Searing Blow"],"picked":"SKIP","floor":23.0},{"not_picked":["Rampage","Iron Wave","Seeing Red"],"picked":"SKIP","floor":27.0},{"not_picked":["Clash","Pommel Strike","Thunderclap"],"picked":"SKIP","floor":27.0},{"not_picked":["Clash","Warcry"],"picked":"Burning Pact","floor":28.0},{"not_picked":["Cleave","Bloodletting"],"picked":"Shrug It Off","floor":29.0},{"not_picked":["Dropkick+1","Twin Strike","Heavy Blade"],"picked":"SKIP","floor":29.0},{"not_picked":["Sword Boomerang","Cleave","Armaments"],"picked":"SKIP","floor":30.0},{"not_picked":["True Grit+1","Clothesline+1"],"picked":"Offering","floor":31.0},{"not_picked":["Shrug It Off","Thunderclap"],"picked":"Feel No Pain+1","floor":31.0}],"player_experience":2511962,"relics_obtained":[{"floor":7.0,"key":"MawBank"},{"floor":9.0,"key":"Regal Pillow"},{"floor":10.0,"key":"Frozen Egg 2"},{"floor":11.0,"key":"Omamori"},{"floor":13.0,"key":"Prayer Wheel"},{"floor":23.0,"key":"Mercury Hourglass"},{"floor":26.0,"key":"Ornamental Fan"},{"floor":28.0,"key":"Letter Opener"},{"floor":30.0,"key":"Meat on the Bone"}],"event_choices":[{"damage_healed":0.0,"max_hp_gain":0.0,"max_hp_loss":0.0,"gold_gain":75.0,"event_name":"World of Goop","player_choice":"Gather Gold","floor":3.0,"gold_loss":0.0,"damage_taken":11.0},{"cards_removed":["Strike_R"],"damage_healed":0.0,"max_hp_gain":0.0,"max_hp_loss":0.0,"gold_gain":0.0,"event_name":"Golden Wing","player_choice":"Card Removal","floor":4.0,"gold_loss":0.0,"damage_taken":7.0},{"damage_healed":0.0,"max_hp_gain":0.0,"max_hp_loss":0.0,"gold_gain":0.0,"event_name":"Dead Adventurer","player_choice":"Searched \u00271\u0027 times","floor":11.0,"gold_loss":0.0,"damage_taken":0.0},{"damage_healed":18.0,"max_hp_gain":0.0,"max_hp_loss":0.0,"gold_gain":0.0,"event_name":"The Cleric","player_choice":"Healed","floor":12.0,"gold_loss":35.0,"damage_taken":0.0},{"damage_healed":0.0,"max_hp_gain":0.0,"max_hp_loss":0.0,"gold_gain":0.0,"event_name":"Addict","player_choice":"Stole Relic","floor":19.0,"gold_loss":0.0,"damage_taken":0.0,"relics_obtained":["Pantograph"],"cards_obtained":["Shame"]},{"damage_healed":0.0,"max_hp_gain":0.0,"max_hp_loss":0.0,"gold_gain":0.0,"event_name":"Vampires","player_choice":"Ignored","floor":22.0,"gold_loss":0.0,"damage_taken":0.0},{"damage_healed":0.0,"max_hp_gain":0.0,"max_hp_loss":0.0,"gold_gain":0.0,"event_name":"The Woman in Blue","player_choice":"Bought 1 Potion","floor":25.0,"gold_loss":0.0,"damage_taken":0.0}],"is_beta":true,"boss_relics":[{"not_picked":["Runic Cube","Philosopher\u0027s Stone"],"picked":"Velvet Choker"}],"items_purged_floors":[14,20],"is_endless":false,"potions_floor_spawned":[10,11,13,27,28,29,30],"killed_by":"Champ","ascension_level":15}