{"gold_per_floor":[115,64,64,74,74,106,131,56,56,81,46,57,73,105,105,182,182,192,2,16,16,36,36,66,66,66,66,84,98,112,142,142,221,221,238,251,21,21,39,39,56,56,56,56],"floor_reached":44,"playtime":1630,"items_purged":["Strike_R"],"score":863,"play_id":"8c42a59a-2c27-40ee-91d1-920ce6812de7","local_time":"20190714225827","is_ascension_mode":true,"campfire_choices":[{"data":"Anger","floor":15,"key":"SMITH"},{"data":"Flame Barrier","floor":23,"key":"SMITH"},{"data":"Demon Form","floor":25,"key":"SMITH"},{"data":"Power Through","floor":32,"key":"SMITH"},{"data":"Barricade","floor":40,"key":"SMITH"}],"neow_cost":"NONE","seed_source_timestamp":362274213658613,"circlet_count":0,"master_deck":["AscendersBane","Strike_R","Strike_R","Strike_R+1","Strike_R+1","Defend_R","Defend_R","Defend_R","Defend_R","Bash","Thunderclap","Anger+1","Flame Barrier+1","Cleave","Reaper","Blood for Blood+1","Headbutt+1","Demon Form+1","Sword Boomerang+1","Evolve","Power Through+1","Power Through","Inflame+1","Shrug It Off","Pummel+1","Barricade+1","Clothesline+1"],"relics":["Burning Blood","NeowsBlessing","Lantern","Singing Bowl","Odd Mushroom","Molten Egg 2","Blood Vial","Art of War","Coffee Dripper","Ginger","Enchiridion","hubris:AstralHammer","hubris:TerracottaHorce","Medical Kit","Strawberry"],"potions_floor_usage":[7,24,28,28,30,44],"damage_taken":[{"damage":0,"enemies":"2 Louse","floor":1,"turns":1},{"damage":0,"enemies":"Small Slimes","floor":4,"turns":1},{"damage":0,"enemies":"Lagavulin","floor":6,"turns":1},{"damage":10,"enemies":"The Mushroom Lair","floor":7,"turns":5},{"damage":18,"enemies":"Gremlin Nob","floor":10,"turns":4},{"damage":0,"enemies":"Jaw Worm","floor":12,"turns":1},{"damage":16,"enemies":"Lots of Slimes","floor":13,"turns":3},{"damage":23,"enemies":"Lagavulin","floor":14,"turns":7},{"damage":39,"enemies":"Slime Boss","floor":16,"turns":7},{"damage":22,"enemies":"2 Thieves","floor":18,"turns":4},{"damage":22,"enemies":"Spheric Guardian","floor":20,"turns":4},{"damage":39,"enemies":"Snake Plant","floor":22,"turns":5},{"damage":27,"enemies":"Book of Stabbing","floor":24,"turns":5},{"damage":19,"enemies":"3 Cultists","floor":28,"turns":6},{"damage":6,"enemies":"Centurion and Healer","floor":29,"turns":8},{"damage":3,"enemies":"Cultist and Chosen","floor":30,"turns":5},{"damage":38,"enemies":"Slavers","floor":31,"turns":9},{"damage":53,"enemies":"Automaton","floor":33,"turns":8},{"damage":24,"enemies":"Orb Walker","floor":35,"turns":3},{"damage":27,"enemies":"3 Darklings","floor":36,"turns":4},{"damage":0,"enemies":"Writhing Mass","floor":39,"turns":5},{"damage":44,"enemies":"Jaw Worm Horde","floor":41,"turns":6},{"damage":89,"enemies":"Giant Head","floor":44,"turns":7}],"seed_played":"2815614405545827567","potions_obtained":[{"floor":6,"key":"Ancient Potion"},{"floor":10,"key":"SpeedPotion"},{"floor":12,"key":"Fire Potion"},{"floor":20,"key":"Strength Potion"},{"floor":24,"key":"LiquidBronze"},{"floor":29,"key":"Energy Potion"},{"floor":31,"key":"Ancient Potion"},{"floor":39,"key":"Energy Potion"},{"floor":41,"key":"Block Potion"}],"is_trial":false,"path_per_floor":["M","$","?","M","?","E","?","$","T","E","$","M","M","E","R","B",null,"M","$","M","?","M","R","E","R","T","?","M","M","M","E","R","B",null,"M","M","$","?","M","R","M","?","T","E"],"character_chosen":"IRONCLAD","items_purchased":["Anger","Reaper","Blood for Blood+1","Evolve","Power Through","Medical Kit"],"campfire_rested":0,"item_purchase_floors":[2,8,11,19,19,37],"current_hp_per_floor":[74,74,51,57,46,52,48,48,48,42,42,50,69,56,56,37,70,70,70,64,64,35,35,33,33,33,12,11,32,48,46,46,20,70,66,49,49,49,59,59,33,72,79,0],"gold":56,"neow_bonus":"THREE_ENEMY_KILL","is_prod":false,"is_daily":false,"chose_seed":false,"campfire_upgraded":5,"win_rate":0,"timestamp":1563159507,"path_taken":["M","$","?","M","?","E","?","$","T","E","$","M","M","E","R","BOSS","M","$","M","?","M","R","E","R","T","?","?","M","M","E","R","BOSS","M","M","?","?","M","R","M","?","T","E"],"build_version":"2019-07-05","purchased_purges":1,"victory":false,"max_hp_per_floor":[75,75,75,75,75,75,75,75,75,77,77,77,79,81,81,81,81,81,81,81,81,83,83,85,85,85,85,87,87,87,87,87,87,87,89,91,91,86,88,88,88,72,79,79],"card_choices":[{"not_picked":["Body Slam","Wild Strike"],"picked":"Thunderclap","floor":1},{"not_picked":["Warcry","Body Slam","Heavy Blade"],"picked":"SKIP","floor":4},{"not_picked":["hubris:ReadiedAction","Dropkick"],"picked":"Flame Barrier","floor":6},{"not_picked":["Blood for Blood","Perfected Strike"],"picked":"Cleave","floor":7},{"not_picked":["Entrench","Brutality","Heavy Blade+1"],"picked":"Singing Bowl","floor":10},{"not_picked":["Thunderclap+1","Pommel Strike+1"],"picked":"Headbutt+1","floor":12},{"not_picked":["Iron Wave+1","Body Slam+1","Cleave+1"],"picked":"Singing Bowl","floor":13},{"not_picked":["Pommel Strike+1","Warcry","hubris:CleavingFinish+1"],"picked":"Singing Bowl","floor":14},{"not_picked":["Double Tap","Exhume"],"picked":"Demon Form","floor":16},{"not_picked":["Headbutt+1","True Grit"],"picked":"Sword Boomerang+1","floor":18},{"not_picked":["Flame Barrier","hubris:ReadiedAction"],"picked":"Power Through","floor":20},{"not_picked":["Power Through","Heavy Blade+1","Clash+1"],"picked":"Singing Bowl","floor":22},{"not_picked":["Thunderclap+1","Anger+1","Entrench"],"picked":"Singing Bowl","floor":24},{"not_picked":["Thunderclap+1","Flex","Iron Wave+1"],"picked":"Singing Bowl","floor":28},{"not_picked":["hubris:ReadiedAction","Pommel Strike+1"],"picked":"Inflame+1","floor":29},{"not_picked":["Iron Wave+1","Thunderclap+1"],"picked":"Shrug It Off","floor":30},{"not_picked":["Shrug It Off","Metallicize"],"picked":"Pummel+1","floor":31},{"not_picked":["Fiend Fire+1","Dark Embrace"],"picked":"Barricade","floor":33},{"not_picked":["Clash+1","Intimidate","Carnage+1"],"picked":"Singing Bowl","floor":35},{"not_picked":["True Grit","Wild Strike+1","Rage"],"picked":"Singing Bowl","floor":36},{"not_picked":["Iron Wave+1","Intimidate","Cleave+1"],"picked":"Singing Bowl","floor":39},{"not_picked":["Hemokinesis+1","Armaments"],"picked":"Clothesline+1","floor":41}],"player_experience":2574965,"relics_obtained":[{"floor":6,"key":"Singing Bowl"},{"floor":7,"key":"Odd Mushroom"},{"floor":9,"key":"Molten Egg 2"},{"floor":10,"key":"Blood Vial"},{"floor":14,"key":"Art of War"},{"floor":24,"key":"Ginger"},{"floor":27,"key":"Enchiridion"},{"floor":31,"key":"hubris:AstralHammer"},{"floor":43,"key":"Strawberry"}],"event_choices":[{"damage_healed":0,"gold_gain":0,"player_choice":"Entered Light","damage_taken":23,"max_hp_gain":0,"max_hp_loss":0,"event_name":"Shining Light","floor":3,"gold_loss":0,"cards_upgraded":["Strike_R","Strike_R"]},{"damage_healed":0,"gold_gain":0,"player_choice":"Success","damage_taken":11,"relics_obtained":["Lantern"],"max_hp_gain":0,"max_hp_loss":0,"event_name":"Scrap Ooze","floor":5,"gold_loss":0},{"damage_healed":0,"gold_gain":0,"player_choice":"Fought Mushrooms","damage_taken":0,"max_hp_gain":0,"max_hp_loss":0,"event_name":"Mushrooms","floor":7,"gold_loss":0},{"damage_healed":0,"gold_gain":0,"player_choice":"Obtained Book","damage_taken":21,"max_hp_gain":0,"max_hp_loss":0,"event_name":"Cursed Tome","floor":27,"gold_loss":0},{"damage_healed":0,"gold_gain":0,"player_choice":"Max HP","damage_taken":0,"max_hp_gain":0,"max_hp_loss":5,"event_name":"Winding Halls","floor":38,"gold_loss":0},{"damage_healed":72,"gold_gain":0,"player_choice":"Heal","damage_taken":0,"max_hp_gain":0,"max_hp_loss":16,"event_name":"The Moai Head","floor":42,"gold_loss":0}],"is_beta":false,"boss_relics":[{"not_picked":["Runic Cube","Pandora\u0027s Box"],"picked":"Coffee Dripper"},{"not_picked":["Lizard Tail","Black Star"],"picked":"hubris:TerracottaHorce"}],"items_purged_floors":[19],"is_endless":false,"potions_floor_spawned":[6,10,12,14,18,20,24,29,31,39,41],"killed_by":"Giant Head","ascension_level":15}