{"gold_per_floor":[112,112,123,133,152,152,152,187,187,187,72,72,96,131,131,226,226,241,141,141,165,165,204,217,217,217,90,40,53,97,110,110,203,203,218,233,566,585,685,685,712,712,736,736,680,714,726,611,611,611,611,611,78,108,108],"floor_reached":56,"playtime":3249,"items_purged":["Strike_R","Strike_R","Writhe","Strike_R"],"score":2037,"play_id":"f5508b1a-5193-46df-b27b-62fcf0c265b5","local_time":"20190617230534","is_ascension_mode":true,"campfire_choices":[{"data":"Cleave","floor":6,"key":"SMITH"},{"data":"Rampage","floor":10,"key":"SMITH"},{"data":"Whirlwind","floor":15,"key":"SMITH"},{"data":"Demon Form","floor":32,"key":"SMITH"},{"floor":40,"key":"RECALL"},{"data":"Corruption","floor":42,"key":"SMITH"},{"data":"Battle Trance","floor":49,"key":"SMITH"},{"data":"Sword Boomerang","floor":52,"key":"SMITH"}],"neow_cost":"NONE","seed_source_timestamp":0,"circlet_count":0,"master_deck":["AscendersBane","Strike_R","Strike_R","Defend_R","Defend_R","Defend_R","Defend_R","Bash","Cleave+1","Battle Trance+1","Rampage+1","Headbutt","Armaments+1","Whirlwind+1","Reaper","Offering+1","Shrug It Off+1","Exhume+1","Warcry+1","Flex+1","Spot Weakness+1","Ghostly Armor+1","Demon Form+1","Flame Barrier+1","True Grit+1","Corruption+1","Flame Barrier+1","Sword Boomerang+1","Offering+1","Warcry+1","Shrug It Off+1","Flame Barrier+1","Blind+1","Havoc+1","Warcry+1"],"special_seed":0,"relics":["Burning Blood","Bag of Preparation","Toxic Egg 2","Question Card","Omamori","Coffee Dripper","Gremlin Horn","Regal Pillow","Dodecahedron","Sundial","Calling Bell","Ancient Tea Set","Self Forming Clay","Mango","Champion Belt","Potion Belt","The Courier","Smiling Mask","Oddly Smooth Stone","Ice Cream","Pen Nib"],"potions_floor_usage":[8,33,55,55,55,55],"damage_taken":[{"damage":5,"enemies":"Cultist","floor":1,"turns":4},{"damage":18,"enemies":"Jaw Worm","floor":3,"turns":4},{"damage":0,"enemies":"Small Slimes","floor":4,"turns":3},{"damage":11,"enemies":"Blue Slaver","floor":5,"turns":4},{"damage":32,"enemies":"Gremlin Nob","floor":8,"turns":4},{"damage":0,"enemies":"Large Slime","floor":13,"turns":7},{"damage":22,"enemies":"Lagavulin","floor":14,"turns":6},{"damage":18,"enemies":"Slime Boss","floor":16,"turns":7},{"damage":0,"enemies":"3 Byrds","floor":18,"turns":4},{"damage":6,"enemies":"Spheric Guardian","floor":21,"turns":3},{"damage":13,"enemies":"Slavers","floor":23,"turns":4},{"damage":19,"enemies":"Centurion and Healer","floor":24,"turns":4},{"damage":0,"enemies":"Sentry and Sphere","floor":29,"turns":1},{"damage":24,"enemies":"Book of Stabbing","floor":30,"turns":4},{"damage":11,"enemies":"Snake Plant","floor":31,"turns":4},{"damage":71,"enemies":"Collector","floor":33,"turns":9},{"damage":17,"enemies":"3 Shapes","floor":35,"turns":2},{"damage":17,"enemies":"Orb Walker","floor":36,"turns":4},{"damage":39,"enemies":"Spire Growth","floor":38,"turns":5},{"damage":6,"enemies":"Mind Bloom Boss Battle","floor":39,"turns":7},{"damage":16,"enemies":"Reptomancer","floor":41,"turns":7},{"damage":12,"enemies":"Nemesis","floor":46,"turns":3},{"damage":6,"enemies":"Jaw Worm Horde","floor":47,"turns":1},{"damage":79,"enemies":"Donu and Deca","floor":50,"turns":9},{"damage":18,"enemies":"Shield and Spear","floor":54,"turns":3},{"damage":72,"enemies":"The Heart","floor":55,"turns":8}],"seed_played":"-727550835077291201","potions_obtained":[{"floor":4,"key":"Dexterity Potion"},{"floor":5,"key":"Fruit Juice"},{"floor":14,"key":"Block Potion"},{"floor":33,"key":"Dexterity Potion"},{"floor":47,"key":"Ancient Potion"}],"is_trial":false,"path_per_floor":["M","$","M","M","M","R","?","E","T","R","$","?","M","E","R","B",null,"M","$","T","M","?","E","M","?","T","$","?","M","E","M","R","B",null,"M","M","?","M","?","R","E","R","T","?","?","E","M","$","R","B",null,"R","$","E","B",null],"character_chosen":"IRONCLAD","items_purchased":["Whirlwind","Flame Barrier+1","True Grit+1","Blind+1","Oddly Smooth Stone","Ice Cream","Strength Potion","Swift Potion","Havoc+1","Warcry+1"],"campfire_rested":0,"item_purchase_floors":[11,27,27,48,53,53,53,53,53,53],"current_hp_per_floor":[69,69,57,63,58,58,58,37,37,37,37,37,47,31,31,23,61,73,73,73,73,73,71,73,73,73,73,73,73,73,68,68,25,75,64,72,72,39,72,72,87,87,87,87,87,81,81,81,81,70,83,83,83,87,78],"gold":108,"neow_bonus":"RANDOM_COMMON_RELIC","is_prod":false,"is_daily":false,"chose_seed":false,"campfire_upgraded":7,"win_rate":0,"timestamp":1560827134,"path_taken":["M","?","M","?","M","R","?","E","T","R","$","?","M","E","R","BOSS","M","$","?","M","?","E","M","?","T","$","?","M","E","?","R","BOSS","M","M","?","M","?","R","E","R","T","?","?","E","M","$","R","BOSS","R","$","E","BOSS"],"build_version":"2019-01-23","purchased_purges":4,"victory":true,"max_hp_per_floor":[75,75,75,75,75,75,68,73,73,73,73,73,73,73,73,73,73,73,73,73,73,73,73,73,73,73,73,73,73,73,73,73,73,87,87,87,87,87,87,87,87,87,87,87,87,87,87,87,87,87,87,87,87,87,87],"card_choices":[{"not_picked":["Wild Strike","Heavy Blade"],"picked":"Cleave","floor":1},{"not_picked":["Cleave","Warcry"],"picked":"Battle Trance","floor":3},{"not_picked":["Clash","Intimidate"],"picked":"Rampage","floor":4},{"not_picked":["Armaments","Corruption"],"picked":"Headbutt","floor":5},{"not_picked":["Wild Strike","Second Wind"],"picked":"Armaments","floor":8},{"not_picked":["Carnage","Burning Pact+1","Wild Strike"],"picked":"Offering+1","floor":13},{"not_picked":["Armaments+1","Iron Wave","Twin Strike"],"picked":"Shrug It Off+1","floor":14},{"not_picked":["Brutality","Offering+1","Double Tap+1"],"picked":"Exhume+1","floor":16},{"not_picked":["Sword Boomerang","Entrench+1","Rage+1"],"picked":"Warcry+1","floor":18},{"not_picked":["Havoc+1","Anger","Twin Strike"],"picked":"Flex+1","floor":21},{"not_picked":["Entrench+1","Clothesline","Cleave+1"],"picked":"Spot Weakness+1","floor":23},{"not_picked":["Entrench+1","Anger+1","Wild Strike"],"picked":"Ghostly Armor+1","floor":24},{"not_picked":["Dropkick","Pommel Strike","Metallicize"],"picked":"Corruption","floor":29},{"not_picked":["Inflame+1","Whirlwind","Dual Wield+1"],"picked":"Flame Barrier+1","floor":30},{"not_picked":["Anger","Dark Embrace","Pommel Strike"],"picked":"Sword Boomerang","floor":31},{"not_picked":["Bludgeon","Fiend Fire","Barricade"],"picked":"Offering+1","floor":33},{"not_picked":["Cleave","Heavy Blade","Inflame"],"picked":"Warcry+1","floor":35},{"not_picked":["Flame Barrier+1","Armaments+1","Bludgeon"],"picked":"Shrug It Off+1","floor":36},{"not_picked":["Uppercut","Thunderclap","Cleave+1"],"picked":"Flame Barrier+1","floor":38},{"not_picked":["Wild Strike","Dropkick","Heavy Blade+1","Bludgeon"],"picked":"SKIP","floor":41},{"not_picked":["Iron Wave+1","Heavy Blade","Ghostly Armor+1","Cleave"],"picked":"SKIP","floor":46},{"not_picked":["Entrench+1","Infernal Blade+1","Twin Strike+1","Body Slam+1"],"picked":"SKIP","floor":47},{"not_picked":["Headbutt+1","Rage+1","Iron Wave","Thunderclap"],"picked":"SKIP","floor":54}],"player_experience":2550377,"relics_obtained":[{"floor":8,"key":"Toxic Egg 2"},{"floor":9,"key":"Question Card"},{"floor":14,"key":"Omamori"},{"floor":20,"key":"Gremlin Horn"},{"floor":23,"key":"Regal Pillow"},{"floor":26,"key":"Dodecahedron"},{"floor":30,"key":"Sundial"},{"floor":34,"key":"Ancient Tea Set"},{"floor":34,"key":"Self Forming Clay"},{"floor":34,"key":"Mango"},{"floor":39,"key":"Champion Belt"},{"floor":41,"key":"Potion Belt"},{"floor":46,"key":"Smiling Mask"},{"floor":54,"key":"Pen Nib"}],"event_choices":[{"damage_healed":0,"gold_gain":0,"player_choice":"Lose Max HP","damage_taken":0,"relics_obtained":["Golden Idol"],"max_hp_gain":0,"max_hp_loss":7,"event_name":"Golden Idol","floor":7,"gold_loss":0},{"damage_healed":0,"gold_gain":0,"player_choice":"1 cards matched","damage_taken":0,"max_hp_gain":0,"max_hp_loss":0,"event_name":"Match and Keep!","floor":12,"gold_loss":0,"cards_obtained":["Reaper"]},{"damage_healed":0,"gold_gain":0,"player_choice":"Ignored","damage_taken":0,"max_hp_gain":0,"max_hp_loss":0,"event_name":"Ghosts","floor":22,"gold_loss":0},{"damage_healed":0,"gold_gain":0,"player_choice":"Read","damage_taken":0,"max_hp_gain":0,"max_hp_loss":0,"event_name":"The Library","floor":25,"gold_loss":0,"cards_obtained":["Demon Form"]},{"damage_healed":0,"gold_gain":0,"player_choice":"Bet on Murderer","damage_taken":0,"max_hp_gain":0,"max_hp_loss":0,"event_name":"The Joust","floor":28,"gold_loss":50},{"damage_healed":0,"gold_gain":333,"player_choice":"Gave Idol","damage_taken":0,"max_hp_gain":0,"max_hp_loss":0,"event_name":"The Moai Head","floor":37,"relics_lost":["Golden Idol"],"gold_loss":0},{"damage_healed":0,"gold_gain":0,"player_choice":"Fight","damage_taken":0,"max_hp_gain":0,"max_hp_loss":0,"event_name":"MindBloom","floor":39,"gold_loss":0},{"damage_healed":0,"gold_gain":0,"player_choice":"Memory 1","damage_taken":0,"max_hp_gain":0,"max_hp_loss":0,"event_name":"SensoryStone","floor":44,"gold_loss":0},{"damage_healed":0,"gold_gain":0,"player_choice":"Paid Gold","damage_taken":0,"relics_obtained":["The Courier"],"max_hp_gain":0,"max_hp_loss":0,"event_name":"WeMeetAgain","floor":45,"gold_loss":56}],"is_beta":false,"boss_relics":[{"not_picked":["Astrolabe","Lizard Tail"],"picked":"Coffee Dripper"},{"not_picked":["Runic Pyramid","Tiny House"],"picked":"Calling Bell"}],"items_purged_floors":[11,19,48,53],"is_endless":false,"potions_floor_spawned":[4,5,14,24,29,31,33,35,39,47],"ascension_level":15}