{"gold_per_floor":[115,134,134,134,154,183,201,201,226,236,236,311,311,338,338,416,416,428,478,253,271,281,281,308,328,352,352,370,396,407,426,426,497,497,507,353,368,368,382,407,407,442,517,537,537,565,577,594,594,594,594,594,41,73,73],"floor_reached":56,"playtime":3241,"items_purged":["Strike_R"],"score":2253,"play_id":"176120dd-9469-415c-9469-7e8193def531","local_time":"20190701221348","is_ascension_mode":true,"campfire_choices":[{"data":"Uppercut","floor":8,"key":"SMITH"},{"floor":13,"key":"REST"},{"data":"True Grit","floor":15,"key":"SMITH"},{"floor":23,"key":"REST"},{"floor":27,"key":"REST"},{"data":"Havoc","floor":32,"key":"SMITH"},{"floor":41,"key":"RECALL"},{"floor":49,"key":"REST"},{"floor":52,"key":"REST"}],"neow_cost":"PERCENT_DAMAGE","seed_source_timestamp":1560905349393021,"circlet_count":0,"master_deck":["AscendersBane","Defend_R","Defend_R","Defend_R","Defend_R","Bash","Rampage+1","True Grit+1","Anger","Demon Form","Uppercut+1","Metallicize","Pommel Strike+1","Corruption+1","Headbutt+1","Disarm+1","Battle Trance","Pummel+1","Battle Trance+1","Rage","Havoc+1","Double Tap","Armaments+1","Impervious","Armaments+1","Entrench+1","Spot Weakness+1","Barricade","Flame Barrier+1","Spot Weakness","Body Slam","Flex+1","Power Through","Evolve","Flame Barrier","Shrug It Off","Chrysalis","Burning Pact+1"],"relics":["Burning Blood","Boot","Blood Vial","PreservedInsect","Du-Vu Doll","Dead Branch","Astrolabe","Omamori","StoneCalendar","Bronze Scales","Whetstone","Fusion Hammer","The Courier","Anchor","Ornamental Fan","Red Skull","OrangePellets","Bottled Lightning"],"potions_floor_usage":[6,22,29,54,55],"damage_taken":[{"damage":8,"enemies":"2 Louse","floor":1,"turns":3},{"damage":12,"enemies":"Jaw Worm","floor":2,"turns":3},{"damage":3,"enemies":"Small Slimes","floor":5,"turns":3},{"damage":23,"enemies":"Lagavulin","floor":6,"turns":8},{"damage":16,"enemies":"Looter","floor":7,"turns":4},{"damage":13,"enemies":"Large Slime","floor":10,"turns":4},{"damage":18,"enemies":"Gremlin Nob","floor":14,"turns":4},{"damage":8,"enemies":"The Guardian","floor":16,"turns":15},{"damage":23,"enemies":"3 Byrds","floor":18,"turns":5},{"damage":30,"enemies":"Shell Parasite","floor":21,"turns":5},{"damage":13,"enemies":"Snecko","floor":22,"turns":5},{"damage":52,"enemies":"Slavers","floor":24,"turns":4},{"damage":0,"enemies":"Sentry and Sphere","floor":25,"turns":4},{"damage":3,"enemies":"3 Cultists","floor":28,"turns":4},{"damage":8,"enemies":"Gremlin Leader","floor":29,"turns":6},{"damage":6,"enemies":"Snake Plant","floor":30,"turns":5},{"damage":7,"enemies":"Centurion and Healer","floor":31,"turns":4},{"damage":0,"enemies":"Collector","floor":33,"turns":7},{"damage":7,"enemies":"3 Shapes","floor":35,"turns":2},{"damage":0,"enemies":"Orb Walker","floor":37,"turns":2},{"damage":6,"enemies":"3 Darklings","floor":39,"turns":2},{"damage":1,"enemies":"Reptomancer","floor":40,"turns":5},{"damage":0,"enemies":"Nemesis","floor":42,"turns":3},{"damage":0,"enemies":"Transient","floor":44,"turns":5},{"damage":0,"enemies":"Reptomancer","floor":46,"turns":2},{"damage":8,"enemies":"Writhing Mass","floor":47,"turns":6},{"damage":16,"enemies":"Spire Growth","floor":48,"turns":5},{"damage":12,"enemies":"Awakened One","floor":50,"turns":9},{"damage":25,"enemies":"Shield and Spear","floor":54,"turns":5},{"damage":50,"enemies":"The Heart","floor":55,"turns":11}],"seed_played":"-8566885927174689086","potions_obtained":[{"floor":1,"key":"SkillPotion"},{"floor":2,"key":"SmokeBomb"},{"floor":10,"key":"Energy Potion"},{"floor":14,"key":"BloodPotion"},{"floor":22,"key":"FearPotion"},{"floor":37,"key":"Fire Potion"},{"floor":44,"key":"SteroidPotion"},{"floor":54,"key":"FairyPotion"}],"is_trial":false,"path_per_floor":["M","M","?","?","M","E","M","R","T","M","?","T","R","E","R","B",null,"M","?","$","M","M","R","E","M","T","R","M","E","M","M","R","B",null,"M","$","M","?","M","E","R","E","T","M","?","E","M","M","R","B",null,"R","$","E","B",null],"character_chosen":"IRONCLAD","items_purchased":["Omamori","Impervious","Power Through","Evolve","Flame Barrier","Shrug It Off","OrangePellets","GamblersBrew","Chrysalis"],"campfire_rested":5,"item_purchase_floors":[20,36,53,53,53,53,53,53,53],"current_hp_per_floor":[62,56,85,50,53,36,28,28,28,23,23,23,49,39,39,39,77,62,62,62,40,57,83,39,47,47,73,78,78,80,81,81,89,89,88,88,89,89,89,89,89,89,89,89,89,89,87,79,89,83,88,89,89,70,28],"gold":73,"neow_bonus":"TWENTY_PERCENT_HP_BONUS","is_prod":false,"is_daily":false,"chose_seed":false,"campfire_upgraded":3,"win_rate":0,"timestamp":1562033628,"path_taken":["M","M","?","?","M","E","M","R","T","M","?","?","R","E","R","BOSS","M","?","$","M","M","R","E","M","T","R","M","E","M","M","R","BOSS","M","$","M","?","M","E","R","E","T","?","?","E","?","M","R","BOSS","R","$","E","BOSS"],"build_version":"2019-06-30","purchased_purges":1,"victory":true,"max_hp_per_floor":[89,89,89,89,89,89,89,89,89,89,89,89,89,89,89,89,89,89,89,89,89,89,89,89,89,89,89,89,89,89,89,89,89,89,89,89,89,89,89,89,89,89,89,89,89,89,89,89,89,89,89,89,89,89,89],"card_choices":[{"not_picked":["Pommel Strike","True Grit"],"picked":"Rampage","floor":1},{"not_picked":["Twin Strike","Blood for Blood"],"picked":"True Grit","floor":2},{"not_picked":["Dropkick","Body Slam"],"picked":"Anger","floor":5},{"not_picked":["Feel No Pain","Searing Blow"],"picked":"Demon Form","floor":6},{"not_picked":["Infernal Blade","Evolve"],"picked":"Uppercut","floor":7},{"not_picked":["Fire Breathing","Havoc"],"picked":"Metallicize","floor":10},{"not_picked":["Heavy Blade","Flex","Metallicize"],"picked":"SKIP","floor":14},{"not_picked":["Flex","Perfected Strike","Clothesline"],"picked":"SKIP","floor":18},{"not_picked":["Flex","Body Slam"],"picked":"Disarm","floor":21},{"not_picked":["Flex","Corruption"],"picked":"Battle Trance","floor":22},{"not_picked":["Body Slam","Bloodletting"],"picked":"Pummel","floor":24},{"not_picked":["Reckless Charge","Body Slam","Perfected Strike"],"picked":"SKIP","floor":25},{"not_picked":["Cleave","Sword Boomerang"],"picked":"Battle Trance+1","floor":28},{"not_picked":["Clothesline","Wild Strike+1"],"picked":"Rage","floor":29},{"not_picked":["Cleave","Rupture"],"picked":"Havoc","floor":30},{"not_picked":["Uppercut","Blood for Blood"],"picked":"Double Tap","floor":31},{"not_picked":["Iron Wave","Thunderclap"],"picked":"Armaments+1","floor":35},{"not_picked":["Thunderclap","Clothesline+1"],"picked":"Armaments+1","floor":37},{"not_picked":["Infernal Blade","Anger"],"picked":"Entrench+1","floor":39},{"not_picked":["Double Tap","Armaments"],"picked":"Spot Weakness+1","floor":40},{"not_picked":["Whirlwind+1","Warcry"],"picked":"Barricade","floor":42},{"not_picked":["Perfected Strike","Hemokinesis"],"picked":"Flame Barrier+1","floor":44},{"not_picked":["Havoc","Whirlwind","Anger+1"],"picked":"SKIP","floor":46},{"not_picked":["Flex","Pommel Strike"],"picked":"Body Slam","floor":47},{"not_picked":["Cleave","Pummel"],"picked":"Flex+1","floor":48},{"not_picked":["Bludgeon","Pummel"],"picked":"Burning Pact+1","floor":54}],"player_experience":2583482,"relics_obtained":[{"floor":6,"key":"Blood Vial"},{"floor":9,"key":"PreservedInsect"},{"floor":14,"key":"Dead Branch"},{"floor":24,"key":"StoneCalendar"},{"floor":26,"key":"Bronze Scales"},{"floor":29,"key":"Whetstone"},{"floor":40,"key":"The Courier"},{"floor":42,"key":"Anchor"},{"floor":43,"key":"Ornamental Fan"},{"floor":46,"key":"Red Skull"},{"floor":54,"key":"Bottled Lightning"}],"event_choices":[{"damage_healed":29,"gold_gain":0,"player_choice":"Banana","damage_taken":0,"max_hp_gain":0,"max_hp_loss":0,"event_name":"Big Fish","floor":3,"gold_loss":0},{"damage_healed":0,"gold_gain":0,"player_choice":"Success","damage_taken":35,"relics_obtained":["Boot"],"max_hp_gain":0,"max_hp_loss":0,"event_name":"Scrap Ooze","floor":4,"gold_loss":0},{"damage_healed":0,"gold_gain":0,"player_choice":"Searched \u00271\u0027 times","damage_taken":0,"relics_obtained":["Du-Vu Doll"],"max_hp_gain":0,"max_hp_loss":0,"event_name":"Dead Adventurer","floor":11,"gold_loss":0},{"damage_healed":0,"gold_gain":50,"player_choice":"Stole From Cult","damage_taken":0,"max_hp_gain":0,"max_hp_loss":0,"event_name":"Nest","floor":19,"gold_loss":0},{"damage_healed":0,"gold_gain":0,"player_choice":"Upgraded","damage_taken":0,"max_hp_gain":0,"max_hp_loss":0,"event_name":"Upgrade Shrine","floor":38,"gold_loss":0,"cards_upgraded":["Disarm"]},{"damage_healed":0,"gold_gain":0,"cards_transformed":["Strike_R"],"player_choice":"Transformed","damage_taken":0,"max_hp_gain":0,"max_hp_loss":0,"event_name":"Transmorgrifier","floor":45,"gold_loss":0,"cards_obtained":["Spot Weakness"]}],"is_beta":true,"boss_relics":[{"not_picked":["Tiny House","White Beast Statue"],"picked":"Astrolabe"},{"not_picked":["Mark of Pain","Philosopher\u0027s Stone"],"picked":"Fusion Hammer"}],"items_purged_floors":[20],"is_endless":false,"potions_floor_spawned":[1,2,10,14,16,22,24,25,37,40,44,54],"ascension_level":15}