{"gold_per_floor":[111,111,130,143,119,152,171,171,171,171,189,216,216,231,231,335,335,353,268,286,298,397,422,422,453,453,553,565,565,565,180,180,277,277,289,289,46,57,57,92,92,192,219,13,47,59,59,76,76,76,76,76,0,33,33],"floor_reached":55,"playtime":3561,"items_purged":["Strike_B","Strike_B"],"score":798,"play_id":"8bd58a5c-1b53-4efc-a9f1-99a1cf3ffb0a","local_time":"20190403200101","is_ascension_mode":false,"campfire_choices":[{"data":"Defragment","floor":8,"key":"SMITH"},{"data":"Dualcast","floor":10,"key":"SMITH"},{"data":"Stack","floor":13,"key":"SMITH"},{"data":"Zap","floor":15,"key":"SMITH"},{"data":"Loop","floor":29,"key":"SMITH"},{"data":"Blizzard","floor":32,"key":"SMITH"},{"data":"Fission","floor":41,"key":"SMITH"},{"floor":47,"key":"RECALL"},{"data":"Capacitor","floor":49,"key":"SMITH"},{"data":"Redo","floor":52,"key":"SMITH"}],"neow_cost":"NONE","seed_source_timestamp":0,"circlet_count":0,"master_deck":["Strike_B","Strike_B+1","Defend_B","Defend_B","Defend_B+1","Zap+1","Dualcast+1","Defragment+1","Stack+1","Beam Cell","Cold Snap","Leap","Cold Snap","Ball Lightning","BootSequence","Echo Form","Redo+1","Hologram","Cold Snap+1","Coolheaded","Blizzard+1","Loop+1","Capacitor+1","Conserve Battery","Creative AI","Barrage+1","Self Repair","Fission+1","Melter+1","Redo+1","Redo+1","Glacier","Doom and Gloom","Barrage+1"],"special_seed":0,"relics":["Cracked Core","Orichalcum","Blue Candle","Coffee Dripper","Shuriken","Bag of Marbles","Dream Catcher","Symbiotic Virus","Turnip","Dodecahedron","Question Card","Nuclear Battery","Mango","Torii","Bag of Preparation","Lee\u0027s Waffle","Letter Opener","Mercury Hourglass"],"potions_floor_usage":[23,25,27,27,33,33,37,40,42,50,50,50],"damage_taken":[{"damage":1.0,"enemies":"Jaw Worm","floor":1.0,"turns":3.0},{"damage":0.0,"enemies":"2 Louse","floor":3.0,"turns":3.0},{"damage":0.0,"enemies":"Small Slimes","floor":4.0,"turns":3.0},{"damage":18.0,"enemies":"Gremlin Nob","floor":6.0,"turns":4.0},{"damage":0,"enemies":"2 Fungi Beasts","floor":7,"turns":2},{"damage":0,"enemies":"Large Slime","floor":11,"turns":6},{"damage":3,"enemies":"3 Sentries","floor":12,"turns":7},{"damage":6,"enemies":"Exordium Wildlife","floor":14,"turns":2},{"damage":30,"enemies":"The Guardian","floor":16,"turns":12},{"damage":15,"enemies":"2 Thieves","floor":18,"turns":4},{"damage":0,"enemies":"3 Byrds","floor":20,"turns":4},{"damage":2,"enemies":"Cultist and Chosen","floor":21,"turns":6},{"damage":14,"enemies":"Gremlin Leader","floor":23,"turns":8},{"damage":5,"enemies":"Slavers","floor":25,"turns":6},{"damage":13,"enemies":"Colosseum Slavers","floor":27,"turns":4},{"damage":23,"enemies":"Colosseum Nobs","floor":27,"turns":5},{"damage":4,"enemies":"3 Cultists","floor":28,"turns":5},{"damage":6,"enemies":"Automaton","floor":33,"turns":10},{"damage":10,"enemies":"Orb Walker","floor":35,"turns":4},{"damage":0,"enemies":"3 Shapes","floor":38,"turns":7},{"damage":68,"enemies":"Nemesis","floor":40,"turns":7},{"damage":6,"enemies":"Mind Bloom Boss Battle","floor":42,"turns":8},{"damage":0,"enemies":"Giant Head","floor":45,"turns":7},{"damage":0,"enemies":"Maw","floor":46,"turns":7},{"damage":8,"enemies":"Transient","floor":48,"turns":5},{"damage":51,"enemies":"Donu and Deca","floor":50,"turns":8},{"damage":59,"enemies":"Shield and Spear","floor":54,"turns":9},{"damage":54,"enemies":"The Heart","floor":55,"turns":3}],"seed_played":"-4667085025518146818","potions_obtained":[{"floor":0.0,"key":"Regen Potion"},{"floor":0.0,"key":"Explosive Potion"},{"floor":0.0,"key":"Explosive Potion"},{"floor":6.0,"key":"FearPotion"},{"floor":12,"key":"SpeedPotion"},{"floor":20,"key":"Regen Potion"},{"floor":23,"key":"Fire Potion"},{"floor":27,"key":"Strength Potion"},{"floor":28,"key":"Ancient Potion"},{"floor":30,"key":"Energy Potion"},{"floor":30,"key":"Dexterity Potion"},{"floor":38,"key":"PowerPotion"},{"floor":40,"key":"Block Potion"},{"floor":42,"key":"PowerPotion"},{"floor":46,"key":"Weak Potion"}],"is_trial":false,"path_per_floor":["M","?","M","M","?","E","M","R","T","R","M","E","R","M","R","B",null,"M","?","M","M","?","E","?","E","T","?","M","R","?","$","R","B",null,"M","?","$","M","?","E","R","?","T","$","E","M","R","M","R","B",null,"R","$","E","B"],"character_chosen":"DEFECT","items_purchased":["Question Card","Conserve Battery","Fruit Juice","Self Repair","Lee\u0027s Waffle","Doom and Gloom"],"campfire_rested":0,"item_purchase_floors":[31,31,37,37,44,53],"current_hp_per_floor":[74,59,59,59,59,50,50,50,50,50,50,47,47,41,41,11,75,60,60,60,58,58,59,59,54,54,18,14,14,14,14,14,8,75,65,65,70,80,80,40,40,41,41,101,101,101,101,100,100,49,101,101,101,49,0],"gold":33,"neow_bonus":"THREE_SMALL_POTIONS","is_prod":false,"is_daily":false,"chose_seed":false,"campfire_upgraded":9,"win_rate":0,"timestamp":1554314461,"path_taken":["M","?","M","M","?","E","M","R","T","R","M","E","R","M","R","BOSS","M","?","M","M","?","E","?","E","T","?","?","R","?","$","R","BOSS","M","?","$","M","?","E","R","?","T","?","E","M","R","M","R","BOSS","R","$","E","BOSS"],"build_version":"2019-01-23","purchased_purges":2,"victory":false,"max_hp_per_floor":[75,75,75,75,75,75,75,75,75,75,75,75,75,75,75,75,75,75,75,75,75,75,75,75,75,75,75,75,75,75,75,75,75,75,75,75,80,80,80,94,94,94,94,101,101,101,101,101,101,101,101,101,101,101,101],"card_choices":[{"not_picked":["Steam","Doom and Gloom"],"picked":"Defragment","floor":1.0},{"not_picked":["Reprogram","Turbo"],"picked":"Stack","floor":3.0},{"not_picked":["Streamline","Doom and Gloom"],"picked":"Beam Cell","floor":4.0},{"not_picked":["Sunder","Lockon"],"picked":"Cold Snap","floor":6.0},{"not_picked":["Rebound","Self Repair"],"picked":"Leap","floor":7},{"not_picked":["Ball Lightning","Compile Driver"],"picked":"Cold Snap","floor":11},{"not_picked":["Go for the Eyes","Compile Driver"],"picked":"Ball Lightning","floor":12},{"not_picked":["Steam","Hello World"],"picked":"BootSequence","floor":14},{"not_picked":["Fission","Creative AI"],"picked":"Echo Form","floor":16},{"not_picked":["Rebound","Sweeping Beam"],"picked":"Redo+1","floor":18},{"not_picked":["Consume","Reinforced Body"],"picked":"Hologram","floor":20},{"not_picked":["Rebound+1","Consume+1"],"picked":"Cold Snap+1","floor":21},{"not_picked":["Hologram","Beam Cell"],"picked":"Coolheaded","floor":23},{"not_picked":["Leap+1","Static Discharge"],"picked":"Blizzard","floor":25},{"not_picked":["Beam Cell+1","Go for the Eyes"],"picked":"Loop","floor":27},{"not_picked":["Reboot","Gash"],"picked":"Capacitor","floor":28},{"not_picked":["Fission","Electrodynamics","Hyperbeam"],"picked":"Creative AI","floor":33},{"not_picked":["Hologram+1","Ball Lightning+1","Cold Snap+1"],"picked":"Barrage+1","floor":35},{"not_picked":["Beam Cell","Cold Snap","Turbo"],"picked":"Fission","floor":38},{"not_picked":["Stack+1","Loop+1","Reinforced Body"],"picked":"Melter+1","floor":40},{"not_picked":["BootSequence+1","Stack+1","Sweeping Beam+1"],"picked":"Redo","floor":45},{"not_picked":["Skim+1","Beam Cell+1","Steam"],"picked":"Redo+1","floor":46},{"not_picked":["Coolheaded+1","Streamline+1","Auto Shields+1"],"picked":"Glacier","floor":48},{"not_picked":["Turbo+1","Beam Cell+1","Ball Lightning+1"],"picked":"Barrage+1","floor":54}],"player_experience":275552,"relics_obtained":[{"floor":6.0,"key":"Orichalcum"},{"floor":12,"key":"Blue Candle"},{"floor":23,"key":"Bag of Marbles"},{"floor":25,"key":"Dream Catcher"},{"floor":26,"key":"Symbiotic Virus"},{"floor":27,"key":"Turnip"},{"floor":27,"key":"Dodecahedron"},{"floor":40,"key":"Mango"},{"floor":42,"key":"Torii"},{"floor":43,"key":"Bag of Preparation"},{"floor":45,"key":"Letter Opener"},{"floor":54,"key":"Mercury Hourglass"}],"event_choices":[{"damage_healed":0.0,"max_hp_gain":0.0,"max_hp_loss":0.0,"gold_gain":0.0,"event_name":"Shining Light","player_choice":"Entered Light","floor":2.0,"gold_loss":0.0,"damage_taken":15.0,"cards_upgraded":["Defend_B","Strike_B"]},{"damage_healed":0.0,"max_hp_gain":0.0,"max_hp_loss":0.0,"gold_gain":0.0,"event_name":"World of Goop","player_choice":"Left Gold","floor":5.0,"gold_loss":24.0,"damage_taken":0.0},{"damage_healed":0,"gold_gain":0,"player_choice":"Obtained Relic","damage_taken":0,"relics_obtained":["Shuriken"],"max_hp_gain":0,"max_hp_loss":0,"event_name":"Addict","floor":19,"gold_loss":85},{"damage_healed":0,"gold_gain":99,"player_choice":"Stole From Cult","damage_taken":0,"max_hp_gain":0,"max_hp_loss":0,"event_name":"Nest","floor":22,"gold_loss":0},{"damage_healed":0,"gold_gain":0,"player_choice":"Ignored","damage_taken":0,"max_hp_gain":0,"max_hp_loss":0,"event_name":"Ghosts","floor":24,"gold_loss":0},{"damage_healed":0,"gold_gain":0,"player_choice":"Fight","damage_taken":0,"max_hp_gain":0,"max_hp_loss":0,"event_name":"Colosseum","floor":27,"gold_loss":0},{"damage_healed":0,"gold_gain":0,"player_choice":"Fought Nobs","damage_taken":0,"max_hp_gain":0,"max_hp_loss":0,"event_name":"Colosseum","floor":27,"gold_loss":0},{"damage_healed":0,"gold_gain":0,"player_choice":"Got Potions","damage_taken":0,"max_hp_gain":0,"max_hp_loss":0,"event_name":"Lab","floor":30,"gold_loss":0},{"damage_healed":0,"gold_gain":0,"player_choice":"Ignored","damage_taken":0,"max_hp_gain":0,"max_hp_loss":0,"event_name":"Tomb of Lord Red Mask","floor":36,"gold_loss":0},{"cards_removed":["Defend_B"],"damage_healed":0,"gold_gain":0,"player_choice":"Removed Skill","damage_taken":0,"max_hp_gain":0,"max_hp_loss":0,"event_name":"Falling","floor":39,"gold_loss":0},{"damage_healed":0,"gold_gain":0,"player_choice":"Fight","damage_taken":0,"max_hp_gain":0,"max_hp_loss":0,"event_name":"MindBloom","floor":42,"gold_loss":0}],"is_beta":false,"boss_relics":[{"not_picked":["Tiny House","Black Star"],"picked":"Coffee Dripper"},{"not_picked":["Snecko Eye","Philosopher\u0027s Stone"],"picked":"Nuclear Battery"}],"items_purged_floors":[31,37],"is_endless":false,"potions_floor_spawned":[4,6,12,14,20,23,27,28,38,40,42,46],"killed_by":"The Heart","ascension_level":0}