{"gold_per_floor":[114,114,114,124,99,133,133,158,207,207,10,30,30,40,40,112,112,130,145,45,58,58,58,58,58,111,145,145,145,173,48,48,126,126,145,156,176,176,176,210,227,227,227,256,256,266,266,278,278,278,278,278,9,40,40],"floor_reached":55,"playtime":2188,"items_purged":["Strike_B","Defend_B","Strike_B+1"],"score":1418,"play_id":"57651dee-9c68-4166-8266-30b934b1bda3","local_time":"20190716221208","is_ascension_mode":true,"campfire_choices":[{"data":"Sunder","floor":7.0,"key":"SMITH"},{"floor":10.0,"key":"REST"},{"data":"Biased Cognition","floor":13.0,"key":"SMITH"},{"data":"Beam Cell","floor":15.0,"key":"SMITH"},{"floor":23.0,"key":"REST"},{"floor":25.0,"key":"REST"},{"floor":28.0,"key":"REST"},{"data":"Fission","floor":32.0,"key":"SMITH"},{"floor":42,"key":"RECALL"},{"data":"Chill","floor":45,"key":"SMITH"},{"data":"White Noise","floor":49,"key":"SMITH"},{"data":"hubris:PowerSurge","floor":52,"key":"SMITH"}],"neow_cost":"NONE","seed_source_timestamp":531644972734213,"circlet_count":0,"master_deck":["AscendersBane","Defend_B","Defend_B","Zap","Dualcast+1","Genetic Algorithm","Cold Snap","Ball Lightning","Sunder+1","Biased Cognition+1","Beam Cell+1","White Noise+1","Machine Learning","Cold Snap","Turbo","Chill+1","Machine Learning","Doom and Gloom","Necronomicurse","Compile Driver+1","Fission+1","Conserve Battery","hubris:PowerSurge+1","Biased Cognition+1","Defragment"],"special_seed":0,"relics":["Cracked Core","NeowsBlessing","hubris:CrystalStatue","Blood Vial","Bag of Preparation","OrangePellets","Inserter","Necronomicon","Happy Flower","Blue Candle","Singing Bowl","hubris:GrandSneckoEye","hubris:TenFootPole","Torii","Boot"],"potions_floor_usage":[54,55],"damage_taken":[{"damage":0.0,"enemies":"2 Louse","floor":1.0,"turns":1.0},{"damage":0.0,"enemies":"Cultist","floor":4.0,"turns":1.0},{"damage":0.0,"enemies":"Lagavulin","floor":6.0,"turns":1.0},{"damage":38.0,"enemies":"Gremlin Nob","floor":8.0,"turns":5.0},{"damage":0.0,"enemies":"Jaw Worm","floor":12.0,"turns":1.0},{"damage":0.0,"enemies":"3 Louse","floor":14.0,"turns":2.0},{"damage":18.0,"enemies":"Hexaghost","floor":16.0,"turns":6.0},{"damage":8.0,"enemies":"3 Byrds","floor":18.0,"turns":4.0},{"damage":7.0,"enemies":"Shell Parasite","floor":19.0,"turns":5.0},{"damage":19.0,"enemies":"Centurion and Healer","floor":21.0,"turns":6.0},{"damage":9.0,"enemies":"Book of Stabbing","floor":27.0,"turns":4.0},{"damage":22.0,"enemies":"Slavers","floor":30.0,"turns":4.0},{"damage":26.0,"enemies":"Collector","floor":33.0,"turns":6.0},{"damage":0.0,"enemies":"3 Darklings","floor":35.0,"turns":4.0},{"damage":6.0,"enemies":"3 Shapes","floor":36.0,"turns":5.0},{"damage":0.0,"enemies":"Maw","floor":37.0,"turns":5.0},{"damage":1.0,"enemies":"Reptomancer","floor":40.0,"turns":4.0},{"damage":0,"enemies":"Writhing Mass","floor":41,"turns":2},{"damage":0,"enemies":"Nemesis","floor":44,"turns":5},{"damage":0,"enemies":"3 Darklings","floor":46,"turns":3},{"damage":0,"enemies":"4 Shapes","floor":48,"turns":4},{"damage":1,"enemies":"Time Eater","floor":50,"turns":12},{"damage":28,"enemies":"Shield and Spear","floor":54,"turns":6},{"damage":80,"enemies":"The Heart","floor":55,"turns":9}],"seed_played":"2026100624207634554","potions_obtained":[{"floor":8.0,"key":"Poison Potion"},{"floor":12.0,"key":"SteroidPotion"},{"floor":18.0,"key":"Fire Potion"},{"floor":21.0,"key":"SkillPotion"},{"floor":37.0,"key":"Regen Potion"},{"floor":44,"key":"FearPotion"}],"is_trial":false,"path_per_floor":["M","?","?","M","$","E","R","E","T","R","$","M","R","M","R","B",null,"M","M","$","M","?","R","?","R","T","E","R","?","E","$","R","B",null,"M","M","M","?","$","E","M","R","T","E","R","M","?","M","R","B",null,"R","$","E","B"],"character_chosen":"DEFECT","items_purchased":["Ball Lightning","OrangePellets","Turbo","Conserve Battery","Defragment","GamblersBrew"],"campfire_rested":4,"item_purchase_floors":[5,11,20,31,53,53],"current_hp_per_floor":[64,43,43,43,43,43,43,5,5,26,26,28,28,30,30,14,57,51,46,46,29,29,50,29,50,50,43,64,64,44,44,44,22,60,64,62,66,66,66,69,73,73,73,77,77,81,81,85,85,89,89,89,89,63,0],"gold":40,"neow_bonus":"THREE_ENEMY_KILL","is_prod":false,"is_daily":false,"chose_seed":false,"campfire_upgraded":7,"win_rate":0,"timestamp":1563329528,"path_taken":["M","?","?","M","$","E","R","E","T","R","$","M","R","M","R","BOSS","M","M","$","?","?","R","?","R","T","E","R","?","E","?","R","BOSS","M","M","M","?","?","E","?","R","T","E","R","M","?","?","R","BOSS","R","$","E","BOSS"],"build_version":"2019-07-05","purchased_purges":3,"victory":false,"max_hp_per_floor":[71,71,71,71,71,71,71,71,71,71,71,71,71,71,71,71,71,71,71,71,71,71,71,71,71,71,71,71,71,71,71,71,73,73,75,77,79,79,79,81,83,83,83,85,85,87,87,89,89,89,89,89,89,91,91],"card_choices":[{"not_picked":["Barrage","Leap"],"picked":"Genetic Algorithm","floor":1.0},{"not_picked":["Storm","Scrape","Leap"],"picked":"SKIP","floor":4.0},{"not_picked":["Redo","Beam Cell"],"picked":"Sunder","floor":6.0},{"not_picked":["Rainbow","Turbo"],"picked":"Biased Cognition","floor":8.0},{"not_picked":["Redo","Sweeping Beam"],"picked":"Beam Cell","floor":12.0},{"not_picked":["Stack","Melter"],"picked":"White Noise","floor":14.0},{"not_picked":["Meteor Strike","Creative AI"],"picked":"Machine Learning","floor":16.0},{"not_picked":["Scrape","Barrage"],"picked":"Cold Snap","floor":18.0},{"not_picked":["Rip and Tear","Beam Cell","Aggregate"],"picked":"SKIP","floor":19.0},{"not_picked":["Cold Snap","Beam Cell"],"picked":"Chill","floor":21.0},{"not_picked":["Heatsinks","FTL"],"picked":"Compile Driver+1","floor":27.0},{"not_picked":["Streamline","Fusion"],"picked":"Fission","floor":30.0},{"not_picked":["Reboot","hubris:DoWhile","Amplify"],"picked":"Singing Bowl","floor":33.0},{"not_picked":["Barrage","Tempest","Steam Power"],"picked":"Singing Bowl","floor":35.0},{"not_picked":["Steam+1","Chaos","Reinforced Body"],"picked":"Singing Bowl","floor":36.0},{"not_picked":["Streamline","Redo+1","Coolheaded"],"picked":"Singing Bowl","floor":37.0},{"not_picked":["Leap","Gash","Streamline+1"],"picked":"Singing Bowl","floor":40.0},{"not_picked":["Darkness","Hologram","Reinforced Body"],"picked":"Singing Bowl","floor":41},{"not_picked":["Chaos","hubris:PowerSurge","Reboot"],"picked":"Singing Bowl","floor":44},{"not_picked":["Reinforced Body+1","Ball Lightning","Lockon"],"picked":"Singing Bowl","floor":46},{"not_picked":["Go for the Eyes","Leap","hubris:PowerSurge+1"],"picked":"Singing Bowl","floor":48},{"not_picked":["Auto Shields+1","Barrage","Stack"],"picked":"Singing Bowl","floor":54}],"player_experience":2590573,"relics_obtained":[{"floor":6.0,"key":"hubris:CrystalStatue"},{"floor":8.0,"key":"Blood Vial"},{"floor":9.0,"key":"Bag of Preparation"},{"floor":24.0,"key":"Necronomicon"},{"floor":26.0,"key":"Happy Flower"},{"floor":27.0,"key":"Blue Candle"},{"floor":30.0,"key":"Singing Bowl"},{"floor":40.0,"key":"hubris:TenFootPole"},{"floor":44,"key":"Torii"},{"floor":54,"key":"Boot"}],"event_choices":[{"damage_healed":0.0,"max_hp_gain":0.0,"max_hp_loss":0.0,"gold_gain":0.0,"event_name":"Shining Light","player_choice":"Entered Light","floor":2.0,"gold_loss":0.0,"damage_taken":21.0,"cards_upgraded":["Dualcast","Strike_B"]},{"damage_healed":0.0,"max_hp_gain":0.0,"max_hp_loss":0.0,"gold_gain":0.0,"event_name":"Match and Keep!","player_choice":"1 cards matched","floor":3.0,"gold_loss":0.0,"damage_taken":0.0,"cards_obtained":["Cold Snap"]},{"damage_healed":0.0,"max_hp_gain":0.0,"max_hp_loss":0.0,"gold_gain":0.0,"cards_transformed":["Strike_B","Strike_B"],"event_name":"Drug Dealer","player_choice":"Became Test Subject","floor":22.0,"gold_loss":0.0,"damage_taken":0.0,"cards_obtained":["Machine Learning","Doom and Gloom"]},{"damage_healed":0.0,"max_hp_gain":0.0,"max_hp_loss":0.0,"gold_gain":0.0,"event_name":"Cursed Tome","player_choice":"Obtained Book","floor":24.0,"gold_loss":0.0,"damage_taken":21.0},{"damage_healed":0.0,"max_hp_gain":0.0,"max_hp_loss":0.0,"gold_gain":0.0,"event_name":"Vampires","player_choice":"Ignored","floor":29.0,"gold_loss":0.0,"damage_taken":0.0},{"damage_healed":0.0,"max_hp_gain":0.0,"max_hp_loss":0.0,"gold_gain":0.0,"cards_transformed":["Defend_B"],"event_name":"Transmorgrifier","player_choice":"Transformed","floor":38.0,"gold_loss":0.0,"damage_taken":0.0,"cards_obtained":["hubris:PowerSurge"]},{"damage_healed":0,"gold_gain":0,"player_choice":"Copied","damage_taken":0,"max_hp_gain":0,"max_hp_loss":0,"event_name":"Duplicator","floor":47,"gold_loss":0,"cards_obtained":["Biased Cognition"]}],"is_beta":false,"boss_relics":[{"not_picked":["Ectoplasm","Lizard Tail"],"picked":"Inserter"},{"not_picked":["Sozu","Orrery"],"picked":"hubris:GrandSneckoEye"}],"items_purged_floors":[20,31,53],"is_endless":false,"potions_floor_spawned":[8,12,18,21,37,44,46,48],"killed_by":"The Heart","ascension_level":15}