{"gold_per_floor":[109,128,128,147,147,172,172,172,219,235,32,42,53,69,69,164,164,182,197,214,230,246,246,259,259,311,330,345,363,376,291,291,388,388,406,406,425,437,448,448,448,448,471,506,506,521,521,23,23,23],"floor_reached":51,"playtime":3297,"items_purged":[],"score":714,"play_id":"f095f851-ede7-433a-ae46-ae90fb7dc575","local_time":"20190824181832","is_ascension_mode":false,"campfire_choices":[{"data":"Iron Wave","floor":7,"key":"SMITH"},{"floor":15,"key":"REST"},{"floor":23,"key":"REST"},{"floor":32,"key":"REST"},{"floor":40,"key":"REST"},{"floor":42,"key":"REST"},{"floor":45,"key":"REST"},{"floor":49,"key":"REST"}],"neow_cost":"NONE","seed_source_timestamp":568176239872800,"circlet_count":0,"master_deck":["Strike_R","Strike_R","Strike_R","Strike_R+1","Defend_R","Defend_R","Defend_R","Defend_R+1","Bash","Battle Trance","Armaments","Iron Wave+1","Sword Boomerang","Flex","Headbutt","Armaments","Havoc","Demon Form","Cleave+1","Clothesline","Iron Wave+1","Wild Strike","Inflame","Fire Breathing","Impervious","Heavy Blade","Whirlwind","Ghostly Armor+1","Thunderclap","Demon Form","Cleave+1","Bash","Blood for Blood+1","Headbutt+1","Infernal Blade","Madness","Madness","Bludgeon","Heavy Blade","Secret Weapon"],"relics":["Burning Blood","Smiling Mask","Orichalcum","Lantern","Sozu","Strawberry","Gremlin Horn","Lizard Tail","Regal Pillow","PreservedInsect","Pocketwatch"],"potions_floor_usage":[2,10,13,16,27],"damage_taken":[{"damage":7,"enemies":"Jaw Worm","floor":1,"turns":6},{"damage":0,"enemies":"Small Slimes","floor":2,"turns":3},{"damage":0,"enemies":"Cultist","floor":4,"turns":4},{"damage":26,"enemies":"3 Sentries","floor":6,"turns":10},{"damage":1,"enemies":"Lots of Slimes","floor":10,"turns":3},{"damage":13,"enemies":"Exordium Thugs","floor":12,"turns":6},{"damage":0,"enemies":"Exordium Wildlife","floor":13,"turns":3},{"damage":0,"enemies":"Lots of Slimes","floor":14,"turns":6},{"damage":44,"enemies":"Slime Boss","floor":16,"turns":18},{"damage":11,"enemies":"Spheric Guardian","floor":18,"turns":4},{"damage":2,"enemies":"3 Byrds","floor":19,"turns":6},{"damage":43,"enemies":"3 Cultists","floor":20,"turns":5},{"damage":16,"enemies":"Centurion and Healer","floor":21,"turns":5},{"damage":19,"enemies":"Chosen and Byrds","floor":22,"turns":5},{"damage":6,"enemies":"Snecko","floor":24,"turns":5},{"damage":18,"enemies":"Snake Plant","floor":27,"turns":4},{"damage":21,"enemies":"Centurion and Healer","floor":28,"turns":6},{"damage":10,"enemies":"Cultist and Chosen","floor":29,"turns":5},{"damage":21,"enemies":"Chosen and Byrds","floor":30,"turns":6},{"damage":20,"enemies":"Champ","floor":33,"turns":10},{"damage":35,"enemies":"3 Shapes","floor":35,"turns":4},{"damage":17,"enemies":"Orb Walker","floor":37,"turns":3},{"damage":21,"enemies":"4 Shapes","floor":38,"turns":5},{"damage":14,"enemies":"3 Darklings","floor":39,"turns":5},{"damage":21,"enemies":"Reptomancer","floor":44,"turns":7},{"damage":37,"enemies":"Transient","floor":46,"turns":5},{"damage":149,"enemies":"Donu and Deca","floor":50,"turns":9}],"seed_played":"5591900442923902348","potions_obtained":[{"floor":1,"key":"Fire Potion"},{"floor":4,"key":"SpeedPotion"},{"floor":8,"key":"BloodPotion"},{"floor":8,"key":"Explosive Potion"},{"floor":8,"key":"EssenceOfSteel"},{"floor":10,"key":"Explosive Potion"},{"floor":13,"key":"FairyPotion"}],"is_trial":false,"path_per_floor":["M","M","?","M","?","E","R","?","T","M","$","M","M","M","R","B",null,"M","M","M","M","M","R","M","?","T","M","M","M","M","?","R","B",null,"M","?","M","M","M","R","?","R","T","E","R","M","?","$","R","B",null],"character_chosen":"IRONCLAD","items_purchased":["Flex","Lantern","Secret Weapon","Pocketwatch"],"campfire_rested":7,"item_purchase_floors":[11,11,48,48],"current_hp_per_floor":[87,88,88,88,70,50,50,50,50,55,55,48,54,60,86,48,88,83,87,50,40,27,53,53,53,60,71,56,52,37,37,65,51,95,66,66,55,40,32,60,48,76,76,61,95,64,64,64,95,26],"gold":23,"neow_bonus":"TEN_PERCENT_HP_BONUS","is_prod":false,"is_daily":false,"chose_seed":false,"campfire_upgraded":1,"win_rate":0,"timestamp":1566667112,"path_taken":["M","M","?","M","?","E","R","?","T","?","$","M","?","?","R","BOSS","M","M","M","M","M","R","M","?","T","M","M","M","M","?","R","BOSS","M","?","M","M","?","R","?","R","T","E","R","M","?","?","R","BOSS"],"build_version":"2019-07-17","purchased_purges":0,"victory":true,"max_hp_per_floor":[88,88,88,88,88,88,88,88,88,88,88,88,88,88,88,88,88,88,88,88,88,88,88,88,88,95,95,95,95,95,95,95,95,95,95,95,95,95,95,95,95,95,95,95,95,95,95,95,95,95],"card_choices":[{"not_picked":["Headbutt","Warcry"],"picked":"Battle Trance","floor":1},{"not_picked":["Pommel Strike","Uppercut"],"picked":"Armaments","floor":2},{"not_picked":["Reckless Charge","Anger"],"picked":"Iron Wave","floor":4},{"not_picked":["Bludgeon","Dual Wield","Clothesline"],"picked":"SKIP","floor":6},{"not_picked":["Dual Wield","Dropkick"],"picked":"Sword Boomerang","floor":10},{"not_picked":["Clash","Spot Weakness"],"picked":"Headbutt","floor":12},{"not_picked":["Dark Embrace","Heavy Blade"],"picked":"Armaments","floor":13},{"not_picked":["Clothesline","Clash"],"picked":"Havoc","floor":14},{"not_picked":["Offering","Limit Break"],"picked":"Demon Form","floor":16},{"not_picked":["Entrench","Pommel Strike"],"picked":"Cleave+1","floor":18},{"not_picked":["Entrench","Searing Blow"],"picked":"Burning Pact","floor":19},{"not_picked":["Body Slam","Blood for Blood"],"picked":"Clothesline","floor":20},{"not_picked":["Warcry","Clothesline"],"picked":"Iron Wave+1","floor":21},{"not_picked":["Havoc","Limit Break"],"picked":"Wild Strike","floor":22},{"not_picked":["Pummel","Warcry"],"picked":"Inflame","floor":24},{"not_picked":["Clothesline","Dual Wield"],"picked":"Heavy Blade","floor":27},{"not_picked":["Wild Strike","Clash+1"],"picked":"Whirlwind","floor":28},{"not_picked":["Armaments+1","Clothesline+1"],"picked":"Ghostly Armor+1","floor":29},{"not_picked":["Clash","Juggernaut"],"picked":"Thunderclap","floor":30},{"not_picked":["Double Tap","Bludgeon"],"picked":"Demon Form","floor":33},{"not_picked":["Flex","Rupture+1"],"picked":"Cleave+1","floor":35},{"not_picked":["Clash+1","Cleave+1"],"picked":"Blood for Blood+1","floor":37},{"not_picked":["Feel No Pain","Wild Strike"],"picked":"Headbutt+1","floor":38},{"not_picked":["Sword Boomerang","Perfected Strike"],"picked":"Infernal Blade","floor":39},{"not_picked":["Heavy Blade","Anger+1"],"picked":"Bludgeon","floor":44},{"not_picked":["Havoc","Entrench"],"picked":"Heavy Blade","floor":46}],"player_experience":71330,"relics_obtained":[{"floor":6,"key":"Smiling Mask"},{"floor":9,"key":"Orichalcum"},{"floor":26,"key":"Strawberry"},{"floor":43,"key":"Regal Pillow"},{"floor":44,"key":"PreservedInsect"}],"event_choices":[{"damage_healed":0,"gold_gain":0,"cards_transformed":["Strike_R"],"player_choice":"Change","damage_taken":0,"max_hp_gain":0,"max_hp_loss":0,"event_name":"Living Wall","floor":3,"gold_loss":0,"cards_obtained":["Second Wind"]},{"damage_healed":0,"gold_gain":0,"player_choice":"Entered Light","damage_taken":18,"max_hp_gain":0,"max_hp_loss":0,"event_name":"Shining Light","floor":5,"gold_loss":0,"cards_upgraded":["Defend_R","Strike_R"]},{"damage_healed":0,"gold_gain":0,"player_choice":"Got Potions","damage_taken":0,"max_hp_gain":0,"max_hp_loss":0,"event_name":"Lab","floor":8,"gold_loss":0},{"damage_healed":0,"gold_gain":0,"cards_transformed":["Second Wind","Burning Pact"],"player_choice":"Became Test Subject","damage_taken":0,"max_hp_gain":0,"max_hp_loss":0,"event_name":"Drug Dealer","floor":25,"gold_loss":0,"cards_obtained":["Fire Breathing","Impervious"]},{"damage_healed":0,"gold_gain":0,"player_choice":"Obtained Relic","damage_taken":0,"relics_obtained":["Gremlin Horn"],"max_hp_gain":0,"max_hp_loss":0,"event_name":"Addict","floor":31,"gold_loss":85},{"damage_healed":0,"gold_gain":0,"player_choice":"1 cards matched","damage_taken":0,"max_hp_gain":0,"max_hp_loss":0,"event_name":"Match and Keep!","floor":36,"gold_loss":0,"cards_obtained":["Bash"]},{"damage_healed":0,"gold_gain":0,"player_choice":"Embrace Madness","damage_taken":12,"max_hp_gain":0,"max_hp_loss":0,"event_name":"Winding Halls","floor":41,"gold_loss":0,"cards_obtained":["Madness","Madness"]},{"damage_healed":0,"gold_gain":0,"player_choice":"Ignored","damage_taken":0,"max_hp_gain":0,"max_hp_loss":0,"event_name":"Mysterious Sphere","floor":47,"gold_loss":0}],"is_beta":false,"boss_relics":[{"not_picked":["Cursed Key","Eternal Feather"],"picked":"Sozu"},{"not_picked":["Runic Cube","Empty Cage"],"picked":"Lizard Tail"}],"items_purged_floors":[],"is_endless":false,"potions_floor_spawned":[1,4,10,12,13,19,24,29,30,33,35,38],"ascension_level":0}