{"gold_per_floor":[367,378,378,394,25,25,53,53,106,6,35,49,79,92,92,168,168,180,193,205,130,147,147,182,192,215,245,445,445,465,497,497,574,574,586,602,619,372,391,391,391,408,459,475,488,517,592,605,605,605],"floor_reached":50,"playtime":2542,"items_purged":["Strike_R","Strike_R"],"score":1087,"play_id":"a325f215-9aad-4535-a136-ff5ff2eb5efe","local_time":"20190604000215","is_ascension_mode":true,"campfire_choices":[{"data":"Immolate","floor":6,"key":"SMITH"},{"data":"Bash","floor":8,"key":"SMITH"},{"data":"Disarm","floor":15,"key":"SMITH"},{"floor":23,"key":"REST"},{"data":"Feel No Pain","floor":29,"key":"SMITH"},{"data":"Feed","floor":32,"key":"SMITH"},{"floor":40,"key":"REST"},{"floor":49,"key":"RECALL"}],"neow_cost":"PERCENT_DAMAGE","seed_source_timestamp":1661580541722278,"circlet_count":0,"master_deck":["AscendersBane","Defend_R","Defend_R","Defend_R","Defend_R","Bash+1","Twin Strike","Flame Barrier","Shrug It Off","Immolate+1","Evolve","Disarm+1","Offering","Disarm+1","Thunderclap+1","Shrug It Off","Feel No Pain+1","True Grit+1","Battle Trance","Feed+1","Demon Form","Headbutt+1","Shrug It Off","Disarm","Warcry+1","Double Tap","Sword Boomerang","Dark Embrace"],"relics":["Burning Blood","Anchor","Regal Pillow","Ancient Tea Set","Bronze Scales","Tiny Chest","Empty Cage","Meat on the Bone","Red Skull","Boot","Strawberry","Mark of Pain","Art of War","Vajra","Dodecahedron"],"potions_floor_usage":[7,16,33,36,37,41,46,50,50],"damage_taken":[{"damage":3,"enemies":"2 Louse","floor":1,"turns":4},{"damage":8,"enemies":"Jaw Worm","floor":2,"turns":4},{"damage":1,"enemies":"Cultist","floor":4,"turns":4},{"damage":8,"enemies":"Gremlin Nob","floor":7,"turns":3},{"damage":20,"enemies":"Lagavulin","floor":11,"turns":6},{"damage":0,"enemies":"Red Slaver","floor":12,"turns":4},{"damage":0,"enemies":"Gremlin Gang","floor":14,"turns":3},{"damage":10,"enemies":"The Guardian","floor":16,"turns":12},{"damage":16,"enemies":"Spheric Guardian","floor":18,"turns":4},{"damage":8,"enemies":"Chosen","floor":19,"turns":3},{"damage":20,"enemies":"Snecko","floor":20,"turns":6},{"damage":4,"enemies":"Snake Plant","floor":22,"turns":6},{"damage":9,"enemies":"Book of Stabbing","floor":24,"turns":7},{"damage":6,"enemies":"Chosen and Byrds","floor":25,"turns":5},{"damage":36,"enemies":"Gremlin Leader","floor":27,"turns":6},{"damage":0,"enemies":"Snecko","floor":30,"turns":4},{"damage":29,"enemies":"Slavers","floor":31,"turns":4},{"damage":47,"enemies":"Collector","floor":33,"turns":14},{"damage":20,"enemies":"Orb Walker","floor":35,"turns":5},{"damage":2,"enemies":"3 Shapes","floor":36,"turns":3},{"damage":38,"enemies":"Transient","floor":37,"turns":5},{"damage":51,"enemies":"Maw","floor":39,"turns":8},{"damage":0,"enemies":"Giant Head","floor":41,"turns":5},{"damage":11,"enemies":"3 Darklings","floor":42,"turns":5},{"damage":29,"enemies":"4 Shapes","floor":44,"turns":10},{"damage":18,"enemies":"Writhing Mass","floor":45,"turns":9},{"damage":31,"enemies":"Reptomancer","floor":46,"turns":9},{"damage":40,"enemies":"Spire Growth","floor":48,"turns":5},{"damage":69,"enemies":"Time Eater","floor":50,"turns":14}],"seed_played":"-3815130407567693903","potions_obtained":[{"floor":1,"key":"Strength Potion"},{"floor":2,"key":"Weak Potion"},{"floor":11,"key":"Energy Potion"},{"floor":20,"key":"Fire Potion"},{"floor":22,"key":"AttackPotion"},{"floor":33,"key":"Fire Potion"},{"floor":36,"key":"Fruit Juice"},{"floor":39,"key":"SmokeBomb"},{"floor":45,"key":"BloodPotion"},{"floor":48,"key":"SkillPotion"}],"is_trial":false,"path_per_floor":["M","M","?","M","$","R","E","R","T","$","E","M","?","M","R","B",null,"M","M","M","$","M","R","E","M","T","E","?","R","M","E","R","B",null,"M","M","M","$","M","R","E","M","T","M","M","E","T","M","R","B"],"character_chosen":"IRONCLAD","items_purchased":["Immolate","Anchor","Feel No Pain","Art of War","Shrug It Off","Disarm"],"campfire_rested":2,"item_purchase_floors":[5,5,21,38,38,38],"current_hp_per_floor":[53,51,51,56,56,56,54,54,54,54,40,46,35,41,41,37,66,56,54,40,40,42,75,72,72,72,54,54,54,63,62,62,37,78,68,76,56,56,23,68,74,73,73,66,66,72,72,50,50,0],"gold":605,"neow_bonus":"TWO_FIFTY_GOLD","is_prod":false,"is_daily":false,"chose_seed":false,"campfire_upgraded":5,"win_rate":0,"timestamp":1559620935,"path_taken":["M","M","?","M","$","R","E","R","T","$","E","M","?","M","R","BOSS","M","M","M","$","M","R","E","M","T","E","?","R","M","E","R","BOSS","M","M","M","$","M","R","E","M","T","M","M","E","?","?","R","BOSS"],"build_version":"2019-06-02","purchased_purges":2,"victory":false,"max_hp_per_floor":[75,75,75,75,75,75,75,75,75,75,75,75,75,75,75,75,75,75,75,75,75,75,75,75,75,75,75,75,75,78,88,88,92,92,96,100,100,100,100,100,100,104,104,108,108,112,112,112,112,117],"card_choices":[{"not_picked":["Corruption","Perfected Strike"],"picked":"Twin Strike","floor":1},{"not_picked":["Combust","Evolve"],"picked":"Flame Barrier","floor":2},{"not_picked":["Heavy Blade","Reckless Charge"],"picked":"Shrug It Off","floor":4},{"not_picked":["Combust","Rupture","Iron Wave"],"picked":"SKIP","floor":7},{"not_picked":["Combust","Rupture","Iron Wave"],"picked":"SKIP","floor":7},{"not_picked":["Pummel","Havoc"],"picked":"Evolve","floor":11},{"not_picked":["Havoc","Juggernaut"],"picked":"Disarm","floor":12},{"not_picked":["True Grit","Twin Strike","Sword Boomerang"],"picked":"SKIP","floor":14},{"not_picked":["Limit Break","Impervious"],"picked":"Offering","floor":16},{"not_picked":["Heavy Blade","Anger"],"picked":"Disarm+1","floor":18},{"not_picked":["True Grit","Wild Strike"],"picked":"Thunderclap+1","floor":19},{"not_picked":["Clash","Blood for Blood"],"picked":"Shrug It Off","floor":20},{"not_picked":["Infernal Blade","Wild Strike"],"picked":"True Grit+1","floor":22},{"not_picked":["Clothesline","Blood for Blood","Twin Strike"],"picked":"SKIP","floor":24},{"not_picked":["Entrench","Anger"],"picked":"Battle Trance","floor":25},{"not_picked":["Clash","Battle Trance"],"picked":"Feed","floor":27},{"not_picked":["True Grit","Cleave","Perfected Strike"],"picked":"SKIP","floor":30},{"not_picked":["Clash","Seeing Red","Berserk"],"picked":"SKIP","floor":31},{"not_picked":["Bludgeon","Berserk"],"picked":"Demon Form","floor":33},{"not_picked":["Warcry","Sentinel","Pommel Strike"],"picked":"SKIP","floor":35},{"not_picked":["Anger","Thunderclap"],"picked":"Headbutt+1","floor":36},{"not_picked":["Iron Wave","Body Slam","Infernal Blade"],"picked":"SKIP","floor":37},{"not_picked":["Pommel Strike","Headbutt","Armaments"],"picked":"SKIP","floor":39},{"not_picked":["Pommel Strike+1","Clothesline"],"picked":"Warcry+1","floor":42},{"not_picked":["Armaments","Clash"],"picked":"Double Tap","floor":44},{"not_picked":["Twin Strike","Cleave"],"picked":"Sword Boomerang","floor":45},{"not_picked":["Wild Strike","Clothesline"],"picked":"Dark Embrace","floor":46},{"not_picked":["Shrug It Off+1","Entrench","Hemokinesis+1"],"picked":"SKIP","floor":48}],"player_experience":2516771,"relics_obtained":[{"floor":7,"key":"Regal Pillow"},{"floor":9,"key":"Ancient Tea Set"},{"floor":11,"key":"Bronze Scales"},{"floor":24,"key":"Meat on the Bone"},{"floor":26,"key":"Red Skull"},{"floor":27,"key":"Boot"},{"floor":31,"key":"Strawberry"},{"floor":46,"key":"Vajra"},{"floor":47,"key":"Dodecahedron"}],"event_choices":[{"cards_removed":["Strike_R"],"damage_healed":0,"gold_gain":0,"player_choice":"Forget","damage_taken":0,"max_hp_gain":0,"max_hp_loss":0,"event_name":"Living Wall","floor":3,"gold_loss":0},{"damage_healed":0,"gold_gain":0,"player_choice":"Success","damage_taken":11,"relics_obtained":["Tiny Chest"],"max_hp_gain":0,"max_hp_loss":0,"event_name":"Scrap Ooze","floor":13,"gold_loss":0},{"damage_healed":0,"gold_gain":250,"player_choice":"Bet on Owner","damage_taken":0,"max_hp_gain":0,"max_hp_loss":0,"event_name":"The Joust","floor":28,"gold_loss":50}],"is_beta":true,"boss_relics":[{"not_picked":["Eternal Feather","Ectoplasm"],"picked":"Empty Cage"},{"not_picked":["Orrery","Sozu"],"picked":"Mark of Pain"}],"items_purged_floors":[5,10],"is_endless":false,"potions_floor_spawned":[1,2,11,20,22,24,27,33,35,36,39,45,48],"killed_by":"Time Eater","ascension_level":15}