{"gold_per_floor":[118,118,128,128,53,53,86,98,98,116,127,144,144,178,178,275,275,293,293,293,51,326,326,352,352,409,424,32,60,79,259,259,259],"floor_reached":33,"playtime":1824,"items_purged":["Strike_R","Regret"],"score":318,"play_id":"ae2a010f-e051-48b0-9490-487a91dec63b","local_time":"20190824171348","is_ascension_mode":false,"campfire_choices":[{"data":"Armaments","floor":6,"key":"SMITH"},{"data":"Flex","floor":13,"key":"SMITH"},{"data":"Fiend Fire","floor":15,"key":"SMITH"},{"floor":23,"key":"REST"},{"floor":25,"key":"REST"},{"floor":32,"key":"REST"}],"neow_cost":"NONE","seed_source_timestamp":565808185472300,"circlet_count":0,"master_deck":["Strike_R","Strike_R+1","Strike_R","Defend_R","Defend_R","Defend_R","Defend_R+1","Bash","Flex+1","Armaments+1","Twin Strike","Flex","Wild Strike","Fiend Fire+1","Iron Wave","Fiend Fire","Headbutt","Necronomicurse","Perfected Strike","Ghostly Armor","Heavy Blade","Ghostly Armor","Reckless Charge","Dark Shackles","Good Instincts"],"relics":["Burning Blood","Letter Opener","Bag of Marbles","Pantograph","Ornamental Fan","Busted Crown","Vajra","Necronomicon","HandDrill","Lantern","Tiny Chest","Anchor","Centennial Puzzle","Red Skull"],"potions_floor_usage":[8,8,14,16,29,33,33],"damage_taken":[{"damage":0,"enemies":"2 Louse","floor":1,"turns":3},{"damage":0,"enemies":"Jaw Worm","floor":3,"turns":5},{"damage":25,"enemies":"Gremlin Nob","floor":7,"turns":4},{"damage":1,"enemies":"Cultist","floor":8,"turns":3},{"damage":2,"enemies":"2 Fungi Beasts","floor":10,"turns":3},{"damage":0,"enemies":"Exordium Wildlife","floor":11,"turns":3},{"damage":0,"enemies":"3 Louse","floor":12,"turns":3},{"damage":27,"enemies":"3 Sentries","floor":14,"turns":7},{"damage":13,"enemies":"Slime Boss","floor":16,"turns":11},{"damage":20,"enemies":"Spheric Guardian","floor":18,"turns":4},{"damage":21,"enemies":"Book of Stabbing","floor":24,"turns":4},{"damage":15,"enemies":"3 Byrds","floor":27,"turns":5},{"damage":0,"enemies":"Gremlin Leader","floor":29,"turns":5},{"damage":0,"enemies":"3 Cultists","floor":30,"turns":3},{"damage":80,"enemies":"Champ","floor":33,"turns":10}],"seed_played":"3127190823449984075","potions_obtained":[{"floor":3,"key":"PowerPotion"},{"floor":7,"key":"SkillPotion"},{"floor":10,"key":"Poison Potion"},{"floor":11,"key":"FearPotion"},{"floor":24,"key":"FearPotion"},{"floor":29,"key":"LiquidBronze"}],"is_trial":false,"path_per_floor":["M","?","M","T","$","R","E","M","T","M","M","M","R","E","R","B",null,"M","T","?","$","?","R","E","R","T","M","$","E","M","?","R","B"],"character_chosen":"IRONCLAD","items_purchased":["HandDrill","Perfected Strike","Anchor","Centennial Puzzle"],"campfire_rested":3,"item_purchase_floors":[21,21,28,28],"current_hp_per_floor":[80,64,70,70,70,70,51,56,56,60,66,72,72,51,51,69,80,66,66,50,50,50,74,59,80,80,71,71,77,80,32,56,0],"gold":259,"neow_bonus":"TRANSFORM_CARD","is_prod":false,"is_daily":false,"chose_seed":false,"campfire_upgraded":3,"win_rate":0,"timestamp":1566663228,"path_taken":["M","?","M","?","$","R","E","M","T","M","M","M","R","E","R","BOSS","M","?","?","?","?","R","E","R","T","?","?","E","M","?","R","BOSS"],"build_version":"2019-07-17","purchased_purges":2,"victory":false,"max_hp_per_floor":[80,80,80,80,80,80,80,80,80,80,80,80,80,80,80,80,80,80,80,80,80,80,80,80,80,80,80,80,80,80,80,80,80],"card_choices":[{"not_picked":["Clash","Shockwave","Dual Wield"],"picked":"SKIP","floor":1},{"not_picked":["Shrug It Off","Rampage"],"picked":"Armaments","floor":3},{"not_picked":["Perfected Strike","Shockwave"],"picked":"Twin Strike","floor":7},{"not_picked":["Intimidate","Burning Pact"],"picked":"Flex","floor":8},{"not_picked":["Clash","Entrench","Perfected Strike"],"picked":"SKIP","floor":10},{"not_picked":["True Grit","Burning Pact"],"picked":"Wild Strike","floor":11},{"not_picked":["Perfected Strike","Twin Strike"],"picked":"Fiend Fire","floor":12},{"not_picked":["Warcry","Anger"],"picked":"Iron Wave","floor":14},{"not_picked":["Juggernaut","Bludgeon"],"picked":"Fiend Fire","floor":16},{"not_picked":[],"picked":"Headbutt","floor":18},{"not_picked":[],"picked":"Ghostly Armor","floor":24},{"not_picked":[],"picked":"Heavy Blade","floor":27},{"not_picked":[],"picked":"Ghostly Armor","floor":29},{"not_picked":[],"picked":"Reckless Charge","floor":30}],"player_experience":68987,"relics_obtained":[{"floor":4,"key":"Letter Opener"},{"floor":7,"key":"Bag of Marbles"},{"floor":9,"key":"Pantograph"},{"floor":14,"key":"Ornamental Fan"},{"floor":19,"key":"Vajra"},{"floor":20,"key":"Necronomicon"},{"floor":24,"key":"Lantern"},{"floor":26,"key":"Tiny Chest"},{"floor":29,"key":"Red Skull"}],"event_choices":[{"damage_healed":0,"gold_gain":0,"player_choice":"Entered Light","damage_taken":16,"max_hp_gain":0,"max_hp_loss":0,"event_name":"Shining Light","floor":2,"gold_loss":0,"cards_upgraded":["Defend_R","Strike_R"]},{"damage_healed":0,"gold_gain":0,"player_choice":"Obtained Book","damage_taken":16,"max_hp_gain":0,"max_hp_loss":0,"event_name":"Cursed Tome","floor":20,"gold_loss":0},{"damage_healed":0,"gold_gain":275,"player_choice":"Desecrate","damage_taken":0,"max_hp_gain":0,"max_hp_loss":0,"event_name":"Golden Shrine","floor":22,"gold_loss":0,"cards_obtained":["Regret"]},{"damage_healed":0,"gold_gain":180,"player_choice":"CARD CARD GOLD GOLD POTION ","damage_taken":48,"max_hp_gain":0,"max_hp_loss":0,"event_name":"Knowing Skull","floor":31,"potions_obtained":["Explosive Potion"],"gold_loss":0,"cards_obtained":["Dark Shackles","Good Instincts"]}],"is_beta":false,"boss_relics":[{"not_picked":["Runic Dome","Runic Cube"],"picked":"Busted Crown"}],"items_purged_floors":[5,28],"is_endless":false,"potions_floor_spawned":[3,7,10,11,24,29],"killed_by":"Champ","ascension_level":0}