{"gold_per_floor":[110,13,27,27,27,27,57,75,75,92,102,102,134,153,153,249,249,249,249,249,174,174,174,34,34,34,34,34,34,8,8,8,8,8,8,8,8,8,8,8,8,8,8,8,8,8,8,8,8,8],"floor_reached":50,"playtime":3800,"items_purged":[],"score":550,"play_id":"a60d3fbf-c956-4627-95ba-ac0f77d0cd01","local_time":"20181227223347","is_ascension_mode":false,"campfire_choices":[{"data":"Dualcast","floor":6,"key":"SMITH"},{"data":"Barrage","floor":12,"key":"SMITH"},{"floor":15,"key":"REST"},{"floor":25,"key":"REST"},{"data":"Defragment","floor":28,"key":"SMITH"},{"data":"Fission","floor":32,"key":"SMITH"},{"data":"Storm","floor":40,"key":"SMITH"},{"data":"Chill","floor":42,"key":"SMITH"},{"floor":49,"key":"REST"}],"neow_cost":"NONE","seed_source_timestamp":119080463257000,"circlet_count":0,"master_deck":["Strike_B","Strike_B","Strike_B","Defend_B","Defend_B","Defend_B","Defend_B","Zap","Dualcast+1","Storm+1","Coolheaded","Redo+1","Coolheaded","Gash","Chill+1","Gash","Auto Shields","Barrage+1","Defragment+1","Conserve Battery","Fission+1","Hologram","Self Repair","Ball Lightning","Streamline+1","Go for the Eyes+1","Gash","Self Repair","Conserve Battery","White Noise+1","Go for the Eyes","Creative AI","Self Repair+1","All For One","Madness","Madness","Redo+1","Gash+1","Apotheosis","Streamline","Barrage+1"],"relics":["Cracked Core","Dodecahedron","Juzu Bracelet","Ectoplasm","Red Mask","Nloth\u0027s Gift","PreservedInsect","Philosopher\u0027s Stone","Potion Belt","Boot","Strawberry","Pocketwatch"],"potions_floor_usage":[16,18,19,19,27,33,44,50],"damage_taken":[{"damage":0,"enemies":"Small Slimes","floor":1,"turns":3},{"damage":0,"enemies":"2 Louse","floor":3,"turns":4},{"damage":5,"enemies":"The Mushroom Lair","floor":7,"turns":7},{"damage":0,"enemies":"Jaw Worm","floor":8,"turns":3},{"damage":1,"enemies":"Looter","floor":10,"turns":4},{"damage":8,"enemies":"Red Slaver","floor":11,"turns":3},{"damage":4,"enemies":"Lagavulin","floor":13,"turns":6},{"damage":7,"enemies":"Blue Slaver","floor":14,"turns":2},{"damage":42,"enemies":"Hexaghost","floor":16,"turns":11},{"damage":10,"enemies":"Spheric Guardian","floor":18,"turns":6},{"damage":9,"enemies":"Masked Bandits","floor":19,"turns":4},{"damage":8,"enemies":"2 Thieves","floor":21,"turns":5},{"damage":23,"enemies":"Cultist and Chosen","floor":22,"turns":10},{"damage":36,"enemies":"Snake Plant","floor":23,"turns":6},{"damage":3,"enemies":"Snecko","floor":27,"turns":5},{"damage":0,"enemies":"Centurion and Healer","floor":29,"turns":6},{"damage":52,"enemies":"Champ","floor":33,"turns":17},{"damage":23,"enemies":"3 Darklings","floor":35,"turns":6},{"damage":7,"enemies":"3 Shapes","floor":37,"turns":6},{"damage":0,"enemies":"Maw","floor":41,"turns":6},{"damage":46,"enemies":"Nemesis","floor":44,"turns":6},{"damage":12,"enemies":"Giant Head","floor":46,"turns":6},{"damage":39,"enemies":"2 Orb Walkers","floor":48,"turns":4},{"damage":67,"enemies":"Time Eater","floor":50,"turns":8}],"seed_played":"-7370215199616444660","potions_obtained":[{"floor":3,"key":"PowerPotion"},{"floor":13,"key":"Explosive Potion"},{"floor":16,"key":"FocusPotion"},{"floor":18,"key":"Explosive Potion"},{"floor":23,"key":"Poison Potion"},{"floor":27,"key":"AttackPotion"},{"floor":33,"key":"Explosive Potion"},{"floor":41,"key":"EssenceOfSteel"},{"floor":48,"key":"EssenceOfSteel"}],"is_trial":false,"path_per_floor":["M","$","M","?","?","R","?","M","T","M","M","R","E","M","R","B",null,"M","?","?","M","M","M","$","R","T","M","R","M","$","?","R","B",null,"M","?","M","?","?","R","M","R","T","E","?","E","$","?","R","B"],"character_chosen":"DEFECT","items_purchased":["Redo","Coolheaded","Gash","Self Repair","Conserve Battery","Go for the Eyes"],"campfire_rested":3,"item_purchase_floors":[2,2,24,24,24,30],"current_hp_per_floor":[75,75,75,80,80,80,75,75,75,74,66,66,62,55,79,37,80,70,61,61,60,44,15,15,39,39,50,50,64,64,64,64,26,80,71,71,80,80,70,70,80,80,80,58,58,63,63,38,64,0],"gold":8,"neow_bonus":"TRANSFORM_CARD","is_prod":false,"is_daily":false,"chose_seed":false,"campfire_upgraded":6,"win_rate":0,"timestamp":1545946427,"path_taken":["M","$","M","?","?","R","?","M","T","M","M","R","E","M","R","BOSS","M","?","?","M","M","M","$","R","T","M","R","M","$","?","R","BOSS","M","?","M","?","?","R","M","R","T","E","?","E","$","?","R","BOSS"],"build_version":"2018-12-20","purchased_purges":0,"victory":false,"max_hp_per_floor":[75,75,75,80,80,80,80,80,80,80,80,80,80,80,80,80,80,80,80,80,80,80,80,80,80,80,80,80,80,80,80,80,80,80,80,80,80,80,80,80,80,80,80,80,80,87,87,87,87,87],"card_choices":[{"not_picked":["Sweeping Beam","Stack"],"picked":"Coolheaded","floor":1},{"not_picked":["Beam Cell","Stack"],"picked":"Gash","floor":3},{"not_picked":["Steam Power","Coolheaded"],"picked":"Chill","floor":7},{"not_picked":["Cold Snap","Static Discharge"],"picked":"Gash","floor":8},{"not_picked":["BootSequence","Coolheaded"],"picked":"Auto Shields","floor":10},{"not_picked":["Leap","BootSequence"],"picked":"Barrage","floor":11},{"not_picked":["Streamline","Double Energy"],"picked":"Defragment","floor":13},{"not_picked":["Coolheaded","Turbo"],"picked":"Conserve Battery","floor":14},{"not_picked":["Meteor Strike","Reboot"],"picked":"Fission","floor":16},{"not_picked":["Auto Shields+1","Rebound"],"picked":"Hologram","floor":18},{"not_picked":["Coolheaded+1","Steam"],"picked":"Self Repair","floor":19},{"not_picked":["Coolheaded","Biased Cognition"],"picked":"Ball Lightning","floor":21},{"not_picked":["Leap","Steam"],"picked":"Streamline+1","floor":22},{"not_picked":["Rip and Tear","Barrage"],"picked":"Go for the Eyes+1","floor":23},{"not_picked":["Steam","Streamline"],"picked":"White Noise+1","floor":27},{"not_picked":["Sweeping Beam","Force Field+1","Reboot"],"picked":"SKIP","floor":29},{"not_picked":["Meteor Strike","Echo Form"],"picked":"Creative AI","floor":33},{"not_picked":["Turbo","Beam Cell+1"],"picked":"Self Repair+1","floor":35},{"not_picked":["Conserve Battery+1","Steam+1"],"picked":"All For One","floor":37},{"not_picked":["Steam+1","Turbo+1"],"picked":"Redo+1","floor":41},{"not_picked":["Leap","Blizzard"],"picked":"Gash+1","floor":44},{"not_picked":["Good Instincts","Violence"],"picked":"Apotheosis","floor":45},{"not_picked":["Conserve Battery","Steam"],"picked":"Streamline","floor":46},{"not_picked":["Darkness+1","Static Discharge"],"picked":"Barrage+1","floor":48}],"player_experience":63236,"relics_obtained":[{"floor":7,"key":"Odd Mushroom"},{"floor":9,"key":"Dodecahedron"},{"floor":13,"key":"Juzu Bracelet"},{"floor":19,"key":"Red Mask"},{"floor":26,"key":"PreservedInsect"},{"floor":43,"key":"Potion Belt"},{"floor":44,"key":"Boot"},{"floor":46,"key":"Strawberry"},{"floor":48,"key":"Pocketwatch"}],"event_choices":[{"damage_healed":0,"gold_gain":0,"player_choice":"Donut","damage_taken":0,"max_hp_gain":5,"max_hp_loss":0,"event_name":"Big Fish","floor":4,"gold_loss":0},{"damage_healed":0,"gold_gain":0,"player_choice":"Grow","damage_taken":0,"max_hp_gain":0,"max_hp_loss":0,"event_name":"Living Wall","floor":5,"gold_loss":0,"cards_upgraded":["Redo"]},{"damage_healed":0,"gold_gain":0,"player_choice":"Fought Mushrooms","damage_taken":0,"max_hp_gain":0,"max_hp_loss":0,"event_name":"Mushrooms","floor":7,"gold_loss":0},{"damage_healed":0,"gold_gain":0,"player_choice":"Fought Bandits","damage_taken":0,"max_hp_gain":0,"max_hp_loss":0,"event_name":"Masked Bandits","floor":19,"gold_loss":0},{"damage_healed":0,"gold_gain":0,"player_choice":"Traded Relic","damage_taken":0,"relics_obtained":["Nloth\u0027s Gift"],"max_hp_gain":0,"max_hp_loss":0,"event_name":"N\u0027loth","floor":20,"relics_lost":["Odd Mushroom"],"gold_loss":0},{"damage_healed":0,"gold_gain":0,"player_choice":"Ignored","damage_taken":0,"max_hp_gain":0,"max_hp_loss":0,"event_name":"Ghosts","floor":31,"gold_loss":0},{"damage_healed":0,"gold_gain":222,"player_choice":"Wore Mask","damage_taken":0,"max_hp_gain":0,"max_hp_loss":0,"event_name":"Tomb of Lord Red Mask","floor":36,"gold_loss":0},{"damage_healed":0,"gold_gain":0,"player_choice":"Ignored","damage_taken":0,"max_hp_gain":0,"max_hp_loss":0,"event_name":"SecretPortal","floor":38,"gold_loss":0},{"damage_healed":0,"gold_gain":0,"player_choice":"Embrace Madness","damage_taken":10,"max_hp_gain":0,"max_hp_loss":0,"event_name":"Winding Halls","floor":39,"gold_loss":0,"cards_obtained":["Madness","Madness"]},{"damage_healed":0,"gold_gain":0,"player_choice":"Memory 1","damage_taken":0,"max_hp_gain":0,"max_hp_loss":0,"event_name":"SensoryStone","floor":45,"gold_loss":0},{"damage_healed":0,"gold_gain":0,"player_choice":"Fight","damage_taken":0,"max_hp_gain":0,"max_hp_loss":0,"event_name":"Mysterious Sphere","floor":48,"gold_loss":0}],"is_beta":false,"boss_relics":[{"not_picked":["FrozenCore","Eternal Feather"],"picked":"Ectoplasm"},{"not_picked":["Black Star","White Beast Statue"],"picked":"Philosopher\u0027s Stone"}],"items_purged_floors":[],"is_endless":false,"potions_floor_spawned":[3,13,16,18,23,27,33,41,48],"killed_by":"Time Eater","ascension_level":0}