{"gold_per_floor":[112,122,46,46,56,56,76,90,90,101,101,118,118,132,132,227,227,239,258,173,185,202,235,235],"floor_reached":24,"playtime":1755,"items_purged":[],"score":214,"play_id":"01ce9c99-e206-485c-8d8c-f9d6048b5f9e","local_time":"20181226205652","is_ascension_mode":false,"campfire_choices":[{"data":"Neutralize","floor":6,"key":"SMITH"},{"floor":13,"key":"REST"},{"floor":15,"key":"REST"}],"neow_cost":"CURSE","seed_source_timestamp":28906616714300,"circlet_count":0,"master_deck":["Defend_G","Defend_G","Defend_G","Defend_G","Defend_G","Strike_G","Strike_G","Strike_G","Strike_G","Strike_G","Survivor","Neutralize+1","Dagger Spray","Outmaneuver","Noxious Fumes","Backstab","Calculated Gamble","Deflect","Poisoned Stab","PiercingWail","Distraction","After Image","Choke","Choke","Distraction"],"relics":["Ring of the Snake","StoneCalendar","Ninja Scroll","WristBlade","Pear","Gremlin Horn"],"potions_floor_usage":[16,16,16,23,23],"damage_taken":[{"damage":0,"enemies":"2 Louse","floor":1,"turns":4},{"damage":4,"enemies":"Cultist","floor":2,"turns":5},{"damage":2,"enemies":"Small Slimes","floor":5,"turns":6},{"damage":17,"enemies":"Red Slaver","floor":7,"turns":5},{"damage":9,"enemies":"Blue Slaver","floor":8,"turns":4},{"damage":0,"enemies":"3 Louse","floor":10,"turns":1},{"damage":9,"enemies":"Large Slime","floor":12,"turns":6},{"damage":14,"enemies":"Exordium Thugs","floor":14,"turns":7},{"damage":18,"enemies":"Slime Boss","floor":16,"turns":7},{"damage":10,"enemies":"3 Byrds","floor":18,"turns":6},{"damage":8,"enemies":"Shell Parasite","floor":19,"turns":7},{"damage":9,"enemies":"Cultist and Chosen","floor":21,"turns":6},{"damage":12,"enemies":"Chosen and Byrds","floor":22,"turns":6},{"damage":26,"enemies":"Gremlin Leader","floor":23,"turns":9},{"damage":19,"enemies":"Centurion and Healer","floor":24,"turns":5}],"seed_played":"686969767910788661","potions_obtained":[{"floor":1,"key":"PowerPotion"},{"floor":7,"key":"AttackPotion"},{"floor":10,"key":"EssenceOfSteel"},{"floor":21,"key":"SteroidPotion"},{"floor":22,"key":"PowerPotion"}],"is_trial":false,"path_per_floor":["M","M","$","?","M","R","M","M","T","M","?","M","R","M","R","B",null,"M","M","?","M","M","E","M"],"character_chosen":"THE_SILENT","items_purchased":["Noxious Fumes"],"campfire_rested":2,"item_purchase_floors":[3],"current_hp_per_floor":[70,66,66,59,57,57,40,31,31,31,24,15,36,22,43,25,70,60,52,62,53,41,15,0],"gold":235,"neow_bonus":"ONE_RARE_RELIC","is_prod":false,"is_daily":false,"chose_seed":false,"campfire_upgraded":1,"win_rate":0.0,"timestamp":1545854212,"path_taken":["M","M","$","?","M","R","M","M","T","?","?","M","R","M","R","BOSS","M","M","?","M","M","E","M"],"build_version":"2018-12-20","purchased_purges":0,"victory":false,"max_hp_per_floor":[70,70,70,70,70,70,70,70,70,70,70,70,70,70,70,70,70,70,70,80,80,80,80,80],"card_choices":[{"not_picked":["Eviscerate","Deflect"],"picked":"Dagger Spray","floor":1},{"not_picked":["Dagger Spray","Underhanded Strike"],"picked":"Outmaneuver","floor":2},{"not_picked":["Quick Slash","Bane"],"picked":"Backstab","floor":5},{"not_picked":["Slice","Venomology"],"picked":"Calculated Gamble","floor":7},{"not_picked":["Dagger Throw","Quick Slash"],"picked":"Deflect","floor":8},{"not_picked":["Slice","Riddle With Holes"],"picked":"Poisoned Stab","floor":10},{"not_picked":["Outmaneuver","Deflect"],"picked":"PiercingWail","floor":12},{"not_picked":["Underhanded Strike","All Out Attack"],"picked":"Distraction","floor":14},{"not_picked":["Venomology","Phantasmal Killer"],"picked":"After Image","floor":16},{"not_picked":["PiercingWail","Quick Slash"],"picked":"Choke","floor":18},{"not_picked":["Calculated Gamble","Backflip"],"picked":"Choke","floor":19},{"not_picked":["Dagger Throw","Outmaneuver","Poisoned Stab"],"picked":"SKIP","floor":21},{"not_picked":["Deadly Poison","Backflip+1","Blade Dance"],"picked":"SKIP","floor":22},{"not_picked":["Bane+1","Sucker Punch"],"picked":"Distraction","floor":23}],"player_experience":44559,"relics_obtained":[{"floor":9,"key":"Ninja Scroll"},{"floor":23,"key":"Gremlin Horn"}],"event_choices":[{"damage_healed":0,"gold_gain":0,"player_choice":"Damaged","damage_taken":7,"max_hp_gain":0,"max_hp_loss":0,"event_name":"Wheel of Change","floor":4,"gold_loss":0},{"cards_removed":["Writhe"],"damage_healed":0,"gold_gain":0,"player_choice":"Card Removal","damage_taken":7,"max_hp_gain":0,"max_hp_loss":0,"event_name":"Golden Wing","floor":11,"gold_loss":0},{"damage_healed":0,"gold_gain":0,"player_choice":"Obtained Relic","damage_taken":0,"relics_obtained":["Pear"],"max_hp_gain":0,"max_hp_loss":0,"event_name":"Addict","floor":20,"gold_loss":85}],"is_beta":false,"boss_relics":[{"not_picked":["Coffee Dripper","Sozu"],"picked":"WristBlade"}],"items_purged_floors":[],"is_endless":false,"potions_floor_spawned":[1,7,10,12,14,21,22],"killed_by":"Centurion and Healer","ascension_level":0}