{"gold_per_floor":[119,119,134,59,59,92,92,105,105,138,157,184,184,184,184,263,263,283,302,302,19,32,32,63,63,136,165,176,101,151,185,185,262,262,276,276,289,308,7,40,51,51,74,102,102,119,119,129,129,129,129,129,4,38,38],"floor_reached":56,"playtime":2789,"items_purged":["Strike_B","Strike_B","Zap"],"score":2127,"play_id":"ebf8454d-89e8-4788-bc85-6a1a84696f83","local_time":"20190611215910","is_ascension_mode":true,"campfire_choices":[{"data":"Defragment","floor":13.0,"key":"SMITH"},{"data":"Barrage","floor":15.0,"key":"SMITH"},{"data":"Loop","floor":23.0,"key":"SMITH"},{"floor":25.0,"key":"REST"},{"data":"Seek","floor":32.0,"key":"SMITH"},{"floor":42,"key":"RECALL"},{"data":"Amplify","floor":47,"key":"SMITH"},{"data":"Creative AI","floor":49,"key":"SMITH"},{"data":"Deep Breath","floor":52,"key":"SMITH"}],"neow_cost":"NONE","seed_source_timestamp":0,"circlet_count":0,"master_deck":["AscendersBane","Defend_B","Defend_B","Defend_B+1","Defend_B","Dualcast","Cold Snap","Compile Driver+1","Compile Driver","Doom and Gloom","Barrage+1","Defragment+1","Electrodynamics","Glacier+1","Loop+1","Genetic Algorithm","Chill+1","Defragment+1","Seek+1","Creative AI+1","Deep Breath+1","Leap+1","Amplify+1","Turbo","Capacitor+1"],"special_seed":0,"relics":["Cracked Core","NeowsBlessing","Pantograph","Orichalcum","Matryoshka","Pen Nib","Bird Faced Urn","Velvet Choker","Bag of Preparation","Bottled Flame","Lantern","Symbiotic Virus","Blue Candle","War Paint","Runic Pyramid","Runic Capacitor","Whetstone","Bronze Scales","Shuriken","Calipers"],"potions_floor_usage":[35,54,55],"damage_taken":[{"damage":0.0,"enemies":"Jaw Worm","floor":1.0,"turns":1.0},{"damage":0.0,"enemies":"Cultist","floor":3.0,"turns":1.0},{"damage":0.0,"enemies":"Gremlin Nob","floor":6.0,"turns":1.0},{"damage":0.0,"enemies":"Small Slimes","floor":8.0,"turns":3.0},{"damage":17.0,"enemies":"Lagavulin","floor":10.0,"turns":7.0},{"damage":0.0,"enemies":"2 Fungi Beasts","floor":11.0,"turns":2.0},{"damage":19.0,"enemies":"3 Sentries","floor":12.0,"turns":6.0},{"damage":28.0,"enemies":"Slime Boss","floor":16.0,"turns":7.0},{"damage":17.0,"enemies":"2 Thieves","floor":18.0,"turns":3.0},{"damage":2.0,"enemies":"Chosen","floor":19.0,"turns":4.0},{"damage":8.0,"enemies":"Sentry and Sphere","floor":22.0,"turns":4.0},{"damage":33.0,"enemies":"Book of Stabbing","floor":24.0,"turns":6.0},{"damage":9.0,"enemies":"Slavers","floor":27.0,"turns":4.0},{"damage":10.0,"enemies":"Snake Plant","floor":28.0,"turns":6.0},{"damage":0.0,"enemies":"Gremlin Leader","floor":31.0,"turns":4.0},{"damage":19.0,"enemies":"Collector","floor":33.0,"turns":10.0},{"damage":0,"enemies":"3 Darklings","floor":35,"turns":5},{"damage":0,"enemies":"3 Shapes","floor":37,"turns":5},{"damage":14,"enemies":"Jaw Worm Horde","floor":38,"turns":7},{"damage":4,"enemies":"Giant Head","floor":40,"turns":9},{"damage":0,"enemies":"3 Darklings","floor":41,"turns":4},{"damage":0,"enemies":"Reptomancer","floor":44,"turns":5},{"damage":0,"enemies":"Maw","floor":46,"turns":6},{"damage":0,"enemies":"Jaw Worm Horde","floor":48,"turns":4},{"damage":15,"enemies":"Time Eater","floor":50,"turns":8},{"damage":5,"enemies":"Shield and Spear","floor":54,"turns":6},{"damage":34,"enemies":"The Heart","floor":55,"turns":11}],"seed_played":"-7422339877795159475","potions_obtained":[{"floor":1.0,"key":"AttackPotion"},{"floor":12.0,"key":"SteroidPotion"},{"floor":22.0,"key":"SmokeBomb"},{"floor":33.0,"key":"Fruit Juice"},{"floor":35,"key":"Regen Potion"},{"floor":54,"key":"Ancient Potion"}],"is_trial":false,"path_per_floor":["M","$","M","$","?","E","T","M","T","E","M","E","R","?","R","B",null,"M","M","?","$","M","R","E","R","T","E","M","?","?","E","R","B",null,"M","?","M","M","$","E","M","R","T","E","?","M","R","M","R","B",null,"R","$","E","B",null],"character_chosen":"DEFECT","items_purchased":["Glacier","Bag of Preparation","Loop","Runic Capacitor"],"campfire_rested":1,"item_purchase_floors":[21,21,21,39],"current_hp_per_floor":[64,64,64,64,64,64,64,64,64,47,47,28,28,51,51,43,64,51,53,53,53,51,51,24,45,45,40,38,38,38,46,46,54,67,76,66,76,76,76,76,76,76,76,76,76,76,76,76,76,67,74,74,74,76,76],"gold":38,"neow_bonus":"THREE_ENEMY_KILL","is_prod":false,"is_daily":false,"chose_seed":false,"campfire_upgraded":7,"win_rate":0,"timestamp":1560304750,"path_taken":["M","$","M","$","?","E","?","?","T","E","M","E","R","?","R","BOSS","M","M","?","$","M","R","E","R","T","E","M","?","?","E","R","BOSS","M","?","M","M","$","E","M","R","T","E","?","M","R","?","R","BOSS","R","$","E","BOSS"],"build_version":"2019-06-10","purchased_purges":3,"victory":true,"max_hp_per_floor":[71,71,71,71,71,71,71,71,71,71,71,71,71,71,71,71,71,71,71,71,71,71,71,71,71,71,71,71,71,71,71,71,71,71,76,76,76,76,76,76,76,76,76,76,76,76,76,76,76,76,76,76,76,76,76],"card_choices":[{"not_picked":["Consume","Conserve Battery"],"picked":"Cold Snap","floor":1.0},{"not_picked":["Leap","Go for the Eyes"],"picked":"Compile Driver","floor":3.0},{"not_picked":["Chaos","Coolheaded","Cold Snap"],"picked":"SKIP","floor":6.0},{"not_picked":["Leap","Steam"],"picked":"Compile Driver","floor":8.0},{"not_picked":["Beam Cell","Redo"],"picked":"Doom and Gloom","floor":10.0},{"not_picked":["Skim","Reinforced Body"],"picked":"Barrage","floor":11.0},{"not_picked":["Glacier","Recycle"],"picked":"Defragment","floor":12.0},{"not_picked":["Meteor Strike","Thunder Strike"],"picked":"Electrodynamics","floor":16.0},{"not_picked":["Streamline","Sweeping Beam","Redo"],"picked":"SKIP","floor":18.0},{"not_picked":["Go for the Eyes+1","Scrape","Cold Snap"],"picked":"SKIP","floor":19.0},{"not_picked":["Seek","Streamline"],"picked":"Genetic Algorithm","floor":22.0},{"not_picked":["Auto Shields","Go for the Eyes"],"picked":"Chill+1","floor":24.0},{"not_picked":["Coolheaded","Compile Driver"],"picked":"Defragment+1","floor":27.0},{"not_picked":["Barrage","Leap","Heatsinks"],"picked":"SKIP","floor":28.0},{"not_picked":["Darkness","Cold Snap"],"picked":"Seek","floor":31.0},{"not_picked":["Reboot","Multi-Cast"],"picked":"Creative AI","floor":33.0},{"not_picked":["Stack","Rebound+1","Ball Lightning+1"],"picked":"SKIP","floor":35},{"not_picked":["Finesse","Flash of Steel"],"picked":"Deep Breath","floor":36},{"not_picked":["Lockon","Sweeping Beam"],"picked":"Leap+1","floor":37},{"not_picked":["Rip and Tear+1","Streamline+1","Double Energy"],"picked":"SKIP","floor":38},{"not_picked":["Darkness","Loop+1"],"picked":"Amplify","floor":40},{"not_picked":["Melter","Steam","Sweeping Beam"],"picked":"SKIP","floor":41},{"not_picked":["Steam","Static Discharge","Genetic Algorithm+1"],"picked":"SKIP","floor":44},{"not_picked":["Redo","Beam Cell"],"picked":"Turbo","floor":46},{"not_picked":["Beam Cell","Go for the Eyes+1"],"picked":"Capacitor+1","floor":48},{"not_picked":["Electrodynamics","Leap","Turbo"],"picked":"SKIP","floor":54}],"player_experience":2532182,"relics_obtained":[{"floor":6.0,"key":"Pantograph"},{"floor":7.0,"key":"Orichalcum"},{"floor":9.0,"key":"Matryoshka"},{"floor":10.0,"key":"Pen Nib"},{"floor":12.0,"key":"Bird Faced Urn"},{"floor":24.0,"key":"Bottled Flame"},{"floor":26.0,"key":"Lantern"},{"floor":26.0,"key":"Symbiotic Virus"},{"floor":27.0,"key":"Blue Candle"},{"floor":31.0,"key":"War Paint"},{"floor":40,"key":"Whetstone"},{"floor":43,"key":"Bronze Scales"},{"floor":44,"key":"Shuriken"},{"floor":54,"key":"Calipers"}],"event_choices":[{"damage_healed":0.0,"max_hp_gain":0.0,"max_hp_loss":0.0,"gold_gain":0.0,"event_name":"Liars Game","player_choice":"Ignored","floor":5.0,"gold_loss":0.0,"damage_taken":0.0},{"damage_healed":23.0,"max_hp_gain":0.0,"max_hp_loss":0.0,"gold_gain":0.0,"event_name":"Big Fish","player_choice":"Banana","floor":14.0,"gold_loss":0.0,"damage_taken":0.0},{"damage_healed":0.0,"max_hp_gain":0.0,"max_hp_loss":0.0,"gold_gain":0.0,"event_name":"Vampires","player_choice":"Ignored","floor":20.0,"gold_loss":0.0,"damage_taken":0.0},{"cards_removed":["Strike_B"],"damage_healed":0.0,"max_hp_gain":0.0,"max_hp_loss":0.0,"gold_gain":0.0,"event_name":"Beggar","player_choice":"Gave Gold","floor":29.0,"gold_loss":75.0,"damage_taken":0.0},{"damage_healed":0.0,"max_hp_gain":0.0,"max_hp_loss":0.0,"gold_gain":50.0,"event_name":"Nest","player_choice":"Stole From Cult","floor":30.0,"gold_loss":0.0,"damage_taken":0.0},{"damage_healed":0,"gold_gain":0,"player_choice":"Memory 3","damage_taken":10,"max_hp_gain":0,"max_hp_loss":0,"event_name":"SensoryStone","floor":36,"gold_loss":0},{"cards_removed":["Strike_B"],"damage_healed":0,"gold_gain":0,"player_choice":"Purged","damage_taken":0,"max_hp_gain":0,"max_hp_loss":0,"event_name":"Purifier","floor":45,"gold_loss":0}],"is_beta":true,"boss_relics":[{"not_picked":["Ectoplasm","Pandora\u0027s Box"],"picked":"Velvet Choker"},{"not_picked":["Busted Crown","Philosopher\u0027s Stone"],"picked":"Runic Pyramid"}],"items_purged_floors":[4,39,53],"is_endless":false,"potions_floor_spawned":[1,12,22,31,33,35,40,41,54],"ascension_level":15}