{"gold_per_floor":[113,113,128,128,128,128,153,169,169,169,185,196,196,211,211,314,314,329,329,346,366,378,378,409,409,486,436,467,479,490,24,24,128,128,141,161,0,15,15,49,49,49,76,104,204,224,240,254,254,254],"floor_reached":51,"playtime":2348,"items_purged":["Defend_R"],"score":901,"play_id":"e530b848-3313-441f-a9fb-2f5800c9e11d","local_time":"20190823185353","is_ascension_mode":false,"campfire_choices":[{"data":"Perfected Strike","floor":6,"key":"SMITH"},{"data":"Flame Barrier","floor":10,"key":"SMITH"},{"data":"Shrug It Off","floor":15,"key":"SMITH"},{"floor":23,"key":"REST"},{"floor":25,"key":"REST"},{"floor":32,"key":"REST"},{"floor":41,"key":"REST"},{"floor":49,"key":"REST"}],"neow_cost":"NONE","seed_source_timestamp":577701268627500,"circlet_count":0,"master_deck":["Strike_R","Strike_R","Strike_R","Strike_R","Defend_R","Defend_R","Defend_R","Bash","Armaments+1","Perfected Strike+1","Wild Strike","Flame Barrier+1","Wild Strike","Shrug It Off","Shrug It Off+1","Immolate","Wild Strike","Iron Wave","Perfected Strike","Shrug It Off+1","Perfected Strike+1","Spot Weakness+1","Rage+1","Flex+1","Iron Wave","Brutality","Rampage+1","Inflame+1","Shrug It Off+1","Body Slam+1","Impervious+1","Wild Strike+1","Inflame"],"relics":["Burning Blood","NeowsBlessing","Red Skull","Pear","Black Star","Mango","Bag of Marbles","Bottled Flame","Toxic Egg 2","Boot","Orichalcum","MealTicket","Fusion Hammer","Red Mask","Smiling Mask","Strawberry","Blood Vial","Kunai","Ginger","StoneCalendar"],"potions_floor_usage":[33,50,50,50],"damage_taken":[{"damage":0,"enemies":"2 Louse","floor":1,"turns":1},{"damage":0,"enemies":"Small Slimes","floor":3,"turns":2},{"damage":0,"enemies":"3 Sentries","floor":7,"turns":2},{"damage":0,"enemies":"Cultist","floor":8,"turns":2},{"damage":0,"enemies":"Blue Slaver","floor":11,"turns":5},{"damage":0,"enemies":"3 Louse","floor":12,"turns":3},{"damage":12,"enemies":"Large Slime","floor":14,"turns":4},{"damage":30,"enemies":"The Guardian","floor":16,"turns":16},{"damage":17,"enemies":"2 Thieves","floor":18,"turns":3},{"damage":11,"enemies":"Chosen","floor":20,"turns":5},{"damage":13,"enemies":"Centurion and Healer","floor":21,"turns":6},{"damage":28,"enemies":"Snake Plant","floor":22,"turns":5},{"damage":39,"enemies":"Slavers","floor":24,"turns":6},{"damage":31,"enemies":"Book of Stabbing","floor":28,"turns":6},{"damage":1,"enemies":"3 Cultists","floor":29,"turns":3},{"damage":20,"enemies":"Centurion and Healer","floor":30,"turns":2},{"damage":74,"enemies":"Collector","floor":33,"turns":11},{"damage":16,"enemies":"3 Darklings","floor":35,"turns":3},{"damage":16,"enemies":"Orb Walker","floor":36,"turns":4},{"damage":22,"enemies":"Writhing Mass","floor":38,"turns":5},{"damage":49,"enemies":"Reptomancer","floor":40,"turns":5},{"damage":0,"enemies":"Nemesis","floor":44,"turns":5},{"damage":54,"enemies":"Mind Bloom Boss Battle","floor":45,"turns":7},{"damage":1,"enemies":"4 Shapes","floor":46,"turns":1},{"damage":16,"enemies":"Maw","floor":47,"turns":7},{"damage":9,"enemies":"Transient","floor":48,"turns":5},{"damage":53,"enemies":"Time Eater","floor":50,"turns":12}],"seed_played":"-6214976478603655525","potions_obtained":[{"floor":7,"key":"LiquidBronze"},{"floor":11,"key":"Dexterity Potion"},{"floor":12,"key":"Block Potion"},{"floor":33,"key":"EssenceOfSteel"},{"floor":38,"key":"BloodPotion"},{"floor":44,"key":"Block Potion"}],"is_trial":false,"path_per_floor":["M","?","M","?","?","R","E","M","T","R","M","M","?","M","R","B",null,"M","?","M","M","M","R","E","R","T","?","E","M","M","$","R","B",null,"M","M","?","M","$","E","R","$","T","E","?","M","M","M","R","B",null],"character_chosen":"IRONCLAD","items_purchased":["Orichalcum","Iron Wave","MealTicket"],"campfire_rested":5,"item_purchase_floors":[31,31,31],"current_hp_per_floor":[80,73,79,84,84,84,85,85,95,95,95,95,95,89,89,65,95,84,65,60,53,31,61,42,76,76,76,51,56,42,42,76,8,114,104,94,94,78,93,57,93,108,108,116,70,77,69,68,104,89],"gold":254,"neow_bonus":"THREE_ENEMY_KILL","is_prod":false,"is_daily":false,"chose_seed":false,"campfire_upgraded":3,"win_rate":0,"timestamp":1566579233,"path_taken":["M","?","M","?","?","R","E","?","T","R","M","M","?","M","R","BOSS","M","?","M","M","M","R","E","R","T","?","E","M","M","$","R","BOSS","M","?","?","M","?","E","R","$","T","E","?","M","M","?","R","BOSS"],"build_version":"2019-07-17","purchased_purges":1,"victory":true,"max_hp_per_floor":[80,80,80,85,85,85,85,85,95,95,95,95,95,95,95,95,95,95,100,100,100,100,100,114,114,114,114,114,114,114,114,114,114,114,114,114,114,114,114,121,121,121,121,121,121,121,121,121,121,121],"card_choices":[{"not_picked":["Feel No Pain","Perfected Strike"],"picked":"Armaments","floor":1},{"not_picked":["Rupture","Twin Strike"],"picked":"Perfected Strike","floor":3},{"not_picked":["Infernal Blade","Rampage"],"picked":"Wild Strike","floor":7},{"not_picked":["Searing Blow","Anger"],"picked":"Flame Barrier","floor":8},{"not_picked":["Clothesline","Burning Pact"],"picked":"Wild Strike","floor":11},{"not_picked":["Headbutt","Clothesline"],"picked":"Shrug It Off","floor":12},{"not_picked":["Flex","Clothesline"],"picked":"Shrug It Off","floor":14},{"not_picked":["Feed","Bludgeon"],"picked":"Immolate","floor":16},{"not_picked":["Sentinel+1","Uppercut"],"picked":"Wild Strike","floor":18},{"not_picked":["Searing Blow+1","Clash"],"picked":"Iron Wave","floor":20},{"not_picked":["Havoc","Headbutt"],"picked":"Perfected Strike","floor":21},{"not_picked":["Warcry","Havoc"],"picked":"Shrug It Off+1","floor":22},{"not_picked":["Demon Form","Infernal Blade+1"],"picked":"Perfected Strike+1","floor":24},{"not_picked":["Shrug It Off","Feel No Pain"],"picked":"Spot Weakness","floor":28},{"not_picked":["Warcry+1","Intimidate+1"],"picked":"Rage+1","floor":29},{"not_picked":["Sword Boomerang+1","Pommel Strike"],"picked":"Flex+1","floor":30},{"not_picked":["Reaper","Dark Embrace"],"picked":"Brutality","floor":33},{"not_picked":["Twin Strike+1","Armaments+1"],"picked":"Rampage+1","floor":35},{"not_picked":["Fire Breathing+1","Warcry+1"],"picked":"Inflame+1","floor":36},{"not_picked":["Armaments+1","Flex+1"],"picked":"Shrug It Off+1","floor":38},{"not_picked":["Whirlwind","Sword Boomerang+1","Infernal Blade+1"],"picked":"SKIP","floor":40},{"not_picked":["Dual Wield+1","Double Tap+1","Twin Strike"],"picked":"SKIP","floor":44},{"not_picked":["Armaments+1","Blood for Blood+1"],"picked":"Body Slam+1","floor":45},{"not_picked":["Inflame","Dual Wield+1"],"picked":"Impervious+1","floor":46},{"not_picked":["Clash+1","Clothesline"],"picked":"Wild Strike+1","floor":47},{"not_picked":["Carnage","Cleave+1"],"picked":"Inflame","floor":48}],"player_experience":348051,"relics_obtained":[{"floor":7,"key":"Red Skull"},{"floor":9,"key":"Pear"},{"floor":24,"key":"Mango"},{"floor":24,"key":"Bag of Marbles"},{"floor":26,"key":"Bottled Flame"},{"floor":28,"key":"Toxic Egg 2"},{"floor":28,"key":"Boot"},{"floor":40,"key":"Smiling Mask"},{"floor":40,"key":"Strawberry"},{"floor":43,"key":"Blood Vial"},{"floor":44,"key":"Kunai"},{"floor":44,"key":"Ginger"},{"floor":45,"key":"StoneCalendar"}],"event_choices":[{"cards_removed":["Strike_R"],"damage_healed":0,"gold_gain":0,"player_choice":"Card Removal","damage_taken":7,"max_hp_gain":0,"max_hp_loss":0,"event_name":"Golden Wing","floor":2,"gold_loss":0},{"damage_healed":0,"gold_gain":0,"player_choice":"Donut","damage_taken":0,"max_hp_gain":5,"max_hp_loss":0,"event_name":"Big Fish","floor":4,"gold_loss":0},{"damage_healed":0,"gold_gain":0,"player_choice":"Upgraded","damage_taken":0,"max_hp_gain":0,"max_hp_loss":0,"event_name":"Upgrade Shrine","floor":5,"gold_loss":0,"cards_upgraded":["Armaments"]},{"damage_healed":0,"gold_gain":0,"player_choice":"Ignored","damage_taken":0,"max_hp_gain":0,"max_hp_loss":0,"event_name":"Liars Game","floor":13,"gold_loss":0},{"damage_healed":0,"gold_gain":0,"player_choice":"Shed Blood","damage_taken":24,"max_hp_gain":5,"max_hp_loss":0,"event_name":"Forgotten Altar","floor":19,"gold_loss":0},{"damage_healed":0,"gold_gain":0,"player_choice":"Bet on Murderer","damage_taken":0,"max_hp_gain":0,"max_hp_loss":0,"event_name":"The Joust","floor":27,"gold_loss":50},{"damage_healed":0,"gold_gain":0,"player_choice":"Paid","damage_taken":0,"relics_obtained":["Red Mask"],"max_hp_gain":0,"max_hp_loss":0,"event_name":"Tomb of Lord Red Mask","floor":37,"gold_loss":161},{"damage_healed":0,"gold_gain":0,"player_choice":"Fight","damage_taken":0,"max_hp_gain":0,"max_hp_loss":0,"event_name":"MindBloom","floor":45,"gold_loss":0}],"is_beta":false,"boss_relics":[{"not_picked":["Runic Dome","Eternal Feather"],"picked":"Black Star"},{"not_picked":["Coffee Dripper","Lizard Tail"],"picked":"Fusion Hammer"}],"items_purged_floors":[31],"is_endless":false,"potions_floor_spawned":[7,11,12,18,21,28,30,33,38,44,47],"ascension_level":0}