{"gold_per_floor":[110,129,129,139,154,154,170,170,196,206,206,220,44,69,69,174,174,190,289,289,307,323,351,384,384,384,384,410,410,121,133,133,229,229,244,43,43,43,43,43,55,55,81,81,97,97,128,146,146,146,146,146,21,56,56],"floor_reached":55,"playtime":2930,"items_purged":["Defend_B","Beam Cell","Shame"],"score":735,"play_id":"23681407-756d-4c0c-8c7a-b17f56889450","local_time":"20190325220025","is_ascension_mode":false,"campfire_choices":[{"data":"Capacitor","floor":6,"key":"SMITH"},{"data":"Dualcast","floor":8,"key":"SMITH"},{"data":"Storm","floor":11,"key":"SMITH"},{"data":"Stack","floor":15,"key":"SMITH"},{"floor":25,"key":"REST"},{"data":"Defragment","floor":27,"key":"SMITH"},{"floor":29,"key":"REST"},{"floor":32,"key":"REST"},{"floor":40,"key":"RECALL"},{"data":"Defragment","floor":42,"key":"SMITH"},{"data":"Electrodynamics","floor":44,"key":"SMITH"},{"data":"Regret","floor":46,"key":"PURGE"},{"floor":49,"key":"REST"},{"data":"Decay","floor":52,"key":"PURGE"}],"neow_cost":"NONE","seed_source_timestamp":207093205741500,"circlet_count":0,"master_deck":["Zap","Dualcast+1","Storm+1","Undo","Leap","Capacitor+1","Stack+1","Turbo","Amplify","Self Repair","Leap","Cold Snap","Core Surge","Thunder Strike","All For One","Darkness","Steam Power","Defragment+1","Sunder","Coolheaded+1","Capacitor","Heatsinks+1","Stack","Capacitor","Defragment+1","Barrage","Defragment+1","Redo","Cold Snap","Force Field","Electrodynamics+1","Madness","Madness+1","Chill+1","Cold Snap+1","Loop+1"],"relics":["Cracked Core","Oddly Smooth Stone","Whetstone","Pandora\u0027s Box","Red Mask","Regal Pillow","Singing Bowl","Blood Vial","Calling Bell","Lantern","Pantograph","Peace Pipe","ClockworkSouvenir","Gremlin Horn","Bag of Marbles","War Paint"],"potions_floor_usage":[24,24,24,48,48,50],"damage_taken":[{"damage":9,"enemies":"Jaw Worm","floor":1,"turns":4},{"damage":0,"enemies":"2 Louse","floor":2,"turns":3},{"damage":0,"enemies":"Small Slimes","floor":4,"turns":3},{"damage":0,"enemies":"Looter","floor":5,"turns":4},{"damage":5,"enemies":"Blue Slaver","floor":7,"turns":4},{"damage":2,"enemies":"Large Slime","floor":10,"turns":7},{"damage":10,"enemies":"Red Slaver","floor":12,"turns":5},{"damage":38,"enemies":"Lagavulin","floor":14,"turns":7},{"damage":6,"enemies":"Hexaghost","floor":16,"turns":14},{"damage":10,"enemies":"Shell Parasite","floor":18,"turns":6},{"damage":22,"enemies":"2 Thieves","floor":21,"turns":4},{"damage":14,"enemies":"Centurion and Healer","floor":22,"turns":8},{"damage":26,"enemies":"Masked Bandits","floor":23,"turns":5},{"damage":38,"enemies":"Slavers","floor":24,"turns":6},{"damage":49,"enemies":"Book of Stabbing","floor":28,"turns":4},{"damage":27,"enemies":"Snake Plant","floor":31,"turns":4},{"damage":32,"enemies":"Collector","floor":33,"turns":6},{"damage":18,"enemies":"3 Darklings","floor":35,"turns":5},{"damage":7,"enemies":"3 Shapes","floor":41,"turns":3},{"damage":24,"enemies":"3 Darklings","floor":45,"turns":4},{"damage":36,"enemies":"Nemesis","floor":47,"turns":5},{"damage":26,"enemies":"Sphere and 2 Shapes","floor":48,"turns":4},{"damage":40,"enemies":"Awakened One","floor":50,"turns":10},{"damage":42,"enemies":"Shield and Spear","floor":54,"turns":5},{"damage":90,"enemies":"The Heart","floor":55,"turns":5}],"seed_played":"1003368058215694511","potions_obtained":[{"floor":4,"key":"FocusPotion"},{"floor":5,"key":"Strength Potion"},{"floor":7,"key":"Explosive Potion"},{"floor":18,"key":"Weak Potion"},{"floor":28,"key":"Energy Potion"},{"floor":31,"key":"Swift Potion"},{"floor":33,"key":"SneckoOil"},{"floor":48,"key":"FocusPotion"}],"is_trial":false,"path_per_floor":["M","M","?","M","M","R","M","R","T","M","R","M","$","E","R","B",null,"M","?","?","M","M","?","E","R","T","R","E","R","$","M","R","B",null,"M","$","?","?","T","R","M","R","T","R","M","R","E","M","R","B",null,"R","$","E","B"],"character_chosen":"DEFECT","items_purchased":["Self Repair","Leap","Barrage","Defragment","Redo","Cold Snap","ClockworkSouvenir"],"campfire_rested":4,"item_purchase_floors":[13,13,30,30,30,30,36],"current_hp_per_floor":[73,73,78,78,78,78,73,73,73,71,71,61,61,30,30,31,87,84,84,84,69,62,43,19,60,60,60,11,52,52,27,68,45,87,78,78,67,69,69,69,64,64,64,64,51,51,26,9,52,46,95,95,95,60,0],"gold":56,"neow_bonus":"TEN_PERCENT_HP_BONUS","is_prod":false,"is_daily":false,"chose_seed":false,"campfire_upgraded":7,"win_rate":0,"timestamp":1553547625,"path_taken":["M","M","?","M","M","R","M","R","T","M","R","M","$","E","R","BOSS","M","?","?","M","M","?","E","R","T","R","E","R","$","M","R","BOSS","M","$","?","?","?","R","M","R","T","R","M","R","E","M","R","BOSS","R","$","E","BOSS"],"build_version":"2019-01-23","purchased_purges":3,"victory":false,"max_hp_per_floor":[82,82,87,87,87,87,87,87,87,87,87,87,87,87,87,87,87,87,87,87,87,87,87,87,87,87,87,87,87,87,87,87,87,87,89,89,89,91,91,91,91,91,91,91,93,93,95,95,95,95,95,95,95,95,95],"card_choices":[{"not_picked":["Go for the Eyes","Self Repair"],"picked":"Storm","floor":1},{"not_picked":["Beam Cell","Force Field"],"picked":"Undo","floor":2},{"not_picked":["Steam","Gash"],"picked":"Leap","floor":4},{"not_picked":["Cold Snap","Blizzard"],"picked":"Capacitor","floor":5},{"not_picked":["Rip and Tear","Reprogram"],"picked":"Stack","floor":7},{"not_picked":["Undo","Heatsinks"],"picked":"Turbo","floor":10},{"not_picked":["Lockon","Go for the Eyes"],"picked":"Amplify","floor":12},{"not_picked":["Rebound","Barrage"],"picked":"Cold Snap","floor":14},{"not_picked":["Reboot","Biased Cognition"],"picked":"Core Surge","floor":16},{"not_picked":["Rebound","Stack"],"picked":"Coolheaded","floor":18},{"not_picked":["Self Repair","Force Field+1"],"picked":"Capacitor","floor":21},{"not_picked":["Sweeping Beam","Ball Lightning"],"picked":"Heatsinks+1","floor":22},{"not_picked":["Turbo","Steam Power+1"],"picked":"Stack","floor":23},{"not_picked":["Steam","Auto Shields"],"picked":"Capacitor","floor":24},{"not_picked":["Compile Driver","Reprogram"],"picked":"Defragment+1","floor":28},{"not_picked":["Ball Lightning+1","Leap"],"picked":"Force Field","floor":31},{"not_picked":["Fission","Hyperbeam"],"picked":"Electrodynamics","floor":33},{"not_picked":["Stack","Turbo","Rip and Tear"],"picked":"Singing Bowl","floor":35},{"not_picked":["Secret Weapon","Madness","Good Instincts"],"picked":"Singing Bowl","floor":38},{"not_picked":["Redo+1","Stack+1"],"picked":"Chill+1","floor":41},{"not_picked":["Go for the Eyes","Lockon+1","Undo"],"picked":"Singing Bowl","floor":45},{"not_picked":["Sweeping Beam","Compile Driver+1","Rebound"],"picked":"Singing Bowl","floor":47},{"not_picked":["Ball Lightning+1","Gash+1"],"picked":"Cold Snap+1","floor":48},{"not_picked":["Lockon+1","Self Repair+1"],"picked":"Loop+1","floor":54}],"player_experience":266578,"relics_obtained":[{"floor":9,"key":"Oddly Smooth Stone"},{"floor":14,"key":"Whetstone"},{"floor":23,"key":"Red Mask"},{"floor":24,"key":"Regal Pillow"},{"floor":26,"key":"Singing Bowl"},{"floor":28,"key":"Blood Vial"},{"floor":34,"key":"Lantern"},{"floor":34,"key":"Pantograph"},{"floor":34,"key":"Peace Pipe"},{"floor":39,"key":"Gremlin Horn"},{"floor":47,"key":"Bag of Marbles"},{"floor":54,"key":"War Paint"}],"event_choices":[{"damage_healed":0,"gold_gain":0,"player_choice":"Donut","damage_taken":0,"max_hp_gain":5,"max_hp_loss":0,"event_name":"Big Fish","floor":3,"gold_loss":0},{"damage_healed":0,"gold_gain":99,"player_choice":"Stole From Cult","damage_taken":0,"max_hp_gain":0,"max_hp_loss":0,"event_name":"Nest","floor":19,"gold_loss":0},{"damage_healed":0,"gold_gain":0,"player_choice":"Ignored","damage_taken":0,"max_hp_gain":0,"max_hp_loss":0,"event_name":"Vampires","floor":20,"gold_loss":0},{"damage_healed":0,"gold_gain":0,"player_choice":"Fought Bandits","damage_taken":0,"max_hp_gain":0,"max_hp_loss":0,"event_name":"Masked Bandits","floor":23,"gold_loss":0},{"damage_healed":0,"gold_gain":0,"player_choice":"Embrace Madness","damage_taken":11,"max_hp_gain":0,"max_hp_loss":0,"event_name":"Winding Halls","floor":37,"gold_loss":0,"cards_obtained":["Madness","Madness"]},{"damage_healed":0,"gold_gain":0,"player_choice":"Memory 1","damage_taken":0,"max_hp_gain":0,"max_hp_loss":0,"event_name":"SensoryStone","floor":38,"gold_loss":0}],"is_beta":false,"boss_relics":[{"not_picked":["Fusion Hammer","Astrolabe"],"picked":"Pandora\u0027s Box"},{"not_picked":["Eternal Feather","Orrery"],"picked":"Calling Bell"}],"items_purged_floors":[13,30,53],"is_endless":false,"potions_floor_spawned":[4,5,7,10,16,18,22,28,31,33,48],"killed_by":"The Heart","ascension_level":0}