{"gold_per_floor":[112,73,148,85,98,98,133,58,58,69,34,44,44,59,59,164,164,184,194,214,214,114,114,133,95,95,95,109,29,39,56,56,161,161,173,193,193,212,212],"floor_reached":39,"playtime":2704,"items_purged":["Defend_G","Strike_G"],"score":410,"play_id":"44743e21-99c9-4f22-8eb9-ba60d25ff698","local_time":"20190815184255","is_ascension_mode":false,"campfire_choices":[{"data":"Calculated Gamble","floor":6,"key":"SMITH"},{"floor":13,"key":"REST"},{"data":"Blade Dance","floor":15,"key":"SMITH"},{"data":"Bullet Time","floor":23,"key":"SMITH"},{"floor":27,"key":"REST"},{"floor":32,"key":"REST"}],"neow_cost":"PERCENT_DAMAGE","seed_source_timestamp":20287767654700,"circlet_count":0,"master_deck":["Strike_G","Strike_G","Strike_G","Strike_G","Defend_G","Defend_G","Defend_G","Defend_G","Survivor","Neutralize","Dagger Spray","Dash","Calculated Gamble+1","Well Laid Plans","Blade Dance+1","Sucker Punch","Dagger Throw","Bullet Time+1","Escape Plan+1","Backstab","Choke","Infinite Blades","Caltrops","Terror","Outmaneuver+1","A Thousand Cuts","Blur+1","Sadistic Nature"],"relics":["Ring of the Snake","Kunai","Regal Pillow","Runic Pyramid","Singing Bowl","Strawberry","WristBlade"],"potions_floor_usage":[16,16,20,24,24,33,33,33,38,39],"damage_taken":[{"damage":2,"enemies":"Small Slimes","floor":1,"turns":4},{"damage":0,"enemies":"Cultist","floor":5,"turns":3},{"damage":48,"enemies":"Lagavulin","floor":7,"turns":14},{"damage":0,"enemies":"2 Louse","floor":10,"turns":2},{"damage":6,"enemies":"2 Fungi Beasts","floor":12,"turns":3},{"damage":0,"enemies":"3 Louse","floor":14,"turns":3},{"damage":13,"enemies":"Hexaghost","floor":16,"turns":11},{"damage":0,"enemies":"3 Byrds","floor":18,"turns":4},{"damage":9,"enemies":"Chosen","floor":19,"turns":6},{"damage":12,"enemies":"3 Cultists","floor":20,"turns":6},{"damage":41,"enemies":"Cultist and Chosen","floor":24,"turns":9},{"damage":15,"enemies":"Snake Plant","floor":28,"turns":5},{"damage":8,"enemies":"Snecko","floor":30,"turns":5},{"damage":8,"enemies":"Centurion and Healer","floor":31,"turns":6},{"damage":58,"enemies":"Automaton","floor":33,"turns":11},{"damage":37,"enemies":"3 Shapes","floor":35,"turns":4},{"damage":17,"enemies":"3 Darklings","floor":36,"turns":5},{"damage":19,"enemies":"Sphere and 2 Shapes","floor":38,"turns":5},{"damage":30,"enemies":"Jaw Worm Horde","floor":39,"turns":3}],"seed_played":"1050950642800650761","potions_obtained":[{"floor":5,"key":"LiquidBronze"},{"floor":7,"key":"Energy Potion"},{"floor":12,"key":"Poison Potion"},{"floor":16,"key":"Weak Potion"},{"floor":19,"key":"Strength Potion"},{"floor":20,"key":"FearPotion"},{"floor":28,"key":"GhostInAJar"},{"floor":30,"key":"PowerPotion"},{"floor":33,"key":"Energy Potion"},{"floor":35,"key":"Block Potion"}],"is_trial":false,"path_per_floor":["M","$","?","?","M","R","E","$","T","M","?","M","R","M","R","B",null,"M","M","M","?","$","R","M","$","T","R","M","$","M","M","R","B",null,"M","M","?","M","M"],"character_chosen":"THE_SILENT","items_purchased":["Dash","Infinite Blades","Terror"],"campfire_rested":3,"item_purchase_floors":[2,25,29],"current_hp_per_floor":[61,61,50,50,50,50,2,2,2,2,23,17,57,57,57,44,84,84,75,63,63,63,63,24,24,31,73,58,58,52,44,87,29,95,58,43,43,26,0],"gold":212,"neow_bonus":"TWENTY_PERCENT_HP_BONUS","is_prod":false,"is_daily":false,"chose_seed":false,"campfire_upgraded":3,"win_rate":0,"timestamp":1565887375,"path_taken":["M","$","?","?","?","R","E","$","T","M","?","M","R","M","R","BOSS","M","M","M","?","$","R","M","$","T","R","M","$","M","M","R","BOSS","M","M","?","M","M"],"build_version":"2019-07-17","purchased_purges":2,"victory":false,"max_hp_per_floor":[84,84,84,84,84,84,84,84,84,84,84,84,84,84,84,84,84,84,84,84,84,84,84,86,86,93,93,93,93,95,95,95,95,95,95,97,97,99,99],"card_choices":[{"not_picked":["PiercingWail","Backstab"],"picked":"Dagger Spray","floor":1},{"not_picked":["Blade Dance","Deflect"],"picked":"Calculated Gamble","floor":5},{"not_picked":["Infinite Blades","Finisher"],"picked":"Well Laid Plans","floor":7},{"not_picked":["Outmaneuver","Prepared"],"picked":"Blade Dance","floor":10},{"not_picked":["Underhanded Strike","Bane"],"picked":"Sucker Punch","floor":12},{"not_picked":["Catalyst","Bane"],"picked":"Dagger Throw","floor":14},{"not_picked":["Glass Knife","Tools of the Trade"],"picked":"Bullet Time","floor":16},{"not_picked":["Slice","Deadly Poison"],"picked":"Escape Plan+1","floor":18},{"not_picked":["Acrobatics","Dodge and Roll+1"],"picked":"Backstab","floor":19},{"not_picked":["Cloak And Dagger","Deflect"],"picked":"Choke","floor":20},{"not_picked":["Bullet Time","Eviscerate+1","Slice"],"picked":"Singing Bowl","floor":24},{"not_picked":["Backflip","Acrobatics+1"],"picked":"Caltrops","floor":28},{"not_picked":["Choke+1","Dagger Throw+1","Sucker Punch+1"],"picked":"Singing Bowl","floor":30},{"not_picked":["Blade Dance","Dagger Spray+1"],"picked":"Outmaneuver+1","floor":31},{"not_picked":["Burst","Night Terror"],"picked":"A Thousand Cuts","floor":33},{"not_picked":["Blade Dance+1","Cloak And Dagger+1"],"picked":"Blur+1","floor":35},{"not_picked":["Deadly Poison","Infinite Blades+1","All Out Attack"],"picked":"Singing Bowl","floor":36},{"not_picked":["PanicButton","Enlightenment"],"picked":"Sadistic Nature","floor":37},{"not_picked":["Infinite Blades+1","Slice+1","Tactician"],"picked":"Singing Bowl","floor":38}],"player_experience":94362,"relics_obtained":[{"floor":7,"key":"Regal Pillow"},{"floor":26,"key":"Strawberry"}],"event_choices":[{"damage_healed":0,"gold_gain":75,"player_choice":"Gather Gold","damage_taken":11,"max_hp_gain":0,"max_hp_loss":0,"event_name":"World of Goop","floor":3,"gold_loss":0},{"damage_healed":0,"gold_gain":0,"player_choice":"Paid Gold","damage_taken":0,"relics_obtained":["Kunai"],"max_hp_gain":0,"max_hp_loss":0,"event_name":"WeMeetAgain","floor":4,"gold_loss":63},{"damage_healed":21,"gold_gain":0,"player_choice":"Healed","damage_taken":0,"max_hp_gain":0,"max_hp_loss":0,"event_name":"The Cleric","floor":11,"gold_loss":35},{"damage_healed":0,"gold_gain":0,"player_choice":"Opened","damage_taken":0,"relics_obtained":["Singing Bowl"],"max_hp_gain":0,"max_hp_loss":0,"event_name":"The Mausoleum","floor":21,"gold_loss":0},{"damage_healed":0,"gold_gain":0,"player_choice":"Memory 1","damage_taken":0,"max_hp_gain":0,"max_hp_loss":0,"event_name":"SensoryStone","floor":37,"gold_loss":0}],"is_beta":false,"boss_relics":[{"not_picked":["Orrery","Sozu"],"picked":"Runic Pyramid"},{"not_picked":["Calling Bell","Philosopher\u0027s Stone"],"picked":"WristBlade"}],"items_purged_floors":[8,22],"is_endless":false,"potions_floor_spawned":[5,7,12,14,16,19,20,28,30,33,35],"killed_by":"Jaw Worm Horde","ascension_level":0}