{"gold_per_floor":[116,130,130,130,145,145,161,161,213,246,246,258,272,283,283,360,360,370,380,380,40,59,59,76,110,133,147,147,147,147,173,173,247,247,261,261,261,276,276,276,293,327,351,386,409,409,363,377,377,377,377,377,23,50,50],"floor_reached":56,"playtime":2543,"items_purged":[],"score":2095,"play_id":"2d492f7a-bdb2-4175-bb4d-6d491fbb5d3d","local_time":"20190813233938","is_ascension_mode":true,"campfire_choices":[{"data":"Combust","floor":6,"key":"SMITH"},{"data":"Clothesline","floor":8,"key":"SMITH"},{"data":"Whirlwind","floor":11,"key":"SMITH"},{"data":"Evolve","floor":15,"key":"SMITH"},{"data":"Juggernaut","floor":23,"key":"SMITH"},{"floor":29,"key":"REST"},{"floor":32,"key":"REST"},{"floor":40,"key":"RECALL"},{"data":"Disarm","floor":46,"key":"SMITH"},{"data":"Apotheosis","floor":49,"key":"SMITH"},{"data":"Corruption","floor":52,"key":"SMITH"}],"neow_cost":"NONE","seed_source_timestamp":2956023538134813,"circlet_count":0,"master_deck":["AscendersBane","Bash+1","Clothesline+1","Combust+1","Whirlwind+1","Evolve+1","Anger","Power Through","Juggernaut+1","Dual Wield","Disarm+1","Sever Soul","Inflame","Shockwave","Double Tap","Reaper","Spot Weakness","Ghostly Armor+1","Flame Barrier","Power Through","Offering+1","Feed","Corruption+1","Apotheosis+1","Dark Shackles","Secret Weapon","Inflame","Heavy Blade+1","Flame Barrier+1","Warcry+1","Warcry+1","Shockwave+1","Offering+1","Feel No Pain","Fiend Fire","True Grit+1"],"special_seed":0,"relics":["Burning Blood","Orichalcum","Regal Pillow","Pandora\u0027s Box","FaceOfCleric","Art of War","OrangePellets","Sundial","Centennial Puzzle","StoneCalendar","Coffee Dripper","Toxic Egg 2","Mummified Hand","Red Skull","Oddly Smooth Stone"],"potions_floor_usage":[7,16,19,25,27,50],"damage_taken":[{"damage":7.0,"enemies":"Jaw Worm","floor":1.0,"turns":3.0},{"damage":7.0,"enemies":"2 Louse","floor":2.0,"turns":3.0},{"damage":1,"enemies":"Cultist","floor":5,"turns":4},{"damage":5,"enemies":"Large Slime","floor":7,"turns":4},{"damage":9,"enemies":"Gremlin Nob","floor":10,"turns":4},{"damage":8,"enemies":"Red Slaver","floor":12,"turns":3},{"damage":3,"enemies":"2 Fungi Beasts","floor":13,"turns":3},{"damage":6,"enemies":"Looter","floor":14,"turns":3},{"damage":5,"enemies":"Slime Boss","floor":16,"turns":6},{"damage":16,"enemies":"Chosen","floor":18,"turns":5},{"damage":26,"enemies":"Spheric Guardian","floor":19,"turns":5},{"damage":17,"enemies":"Centurion and Healer","floor":22,"turns":8},{"damage":12,"enemies":"Cultist and Chosen","floor":24,"turns":6},{"damage":18,"enemies":"Book of Stabbing","floor":25,"turns":6},{"damage":9,"enemies":"3 Cultists","floor":27,"turns":3},{"damage":44,"enemies":"Gremlin Leader","floor":31,"turns":9},{"damage":95,"enemies":"Champ","floor":33,"turns":10},{"damage":20,"enemies":"3 Darklings","floor":35,"turns":5},{"damage":13,"enemies":"3 Shapes","floor":38,"turns":4},{"damage":38,"enemies":"3 Darklings","floor":41,"turns":5},{"damage":38,"enemies":"Nemesis","floor":42,"turns":9},{"damage":30,"enemies":"Giant Head","floor":44,"turns":7},{"damage":8,"enemies":"4 Shapes","floor":48,"turns":4},{"damage":92,"enemies":"Time Eater","floor":50,"turns":13},{"damage":16,"enemies":"Shield and Spear","floor":54,"turns":5},{"damage":32,"enemies":"The Heart","floor":55,"turns":6}],"seed_played":"-1351585417707630235","potions_obtained":[{"floor":5,"key":"Explosive Potion"},{"floor":7,"key":"Strength Potion"},{"floor":12,"key":"Poison Potion"},{"floor":18,"key":"SkillPotion"},{"floor":22,"key":"Swift Potion"},{"floor":31,"key":"SpeedPotion"},{"floor":35,"key":"Energy Potion"}],"is_trial":false,"path_per_floor":["M","M","?","?","M","R","M","R","T","E","R","M","M","M","R","B",null,"M","M","?","$","M","R","M","E","T","M","?","R","?","E","R","B",null,"M","?","?","M","?","R","M","E","T","E","T","R","$","M","R","B",null,"R","$","E","B",null],"character_chosen":"IRONCLAD","items_purchased":["Art of War","OrangePellets","Warcry+1","Offering+1","Feel No Pain","Fiend Fire"],"campfire_rested":2,"item_purchase_floors":[21,21,47,53,53,53],"current_hp_per_floor":[67,66,59,59,64,64,65,65,65,62,62,60,63,63,63,64,72,63,43,43,43,51,51,64,53,53,69,46,84,84,47,85,23,70,75,75,65,88,88,88,61,61,61,84,84,84,84,100,100,36,85,85,85,102,93],"gold":50,"neow_bonus":"UPGRADE_CARD","is_prod":false,"is_daily":false,"chose_seed":false,"campfire_upgraded":8,"win_rate":0,"timestamp":1565753978,"path_taken":["M","M","?","?","M","R","?","R","T","E","R","M","?","M","R","BOSS","M","M","?","$","M","R","M","E","T","?","?","R","?","E","R","BOSS","M","?","?","M","?","R","?","E","T","E","?","R","$","M","R","BOSS","R","$","E","BOSS"],"build_version":"2019-07-17","purchased_purges":0,"victory":true,"max_hp_per_floor":[75,75,75,75,75,75,75,75,75,75,75,75,75,75,75,75,75,75,75,75,75,76,76,77,78,78,79,84,84,84,85,85,86,86,87,83,83,88,88,88,93,94,94,95,95,95,95,100,100,101,101,101,101,102,103],"card_choices":[{"not_picked":["Clash","Thunderclap"],"picked":"Clothesline","floor":1.0},{"not_picked":["Perfected Strike","Clothesline","Thunderclap"],"picked":"SKIP","floor":2},{"not_picked":["Wild Strike","Warcry"],"picked":"Combust","floor":5},{"not_picked":["Bloodletting","Fire Breathing","Sword Boomerang"],"picked":"SKIP","floor":7},{"not_picked":["Iron Wave","Metallicize"],"picked":"Whirlwind","floor":10},{"not_picked":["Clash","Perfected Strike"],"picked":"Evolve","floor":12},{"not_picked":["Fire Breathing","Carnage"],"picked":"Anger","floor":13},{"not_picked":["Warcry","Twin Strike"],"picked":"Power Through","floor":14},{"not_picked":["Limit Break","Dark Embrace"],"picked":"Juggernaut","floor":16},{"not_picked":["Heavy Blade","Headbutt","Pommel Strike"],"picked":"SKIP","floor":18},{"not_picked":["Flame Barrier","Perfected Strike"],"picked":"Ghostly Armor+1","floor":19},{"not_picked":["Dropkick","Cleave+1"],"picked":"Flame Barrier","floor":22},{"not_picked":["Fire Breathing","Cleave"],"picked":"Power Through","floor":24},{"not_picked":["Whirlwind","Clothesline","Anger"],"picked":"SKIP","floor":25},{"not_picked":["Shrug It Off","Hemokinesis","Heavy Blade"],"picked":"SKIP","floor":27},{"not_picked":["Twin Strike","Inflame"],"picked":"Offering","floor":31},{"not_picked":["Bludgeon","Demon Form"],"picked":"Feed","floor":33},{"not_picked":["Second Wind","Iron Wave"],"picked":"Corruption","floor":35},{"not_picked":["Dramatic Entrance","Sadistic Nature"],"picked":"Apotheosis","floor":37},{"not_picked":["Dramatic Entrance","Secret Technique"],"picked":"Dark Shackles","floor":37},{"not_picked":["Panache","Dramatic Entrance"],"picked":"Secret Weapon","floor":37},{"not_picked":["Blood for Blood","Armaments"],"picked":"Inflame","floor":38},{"not_picked":["Flame Barrier","Second Wind"],"picked":"Heavy Blade+1","floor":41},{"not_picked":["Brutality","Bludgeon"],"picked":"Flame Barrier+1","floor":42},{"not_picked":["Heavy Blade","Clash"],"picked":"Warcry+1","floor":44},{"not_picked":["Armaments+1","Rupture"],"picked":"Shockwave+1","floor":48},{"not_picked":["Bludgeon","Perfected Strike"],"picked":"True Grit+1","floor":54}],"player_experience":2680969,"relics_obtained":[{"floor":9,"key":"Orichalcum"},{"floor":10,"key":"Regal Pillow"},{"floor":25,"key":"Sundial"},{"floor":26,"key":"Centennial Puzzle"},{"floor":31,"key":"StoneCalendar"},{"floor":42,"key":"Toxic Egg 2"},{"floor":44,"key":"Mummified Hand"},{"floor":45,"key":"Red Skull"},{"floor":54,"key":"Oddly Smooth Stone"}],"event_choices":[{"cards_removed":["Strike_R"],"damage_healed":0,"gold_gain":0,"player_choice":"Card Removal","damage_taken":7,"max_hp_gain":0,"max_hp_loss":0,"event_name":"Golden Wing","floor":3,"gold_loss":0},{"damage_healed":0,"gold_gain":0,"player_choice":"Ignored","damage_taken":0,"max_hp_gain":0,"max_hp_loss":0,"event_name":"Liars Game","floor":4,"gold_loss":0},{"damage_healed":0,"gold_gain":0,"player_choice":"Trade","damage_taken":0,"relics_obtained":["FaceOfCleric"],"max_hp_gain":0,"max_hp_loss":0,"event_name":"FaceTrader","floor":20,"gold_loss":0},{"damage_healed":0,"gold_gain":0,"player_choice":"Shed Blood","damage_taken":28,"max_hp_gain":5,"max_hp_loss":0,"event_name":"Forgotten Altar","floor":28,"gold_loss":0},{"damage_healed":0,"gold_gain":0,"player_choice":"Ignored","damage_taken":0,"max_hp_gain":0,"max_hp_loss":0,"event_name":"The Mausoleum","floor":30,"gold_loss":0},{"damage_healed":0,"gold_gain":0,"player_choice":"Max HP","damage_taken":0,"max_hp_gain":0,"max_hp_loss":4,"event_name":"Winding Halls","floor":36,"gold_loss":0},{"damage_healed":0,"gold_gain":0,"player_choice":"Memory 3","damage_taken":10,"max_hp_gain":0,"max_hp_loss":0,"event_name":"SensoryStone","floor":37,"gold_loss":0},{"damage_healed":0,"gold_gain":0,"player_choice":"Forge","damage_taken":0,"max_hp_gain":0,"max_hp_loss":0,"event_name":"Accursed Blacksmith","floor":39,"gold_loss":0,"cards_upgraded":["Offering"]}],"is_beta":false,"boss_relics":[{"not_picked":["Lizard Tail","Astrolabe"],"picked":"Pandora\u0027s Box"},{"not_picked":["Velvet Choker","Orrery"],"picked":"Coffee Dripper"}],"items_purged_floors":[],"is_endless":false,"potions_floor_spawned":[5,7,12,18,22,31,35,41],"ascension_level":15}