{"gold_per_floor":[114,39,39,51,67,100,100,159,229,247,247,275,285,316,316,389,389,405,458,474,489,51,79,91,126,178,207,220,235,335,364,364,443,443,456,331,331,351,66,99,117,142,168,182,182,209,209,219,219,219,219,219,142,170,170],"floor_reached":56,"playtime":2169,"items_purged":["Regret","Pain","Strike_R"],"score":2907,"play_id":"ba7aa24c-3c8c-460f-9d20-2a87f7480f38","local_time":"20190706170242","is_ascension_mode":true,"campfire_choices":[{"data":"Immolate","floor":7,"key":"SMITH"},{"data":"Bash","floor":11,"key":"SMITH"},{"data":"Flame Barrier","floor":15,"key":"SMITH"},{"data":"1","floor":32,"key":"LIFT"},{"floor":47,"key":"RECALL"},{"data":"2","floor":49,"key":"LIFT"},{"data":"3","floor":52,"key":"LIFT"}],"neow_cost":"CURSE","seed_source_timestamp":153442720742544,"circlet_count":0,"master_deck":["AscendersBane","Strike_R","Strike_R","Strike_R","Strike_R","Defend_R","Defend_R","Defend_R","Defend_R","Bash+1","Immolate+1","Anger","Carnage","Flame Barrier+1","Inflame","Headbutt","Shrug It Off","Feed","Burning Pact+1","Corruption+1","Heavy Blade","Shrug It Off","Flame Barrier","Feed","Demon Form","Dark Embrace","Flame Barrier+1","Feel No Pain"],"relics":["Burning Blood","WarpedTongs","Torii","Tiny Chest","Meat on the Bone","Shuriken","Blood Vial","Snecko Eye","Pen Nib","Dead Branch","Anchor","Bag of Marbles","Oddly Smooth Stone","Strawberry","Girya","Mummified Hand","Sundial","Sozu","FossilizedHelix","Pear","Vajra","Ice Cream","Ornamental Fan"],"potions_floor_usage":[8,55],"damage_taken":[{"damage":2,"enemies":"Jaw Worm","floor":1,"turns":3},{"damage":0,"enemies":"Cultist","floor":4,"turns":2},{"damage":7,"enemies":"Small Slimes","floor":5,"turns":3},{"damage":32,"enemies":"Lagavulin","floor":6,"turns":6},{"damage":1,"enemies":"3 Sentries","floor":8,"turns":4},{"damage":20,"enemies":"Looter","floor":10,"turns":3},{"damage":26,"enemies":"Lagavulin","floor":12,"turns":6},{"damage":8,"enemies":"Blue Slaver","floor":13,"turns":2},{"damage":17,"enemies":"3 Sentries","floor":14,"turns":7},{"damage":8,"enemies":"Slime Boss","floor":16,"turns":7},{"damage":17,"enemies":"3 Byrds","floor":18,"turns":4},{"damage":15,"enemies":"Chosen","floor":20,"turns":2},{"damage":4,"enemies":"Snake Plant","floor":21,"turns":2},{"damage":6,"enemies":"Gremlin Leader","floor":23,"turns":3},{"damage":1,"enemies":"Cultist and Chosen","floor":24,"turns":6},{"damage":14,"enemies":"Slavers","floor":25,"turns":4},{"damage":20,"enemies":"Book of Stabbing","floor":27,"turns":4},{"damage":3,"enemies":"3 Cultists","floor":28,"turns":4},{"damage":3,"enemies":"Snecko","floor":29,"turns":3},{"damage":0,"enemies":"Colosseum Slavers","floor":30,"turns":4},{"damage":0,"enemies":"Colosseum Nobs","floor":30,"turns":2},{"damage":0,"enemies":"Gremlin Leader","floor":31,"turns":3},{"damage":10,"enemies":"Collector","floor":33,"turns":5},{"damage":0,"enemies":"Orb Walker","floor":35,"turns":3},{"damage":0,"enemies":"3 Shapes","floor":38,"turns":2},{"damage":0,"enemies":"Giant Head","floor":40,"turns":4},{"damage":0,"enemies":"3 Darklings","floor":41,"turns":2},{"damage":0,"enemies":"Reptomancer","floor":42,"turns":2},{"damage":18,"enemies":"Spire Growth","floor":44,"turns":3},{"damage":0,"enemies":"Nemesis","floor":46,"turns":3},{"damage":6,"enemies":"Jaw Worm Horde","floor":48,"turns":4},{"damage":0,"enemies":"Awakened One","floor":50,"turns":5},{"damage":0,"enemies":"Shield and Spear","floor":54,"turns":3},{"damage":0,"enemies":"The Heart","floor":55,"turns":5}],"seed_played":"6165002702881663124","potions_obtained":[{"floor":1,"key":"GamblersBrew"},{"floor":6,"key":"Block Potion"},{"floor":8,"key":"Ancient Potion"},{"floor":12,"key":"PowerPotion"}],"is_trial":false,"path_per_floor":["M","$","?","M","M","E","R","E","T","M","R","E","M","E","R","B",null,"M","T","M","M","$","E","M","E","T","E","M","M","?","E","R","B",null,"M","$","?","M","$","E","M","E","T","M","$","E","R","M","R","B",null,"R","$","E","B",null],"character_chosen":"IRONCLAD","items_purchased":["Dead Branch","Shrug It Off","FossilizedHelix","Feel No Pain"],"campfire_rested":0,"item_purchase_floors":[22,22,39,53],"current_hp_per_floor":[72,72,72,75,74,48,48,53,53,51,51,43,53,54,54,54,70,65,65,61,65,65,67,78,75,75,70,78,86,102,105,105,105,108,112,112,112,115,115,125,125,128,128,120,120,131,131,139,139,147,147,147,147,150,153],"gold":170,"neow_bonus":"THREE_RARE_CARDS","is_prod":false,"is_daily":false,"chose_seed":false,"campfire_upgraded":3,"win_rate":0,"timestamp":1562446962,"path_taken":["M","$","?","M","M","E","R","E","T","M","R","E","M","E","R","BOSS","M","?","?","M","$","E","M","E","T","E","M","M","?","E","R","BOSS","M","$","?","M","$","E","M","E","T","M","$","E","R","M","R","BOSS","R","$","E","BOSS"],"build_version":"2019-07-03","purchased_purges":3,"victory":true,"max_hp_per_floor":[75,75,75,75,75,75,75,75,75,75,75,75,75,75,75,75,75,79,79,82,82,82,82,86,89,89,96,99,102,102,105,105,109,109,112,112,112,115,115,125,125,128,128,132,132,135,135,141,141,147,147,147,147,150,153],"card_choices":[{"not_picked":["Exhume","Bludgeon"],"picked":"Immolate","floor":0},{"not_picked":["Perfected Strike","Sword Boomerang"],"picked":"Anger","floor":1},{"not_picked":["Pummel","Heavy Blade"],"picked":"Carnage","floor":4},{"not_picked":["Searing Blow","Body Slam"],"picked":"Flame Barrier","floor":5},{"not_picked":["Sword Boomerang","Iron Wave"],"picked":"Inflame","floor":6},{"not_picked":["Hemokinesis","Dark Embrace"],"picked":"Headbutt","floor":8},{"not_picked":["Body Slam","Warcry","Infernal Blade"],"picked":"SKIP","floor":10},{"not_picked":["Cleave","Bludgeon"],"picked":"Shrug It Off","floor":12},{"not_picked":["Clothesline","Thunderclap","Body Slam"],"picked":"SKIP","floor":13},{"not_picked":["Power Through","Reckless Charge","Intimidate"],"picked":"SKIP","floor":14},{"not_picked":["Dark Embrace","Reaper"],"picked":"Feed","floor":16},{"not_picked":["Pommel Strike","Sever Soul"],"picked":"Burning Pact+1","floor":18},{"not_picked":["Anger","Armaments"],"picked":"Corruption+1","floor":20},{"not_picked":["Hemokinesis","Sword Boomerang"],"picked":"Heavy Blade","floor":21},{"not_picked":["Dropkick","Heavy Blade","Twin Strike"],"picked":"SKIP","floor":23},{"not_picked":["Uppercut","Armaments"],"picked":"Flame Barrier","floor":24},{"not_picked":["Cleave","Heavy Blade","Pommel Strike"],"picked":"SKIP","floor":25},{"not_picked":["Body Slam","Double Tap","Headbutt+1"],"picked":"SKIP","floor":27},{"not_picked":["Cleave","Iron Wave","Clash"],"picked":"SKIP","floor":28},{"not_picked":["Battle Trance","Body Slam","Perfected Strike"],"picked":"SKIP","floor":29},{"not_picked":["Cleave","Reckless Charge"],"picked":"Feed","floor":31},{"not_picked":["Impervious","Feed"],"picked":"Demon Form","floor":33},{"not_picked":["Rampage+1","Flex","Wild Strike+1"],"picked":"SKIP","floor":35},{"not_picked":["Perfected Strike+1","Evolve","Havoc"],"picked":"SKIP","floor":38},{"not_picked":["Intimidate","Seeing Red"],"picked":"Dark Embrace","floor":40},{"not_picked":["Iron Wave","Anger","Rampage"],"picked":"SKIP","floor":41},{"not_picked":["Warcry","Body Slam","Cleave"],"picked":"SKIP","floor":42},{"not_picked":["Reckless Charge","Twin Strike","Clash"],"picked":"SKIP","floor":44},{"not_picked":["Reckless Charge","Blood for Blood"],"picked":"Flame Barrier+1","floor":46},{"not_picked":["Shrug It Off","Anger","Armaments"],"picked":"SKIP","floor":48},{"not_picked":["Armaments","Rupture","Inflame"],"picked":"SKIP","floor":54}],"player_experience":2596531,"relics_obtained":[{"floor":6,"key":"Torii"},{"floor":8,"key":"Tiny Chest"},{"floor":9,"key":"Meat on the Bone"},{"floor":12,"key":"Shuriken"},{"floor":14,"key":"Blood Vial"},{"floor":19,"key":"Pen Nib"},{"floor":23,"key":"Anchor"},{"floor":25,"key":"Bag of Marbles"},{"floor":26,"key":"Oddly Smooth Stone"},{"floor":27,"key":"Strawberry"},{"floor":30,"key":"Girya"},{"floor":30,"key":"Mummified Hand"},{"floor":31,"key":"Sundial"},{"floor":40,"key":"Pear"},{"floor":42,"key":"Vajra"},{"floor":46,"key":"Ice Cream"},{"floor":54,"key":"Ornamental Fan"}],"event_choices":[{"damage_healed":0,"gold_gain":0,"player_choice":"Rummage","damage_taken":0,"relics_obtained":["WarpedTongs"],"max_hp_gain":0,"max_hp_loss":0,"event_name":"Accursed Blacksmith","floor":3,"gold_loss":0,"cards_obtained":["Pain"]},{"damage_healed":0,"gold_gain":0,"player_choice":"Fight","damage_taken":0,"max_hp_gain":0,"max_hp_loss":0,"event_name":"Colosseum","floor":30,"gold_loss":0},{"damage_healed":0,"gold_gain":0,"player_choice":"Fought Nobs","damage_taken":0,"max_hp_gain":0,"max_hp_loss":0,"event_name":"Colosseum","floor":30,"gold_loss":0},{"damage_healed":0,"gold_gain":0,"player_choice":"Ignored","damage_taken":0,"max_hp_gain":0,"max_hp_loss":0,"event_name":"Tomb of Lord Red Mask","floor":37,"gold_loss":0}],"is_beta":true,"boss_relics":[{"not_picked":["Astrolabe","Coffee Dripper"],"picked":"Snecko Eye"},{"not_picked":["Black Blood","Eternal Feather"],"picked":"Sozu"}],"items_purged_floors":[2,22,36],"is_endless":false,"potions_floor_spawned":[1,6,8,12,14,16,18,21,23,25,30,40,44,54],"ascension_level":15}