{"gold_per_floor":[115,134,24,24,24,56,72,88,170,184,212,226,256,256,256,256],"floor_reached":16,"playtime":502,"items_purged":[],"score":257,"play_id":"b1aabd8d-e262-447b-a878-faadfb32143b","local_time":"20190812225038","is_ascension_mode":true,"campfire_choices":[{"data":"Armaments","floor":15,"key":"SMITH"}],"neow_cost":"NONE","seed_source_timestamp":2868751307217843,"circlet_count":0,"master_deck":["AscendersBane","Strike_R","Strike_R","Strike_R","Strike_R","Strike_R","Defend_R","Defend_R","Defend_R","Defend_R","Bash","Armaments+1","Juggernaut","Metallicize","Carnage","Pain","Spot Weakness","Iron Wave"],"relics":["Burning Blood","NeowsBlessing","WarpedTongs","Unceasing Top","Kunai","Centennial Puzzle","Bottled Flame"],"potions_floor_usage":[11,16],"damage_taken":[{"damage":0,"enemies":"2 Louse","floor":1,"turns":1},{"damage":0,"enemies":"Cultist","floor":2,"turns":1},{"damage":0,"enemies":"Lagavulin","floor":6,"turns":1},{"damage":12,"enemies":"Small Slimes","floor":7,"turns":2},{"damage":11,"enemies":"Exordium Thugs","floor":8,"turns":6},{"damage":10,"enemies":"Looter","floor":10,"turns":3},{"damage":9,"enemies":"3 Sentries","floor":11,"turns":5},{"damage":20,"enemies":"Lots of Slimes","floor":12,"turns":5},{"damage":32,"enemies":"Gremlin Nob","floor":13,"turns":5},{"damage":18,"enemies":"Hexaghost","floor":16,"turns":7}],"seed_played":"5698629155965950104","potions_obtained":[{"floor":7,"key":"GamblersBrew"},{"floor":10,"key":"Dexterity Potion"},{"floor":12,"key":"SpeedPotion"},{"floor":14,"key":"PowerPotion"}],"is_trial":false,"path_per_floor":["M","M","$","?","?","E","M","M","T","M","E","M","E","?","R","B"],"character_chosen":"IRONCLAD","items_purchased":["Metallicize","Carnage"],"campfire_rested":0,"item_purchase_floors":[3,3],"current_hp_per_floor":[74,75,75,75,75,75,69,64,64,60,57,43,17,17,17,0],"gold":256,"neow_bonus":"THREE_ENEMY_KILL","is_prod":false,"is_daily":false,"chose_seed":false,"campfire_upgraded":1,"win_rate":0,"timestamp":1565664638,"path_taken":["M","M","$","?","?","E","?","M","T","M","E","M","E","?","R","BOSS"],"build_version":"2019-07-17","purchased_purges":0,"victory":false,"max_hp_per_floor":[75,75,75,75,75,75,75,75,75,75,75,75,75,75,75,75],"card_choices":[{"not_picked":["Havoc","Heavy Blade"],"picked":"Armaments","floor":1},{"not_picked":["Heavy Blade","Clothesline"],"picked":"Juggernaut","floor":2},{"not_picked":["Cleave","Armaments","Intimidate"],"picked":"SKIP","floor":6},{"not_picked":["Rage","Second Wind"],"picked":"Spot Weakness","floor":7},{"not_picked":["Iron Wave","Heavy Blade","Twin Strike"],"picked":"SKIP","floor":8},{"not_picked":["Twin Strike","Clothesline"],"picked":"Iron Wave","floor":10},{"not_picked":["Carnage","Fire Breathing","Combust"],"picked":"SKIP","floor":11},{"not_picked":["Carnage","Fire Breathing","Combust"],"picked":"SKIP","floor":11},{"not_picked":["Cleave","Clothesline","Entrench"],"picked":"SKIP","floor":12},{"not_picked":["Dropkick","Pommel Strike","Cleave"],"picked":"SKIP","floor":13}],"player_experience":2677774,"relics_obtained":[{"floor":6,"key":"Unceasing Top"},{"floor":9,"key":"Kunai"},{"floor":11,"key":"Centennial Puzzle"},{"floor":13,"key":"Bottled Flame"}],"event_choices":[{"damage_healed":0,"gold_gain":0,"player_choice":"Ignored","damage_taken":0,"max_hp_gain":0,"max_hp_loss":0,"event_name":"Liars Game","floor":4,"gold_loss":0},{"damage_healed":0,"gold_gain":0,"player_choice":"Rummage","damage_taken":0,"relics_obtained":["WarpedTongs"],"max_hp_gain":0,"max_hp_loss":0,"event_name":"Accursed Blacksmith","floor":5,"gold_loss":0,"cards_obtained":["Pain"]},{"damage_healed":0,"gold_gain":0,"player_choice":"Got Potions","damage_taken":0,"max_hp_gain":0,"max_hp_loss":0,"event_name":"Lab","floor":14,"gold_loss":0}],"is_beta":false,"boss_relics":[],"items_purged_floors":[],"is_endless":false,"potions_floor_spawned":[7,10,12],"killed_by":"Hexaghost","ascension_level":15}