{"gold_per_floor":[115,115,290,306,324,324,399,399,426,448,477,503,515],"floor_reached":13,"playtime":458,"items_purged":[],"score":85,"play_id":"ab0d1b01-eab6-49d9-b918-6e477e520f66","local_time":"20190823210626","is_ascension_mode":true,"campfire_choices":[{"data":"Catalyst","floor":6.0,"key":"SMITH"},{"data":"Neutralize","floor":8.0,"key":"SMITH"}],"neow_cost":"TEN_PERCENT_HP_LOSS","seed_source_timestamp":722275897927100,"circlet_count":0,"master_deck":["Strike_G","Strike_G","Strike_G","Strike_G","Strike_G","Defend_G","Defend_G","Defend_G","Defend_G","Defend_G","Survivor","Neutralize+1","Catalyst+1","Poisoned Stab","Cloak And Dagger","Crippling Poison","Bullet Time","Accuracy"],"special_seed":0,"relics":["Ring of the Snake","Bird Faced Urn","Omamori","MawBank"],"potions_floor_usage":[13,13],"damage_taken":[{"damage":6.0,"enemies":"2 Louse","floor":1.0,"turns":2.0},{"damage":0.0,"enemies":"Small Slimes","floor":4.0,"turns":3.0},{"damage":0.0,"enemies":"Jaw Worm","floor":5.0,"turns":3.0},{"damage":0.0,"enemies":"Looter","floor":10.0,"turns":3.0},{"damage":6.0,"enemies":"2 Fungi Beasts","floor":11.0,"turns":3.0},{"damage":12.0,"enemies":"Exordium Thugs","floor":12.0,"turns":6.0},{"damage":22,"enemies":"Gremlin Nob","floor":13,"turns":5}],"seed_played":"6703608974781798663","potions_obtained":[{"floor":4.0,"key":"EssenceOfSteel"},{"floor":5.0,"key":"Dexterity Potion"}],"is_trial":false,"path_per_floor":["M","?","?","M","M","R","?","R","T","M","M","M","E"],"character_chosen":"THE_SILENT","items_purchased":[],"campfire_rested":0,"item_purchase_floors":[],"current_hp_per_floor":[57,39,39,39,39,39,28,28,28,28,22,10,0],"gold":515,"neow_bonus":"ONE_RARE_RELIC","is_prod":false,"is_daily":false,"chose_seed":false,"campfire_upgraded":2,"win_rate":0,"timestamp":1566587186,"path_taken":["M","?","?","M","M","R","?","R","T","M","?","M","E"],"build_version":"2019-07-17","purchased_purges":0,"victory":false,"max_hp_per_floor":[63,63,63,63,63,63,63,63,63,63,63,63,63],"card_choices":[{"not_picked":["Deflect","Sucker Punch"],"picked":"Catalyst","floor":1.0},{"not_picked":["Slice","Dagger Throw"],"picked":"Poisoned Stab","floor":4.0},{"not_picked":["Predator","Reflex"],"picked":"Cloak And Dagger","floor":5.0},{"not_picked":["Predator","Blade Dance"],"picked":"Crippling Poison","floor":10.0},{"not_picked":["Quick Slash","Dodge and Roll"],"picked":"Bullet Time","floor":11.0},{"not_picked":["Endless Agony","Bane"],"picked":"Accuracy","floor":12.0}],"player_experience":166695,"relics_obtained":[{"floor":9.0,"key":"MawBank"}],"event_choices":[{"damage_healed":0.0,"max_hp_gain":0.0,"max_hp_loss":0.0,"gold_gain":0.0,"event_name":"Scrap Ooze","player_choice":"Success","floor":2.0,"gold_loss":0.0,"damage_taken":18.0,"relics_obtained":["Omamori"]},{"damage_healed":0.0,"max_hp_gain":0.0,"max_hp_loss":0.0,"gold_gain":175.0,"event_name":"Liars Game","player_choice":"AGREE","floor":3.0,"gold_loss":0.0,"damage_taken":0.0,"cards_obtained":["Doubt"]},{"damage_healed":0.0,"max_hp_gain":0.0,"max_hp_loss":0.0,"gold_gain":75.0,"event_name":"World of Goop","player_choice":"Gather Gold","floor":7.0,"gold_loss":0.0,"damage_taken":11.0}],"is_beta":false,"boss_relics":[],"items_purged_floors":[],"is_endless":false,"potions_floor_spawned":[4,5],"killed_by":"Gremlin Nob","ascension_level":2}