{"gold_per_floor":[363,363,45,10,25,25,60,60,60,73,102,121,134,145,145,222,222,239,256,256,268,268,268,268,268,318,353,164,494,494,494,494,570,570,580,590,590,515,530,558,558,587,587,615,615,643,643,643,643,643,643,643,155,182,182],"floor_reached":56,"playtime":2420,"items_purged":["Cleave"],"score":2185,"play_id":"0de88cd0-39cd-4eed-b877-6ec74a5ded60","local_time":"20190809193043","is_ascension_mode":true,"campfire_choices":[{"data":"Armaments","floor":6,"key":"SMITH"},{"data":"Bash","floor":8,"key":"SMITH"},{"data":"Feed","floor":15,"key":"SMITH"},{"floor":23,"key":"REST"},{"data":"Fiend Fire","floor":25,"key":"SMITH"},{"data":"J.A.X.","floor":32,"key":"SMITH"},{"floor":41,"key":"RECALL"},{"data":"Feel No Pain","floor":47,"key":"SMITH"},{"data":"Demon Form","floor":49,"key":"SMITH"},{"data":"Feel No Pain","floor":52,"key":"SMITH"}],"neow_cost":"PERCENT_DAMAGE","seed_source_timestamp":2595590233793962,"circlet_count":0,"master_deck":["AscendersBane","Bash+1","Armaments+1","Clothesline","Pommel Strike","Uppercut","Feed+1","Anger","Reaper","Exhume","True Grit","Infernal Blade","Intimidate","Fiend Fire+1","Feel No Pain+1","Thunderclap","Havoc","Disarm","Feel No Pain+1","Seeing Red+1","J.A.X.+1","Heavy Blade","Offering+1","Havoc+1","Disarm+1","Exhume","Secret Weapon+1","Demon Form+1","Corruption"],"relics":["Burning Blood","Pocketwatch","Red Skull","Lantern","Blood Vial","Pandora\u0027s Box","Vajra","Matryoshka","Happy Flower","Old Coin","Sozu","Boot","Oddly Smooth Stone","Juzu Bracelet","Pantograph","Letter Opener","War Paint","Kunai","Bag of Marbles"],"potions_floor_usage":[16,27,33,44,55],"damage_taken":[{"damage":13,"enemies":"Jaw Worm","floor":1,"turns":4},{"damage":3,"enemies":"Small Slimes","floor":5,"turns":4},{"damage":9,"enemies":"3 Sentries","floor":7,"turns":7},{"damage":3,"enemies":"2 Louse","floor":10,"turns":3},{"damage":2,"enemies":"Gremlin Nob","floor":11,"turns":3},{"damage":1,"enemies":"Blue Slaver","floor":12,"turns":4},{"damage":12,"enemies":"Looter","floor":13,"turns":4},{"damage":11,"enemies":"Exordium Thugs","floor":14,"turns":5},{"damage":29,"enemies":"The Guardian","floor":16,"turns":13},{"damage":3,"enemies":"3 Byrds","floor":18,"turns":4},{"damage":20,"enemies":"Chosen","floor":19,"turns":8},{"damage":36,"enemies":"Shelled Parasite and Fungi","floor":21,"turns":6},{"damage":10,"enemies":"Gremlin Leader","floor":27,"turns":7},{"damage":53,"enemies":"Slavers","floor":29,"turns":7},{"damage":23,"enemies":"Collector","floor":33,"turns":7},{"damage":12,"enemies":"Orb Walker","floor":35,"turns":3},{"damage":12,"enemies":"3 Darklings","floor":36,"turns":4},{"damage":18,"enemies":"Writhing Mass","floor":39,"turns":5},{"damage":27,"enemies":"Giant Head","floor":40,"turns":6},{"damage":13,"enemies":"Nemesis","floor":42,"turns":7},{"damage":15,"enemies":"Reptomancer","floor":44,"turns":7},{"damage":34,"enemies":"Nemesis","floor":46,"turns":9},{"damage":20,"enemies":"Time Eater","floor":50,"turns":9},{"damage":21,"enemies":"Shield and Spear","floor":54,"turns":4},{"damage":82,"enemies":"The Heart","floor":55,"turns":9}],"seed_played":"1420286339178284357","potions_obtained":[{"floor":5,"key":"PowerPotion"},{"floor":11,"key":"PowerPotion"},{"floor":16,"key":"SneckoOil"},{"floor":21,"key":"Explosive Potion"},{"floor":29,"key":"Regen Potion"},{"floor":33,"key":"Poison Potion"}],"is_trial":false,"path_per_floor":["M","?","$","?","M","R","E","R","T","M","E","M","M","M","R","B",null,"M","M","?","M","?","R","$","R","T","E","$","E","?","?","R","B",null,"M","M","?","$","M","E","R","E","T","E","?","E","R","$","R","B",null,"R","$","E","B",null],"character_chosen":"IRONCLAD","items_purchased":["Pocketwatch","Armaments","Happy Flower","Feel No Pain","Corruption","War Paint","Kunai"],"campfire_rested":1,"item_purchase_floors":[3,3,28,28,53,53,53],"current_hp_per_floor":[43,43,43,61,64,64,61,61,61,64,68,75,69,70,70,53,76,89,81,53,33,33,65,65,65,65,83,83,78,78,78,78,90,110,110,118,118,118,112,111,111,111,111,135,125,119,119,119,119,130,141,141,141,140,117],"gold":182,"neow_bonus":"TWO_FIFTY_GOLD","is_prod":false,"is_daily":false,"chose_seed":false,"campfire_upgraded":8,"win_rate":0,"timestamp":1565393443,"path_taken":["M","?","$","?","M","R","E","R","T","M","E","M","M","M","R","BOSS","M","M","?","M","?","R","$","R","T","E","$","E","?","?","R","BOSS","M","M","?","$","M","E","R","E","T","E","?","E","R","$","R","BOSS","R","$","E","BOSS"],"build_version":"2019-07-17","purchased_purges":1,"victory":true,"max_hp_per_floor":[75,75,75,75,75,75,75,75,75,75,75,75,75,79,79,83,83,91,95,100,108,108,108,108,108,108,112,112,116,116,116,116,116,116,120,124,124,124,128,132,132,132,132,136,136,140,140,140,140,144,144,144,144,144,144],"card_choices":[{"not_picked":["Havoc","True Grit"],"picked":"Cleave","floor":1},{"not_picked":["Sever Soul","Reckless Charge","Dual Wield"],"picked":"SKIP","floor":5},{"not_picked":["Iron Wave","Dual Wield"],"picked":"Clothesline","floor":7},{"not_picked":["Wild Strike","Perfected Strike"],"picked":"Pommel Strike","floor":10},{"not_picked":["Dual Wield","Perfected Strike"],"picked":"Uppercut","floor":11},{"not_picked":["Cleave","Iron Wave","Perfected Strike"],"picked":"SKIP","floor":12},{"not_picked":["Ghostly Armor","Wild Strike"],"picked":"Feed","floor":13},{"not_picked":["Sentinel","Clash","Anger"],"picked":"SKIP","floor":14},{"not_picked":["Sentinel","Clash"],"picked":"Anger","floor":14},{"not_picked":["Limit Break","Dark Embrace"],"picked":"Reaper","floor":16},{"not_picked":["Sword Boomerang","Armaments","Shrug It Off"],"picked":"SKIP","floor":18},{"not_picked":["Dual Wield","Spot Weakness"],"picked":"Disarm","floor":19},{"not_picked":["Combust+1","Body Slam","Clash"],"picked":"SKIP","floor":21},{"not_picked":["Burning Pact","Flex","Cleave"],"picked":"SKIP","floor":27},{"not_picked":["Fire Breathing","Shockwave"],"picked":"Seeing Red+1","floor":29},{"not_picked":["Berserk","Brutality"],"picked":"Offering","floor":33},{"not_picked":["Sword Boomerang","Perfected Strike","Seeing Red"],"picked":"SKIP","floor":35},{"not_picked":["Battle Trance","Clothesline"],"picked":"Havoc+1","floor":36},{"not_picked":["Warcry+1","Combust+1"],"picked":"Disarm+1","floor":39},{"not_picked":["Clash","Armaments","Dual Wield+1"],"picked":"SKIP","floor":40},{"not_picked":["Pommel Strike+1","Dropkick","Wild Strike"],"picked":"SKIP","floor":42},{"not_picked":["Bludgeon","Anger"],"picked":"Exhume","floor":44},{"not_picked":["Mayhem","Discovery"],"picked":"Secret Weapon","floor":45},{"not_picked":["Warcry","Clothesline"],"picked":"Demon Form","floor":46},{"not_picked":["Flex","Battle Trance+1","Whirlwind"],"picked":"SKIP","floor":54}],"player_experience":2653321,"relics_obtained":[{"floor":7,"key":"Red Skull"},{"floor":9,"key":"Lantern"},{"floor":11,"key":"Blood Vial"},{"floor":26,"key":"Vajra"},{"floor":27,"key":"Matryoshka"},{"floor":29,"key":"Old Coin"},{"floor":40,"key":"Boot"},{"floor":42,"key":"Oddly Smooth Stone"},{"floor":43,"key":"Juzu Bracelet"},{"floor":44,"key":"Pantograph"},{"floor":46,"key":"Letter Opener"},{"floor":54,"key":"Bag of Marbles"}],"event_choices":[{"damage_healed":0,"gold_gain":0,"player_choice":"Ignored","damage_taken":0,"max_hp_gain":0,"max_hp_loss":0,"event_name":"Shining Light","floor":2,"gold_loss":0},{"damage_healed":18,"gold_gain":0,"player_choice":"Healed","damage_taken":0,"max_hp_gain":0,"max_hp_loss":0,"event_name":"The Cleric","floor":4,"gold_loss":35},{"damage_healed":0,"gold_gain":0,"player_choice":"Shed Blood","damage_taken":33,"max_hp_gain":5,"max_hp_loss":0,"event_name":"Forgotten Altar","floor":20,"gold_loss":0},{"damage_healed":0,"gold_gain":0,"player_choice":"Ignored","damage_taken":0,"max_hp_gain":0,"max_hp_loss":0,"event_name":"Cursed Tome","floor":22,"gold_loss":0},{"damage_healed":0,"gold_gain":0,"player_choice":"Obtain J.A.X.","damage_taken":0,"max_hp_gain":0,"max_hp_loss":0,"event_name":"Drug Dealer","floor":30,"gold_loss":0,"cards_obtained":["J.A.X."]},{"damage_healed":0,"gold_gain":0,"player_choice":"Read","damage_taken":0,"max_hp_gain":0,"max_hp_loss":0,"event_name":"The Library","floor":31,"gold_loss":0,"cards_obtained":["Heavy Blade"]},{"cards_removed":["Brutality"],"damage_healed":0,"gold_gain":0,"player_choice":"Removed Power","damage_taken":0,"max_hp_gain":0,"max_hp_loss":0,"event_name":"Falling","floor":37,"gold_loss":0},{"damage_healed":0,"gold_gain":0,"player_choice":"Memory 3","damage_taken":10,"max_hp_gain":0,"max_hp_loss":0,"event_name":"SensoryStone","floor":45,"gold_loss":0}],"is_beta":false,"boss_relics":[{"not_picked":["Black Blood","Calling Bell"],"picked":"Pandora\u0027s Box"},{"not_picked":["Orrery","Runic Dome"],"picked":"Sozu"}],"items_purged_floors":[38],"is_endless":false,"potions_floor_spawned":[5,11,12,16,21,29,33,39,44,54],"ascension_level":15}