{"gold_per_floor":[114,33,33,33,47,76,76,144,144,19,53,53,84,103,103,182,182,199,216,231,46,146,146,179,155,155,155,180,245,245,272,272,272,272,287,301,351,365,192,256,256,306,331,331,343,125,125,160,160,160],"floor_reached":50,"playtime":2173,"items_purged":["Strike_R","Strike_R"],"score":1030,"play_id":"6915f223-0391-4861-b3bc-9de36b672ca9","local_time":"20190702233225","is_ascension_mode":true,"campfire_choices":[{"data":"Carnage","floor":7.0,"key":"SMITH"},{"data":"Bash","floor":12.0,"key":"SMITH"},{"data":"Juggernaut","floor":15.0,"key":"SMITH"},{"data":"Anger","floor":23.0,"key":"SMITH"},{"data":"Feed","floor":27.0,"key":"SMITH"},{"data":"Rage","floor":30.0,"key":"SMITH"},{"floor":32.0,"key":"REST"},{"floor":44,"key":"REST"},{"data":"True Grit","floor":47,"key":"SMITH"},{"floor":49,"key":"RECALL"}],"neow_cost":"NONE","seed_source_timestamp":1653084687542779,"circlet_count":0,"master_deck":["AscendersBane","Strike_R","Strike_R","Strike_R","Defend_R","Defend_R","Defend_R","Defend_R","Bash+1","Sword Boomerang","Carnage+1","Battle Trance","Anger+1","Juggernaut+1","Metallicize","Feed+1","Headbutt","Rage+1","Disarm","Reaper","Flame Barrier","Corruption","Inflame","Flame Barrier+1","Flash of Steel","The Bomb","Parasite","Whirlwind","Spot Weakness+1","Battle Trance","True Grit+1"],"special_seed":0,"relics":["Burning Blood","SsserpentHead","Ornamental Fan","Oddly Smooth Stone","Centennial Puzzle","Matryoshka","Sozu","Vajra","Pen Nib","Gremlin Horn","Ice Cream","WingedGreaves","Art of War","Tiny Chest","Bag of Marbles","PreservedInsect","DollysMirror","Thread and Needle"],"potions_floor_usage":[],"damage_taken":[{"damage":2.0,"enemies":"2 Louse","floor":1.0,"turns":2.0},{"damage":7.0,"enemies":"Jaw Worm","floor":5.0,"turns":2.0},{"damage":30.0,"enemies":"3 Sentries","floor":6.0,"turns":7.0},{"damage":0.0,"enemies":"Cultist","floor":8.0,"turns":2.0},{"damage":8.0,"enemies":"Gremlin Nob","floor":11.0,"turns":3.0},{"damage":24.0,"enemies":"Lagavulin","floor":13.0,"turns":4.0},{"damage":0.0,"enemies":"2 Fungi Beasts","floor":14.0,"turns":2.0},{"damage":23.0,"enemies":"Hexaghost","floor":16.0,"turns":8.0},{"damage":12.0,"enemies":"Chosen","floor":18.0,"turns":3.0},{"damage":2.0,"enemies":"3 Byrds","floor":19.0,"turns":5.0},{"damage":7.0,"enemies":"Sentry and Sphere","floor":20.0,"turns":4.0},{"damage":22.0,"enemies":"Book of Stabbing","floor":24.0,"turns":3.0},{"damage":38.0,"enemies":"Slavers","floor":28.0,"turns":5.0},{"damage":0.0,"enemies":"3 Cultists","floor":29.0,"turns":4.0},{"damage":19.0,"enemies":"Gremlin Leader","floor":31.0,"turns":4.0},{"damage":82.0,"enemies":"Collector","floor":33.0,"turns":9.0},{"damage":23,"enemies":"3 Darklings","floor":35,"turns":6},{"damage":0,"enemies":"Orb Walker","floor":36,"turns":2},{"damage":21,"enemies":"Writhing Mass","floor":38,"turns":5},{"damage":54,"enemies":"Reptomancer","floor":40,"turns":7},{"damage":9,"enemies":"3 Darklings","floor":45,"turns":5},{"damage":14,"enemies":"Giant Head","floor":48,"turns":6},{"damage":135,"enemies":"Awakened One","floor":50,"turns":10}],"seed_played":"3222340146713982092","potions_obtained":[{"floor":1.0,"key":"Fire Potion"},{"floor":8.0,"key":"PowerPotion"},{"floor":16.0,"key":"LiquidBronze"}],"is_trial":false,"path_per_floor":["M","$","?","?","M","E","R","M","T","$","E","R","E","M","R","B",null,"M","M","M","$","?","R","E","$","T","R","E","M","R","E","R","B",null,"M","M","?","M","$","E","$","T","T","R","M","$","R","E","R","B"],"character_chosen":"IRONCLAD","items_purchased":["Battle Trance","AttackPotion","Vajra","Disarm","Flame Barrier","Whirlwind","DollysMirror","True Grit"],"campfire_rested":2,"item_purchase_floors":[2,10,21,21,25,39,46,46],"current_hp_per_floor":[72,72,77,77,76,52,52,58,58,58,56,56,38,44,44,27,67,64,71,70,70,70,70,57,57,57,57,38,60,60,47,76,26,79,96,101,91,76,76,33,33,33,33,63,98,98,98,90,90,0],"gold":160,"neow_bonus":"THREE_CARDS","is_prod":false,"is_daily":false,"chose_seed":false,"campfire_upgraded":7,"win_rate":0,"timestamp":1562124745,"path_taken":["M","$","?","?","M","E","R","?","T","$","E","R","E","M","R","BOSS","M","M","M","$","?","R","E","?","T","R","E","?","R","E","R","BOSS","M","M","?","M","$","E","$","?","T","R","M","$","R","E","R","BOSS"],"build_version":"2019-06-30","purchased_purges":2,"victory":false,"max_hp_per_floor":[75,75,80,80,80,80,80,80,80,80,80,80,80,80,80,80,80,83,86,86,86,86,86,89,89,89,89,93,97,97,97,97,97,97,101,101,101,101,101,101,101,101,101,101,101,101,101,101,101,101],"card_choices":[{"not_picked":["Feel No Pain","Flex"],"picked":"Sword Boomerang","floor":0.0},{"not_picked":["Rage","Corruption"],"picked":"Carnage","floor":1.0},{"not_picked":["Iron Wave","Wild Strike","Rage"],"picked":"SKIP","floor":5.0},{"not_picked":["Wild Strike","Hemokinesis"],"picked":"Anger","floor":6.0},{"not_picked":["Rampage","Infernal Blade","Clash"],"picked":"SKIP","floor":8.0},{"not_picked":["Clash","Anger","Sever Soul"],"picked":"SKIP","floor":11.0},{"not_picked":["Wild Strike","Anger"],"picked":"Juggernaut","floor":13.0},{"not_picked":["Headbutt","Body Slam"],"picked":"Metallicize","floor":14.0},{"not_picked":["Barricade","Impervious"],"picked":"Feed","floor":16.0},{"not_picked":["Sword Boomerang","Dual Wield"],"picked":"Headbutt","floor":18.0},{"not_picked":["Body Slam+1","Perfected Strike"],"picked":"Rage","floor":19.0},{"not_picked":["Cleave","Heavy Blade","Sword Boomerang"],"picked":"SKIP","floor":20.0},{"not_picked":["True Grit+1","Cleave"],"picked":"Reaper","floor":24.0},{"not_picked":["Berserk","Anger","Body Slam"],"picked":"SKIP","floor":28.0},{"not_picked":["Warcry","Anger"],"picked":"Corruption","floor":29.0},{"not_picked":["Dropkick","Anger","Hemokinesis+1"],"picked":"SKIP","floor":31.0},{"not_picked":["Armaments","Searing Blow+1"],"picked":"Inflame","floor":35},{"not_picked":["Sword Boomerang","Headbutt+1"],"picked":"Flame Barrier+1","floor":36},{"not_picked":["Magnetism","Dramatic Entrance"],"picked":"Flash of Steel","floor":37},{"not_picked":["Forethought","Chrysalis"],"picked":"The Bomb","floor":37},{"not_picked":["Wild Strike","Headbutt+1","Blood for Blood"],"picked":"SKIP","floor":38},{"not_picked":["Evolve","Reckless Charge"],"picked":"Spot Weakness+1","floor":40},{"not_picked":["Clash","Havoc+1","Anger"],"picked":"SKIP","floor":45},{"not_picked":["Searing Blow","Dropkick","Thunderclap"],"picked":"SKIP","floor":48}],"player_experience":2589107,"relics_obtained":[{"floor":6.0,"key":"Ornamental Fan"},{"floor":9.0,"key":"Oddly Smooth Stone"},{"floor":11.0,"key":"Centennial Puzzle"},{"floor":13.0,"key":"Matryoshka"},{"floor":24.0,"key":"Pen Nib"},{"floor":26.0,"key":"Gremlin Horn"},{"floor":26.0,"key":"Ice Cream"},{"floor":28.0,"key":"WingedGreaves"},{"floor":31.0,"key":"Art of War"},{"floor":40,"key":"Tiny Chest"},{"floor":42,"key":"Bag of Marbles"},{"floor":43,"key":"PreservedInsect"},{"floor":48,"key":"Thread and Needle"}],"event_choices":[{"damage_healed":0.0,"max_hp_gain":5.0,"max_hp_loss":0.0,"gold_gain":0.0,"event_name":"Big Fish","player_choice":"Donut","floor":3.0,"gold_loss":0.0,"damage_taken":0.0},{"damage_healed":0.0,"max_hp_gain":0.0,"max_hp_loss":0.0,"gold_gain":0.0,"event_name":"FaceTrader","player_choice":"Trade","floor":4.0,"gold_loss":0.0,"damage_taken":0.0,"relics_obtained":["SsserpentHead"]},{"damage_healed":0.0,"max_hp_gain":0.0,"max_hp_loss":0.0,"gold_gain":50.0,"event_name":"Golden Shrine","player_choice":"Pray","floor":22.0,"gold_loss":0.0,"damage_taken":0.0},{"damage_healed":0,"gold_gain":0,"player_choice":"Memory 3","damage_taken":10,"max_hp_gain":0,"max_hp_loss":0,"event_name":"SensoryStone","floor":37,"gold_loss":0}],"is_beta":true,"boss_relics":[{"not_picked":["Black Star","Busted Crown"],"picked":"Sozu"},{"not_picked":["Fusion Hammer","Coffee Dripper","Mark of Pain"]}],"items_purged_floors":[10,39],"is_endless":false,"potions_floor_spawned":[1,8,16,20,28,33,35,40,45,48],"killed_by":"Awakened One","ascension_level":15}