{"gold_per_floor":[119,119,129,139,139,139,158,189,215,235,235,261,32,51,51,128,128,148,148,148,148,158,158,158,171,195,214,234,88,122,139,139,213,213,229,329,329,345,362,388,403,431,431,431,443,443,457,482,482,482,482,482,91,116,116],"floor_reached":56,"playtime":2472,"items_purged":["Strike_R"],"score":2262,"play_id":"ae562125-ae0b-46b2-b29e-e6cc9d73eae8","local_time":"20190624000540","is_ascension_mode":true,"campfire_choices":[{"data":"Anger","floor":6,"key":"SMITH"},{"data":"Inflame","floor":11,"key":"SMITH"},{"data":"Rampage","floor":15,"key":"SMITH"},{"floor":23,"key":"REST"},{"floor":32,"key":"RECALL"},{"floor":44,"key":"REST"},{"floor":46,"key":"REST"},{"floor":49,"key":"REST"},{"floor":52,"key":"REST"}],"neow_cost":"NONE","seed_source_timestamp":877133496080677,"circlet_count":0,"master_deck":["AscendersBane","Strike_R+1","Strike_R+1","Defend_R+1","Defend_R+1","Defend_R+1","Defend_R+1","Bash+1","Anger+1","Headbutt+1","Disarm","Metallicize","Rampage+1","Inflame+1","Battle Trance","Shrug It Off","Barricade","Intimidate+1","Shrug It Off","Twin Strike+1","Corruption","Impervious","Demon Form","Feel No Pain+1","Burning Pact","Juggernaut","Offering","Body Slam","True Grit+1","Bludgeon+1"],"relics":["Burning Blood","Dream Catcher","Pen Nib","Potion Belt","Anchor","Fusion Hammer","Enchiridion","Mercury Hourglass","Mango","Snecko Eye","Ice Cream","Blood Vial","Art of War","Incense Burner","Bag of Marbles","Oddly Smooth Stone","Bag of Preparation","Whetstone"],"potions_floor_usage":[12,12,31,39,40,42,45,55,55,55],"damage_taken":[{"damage":7,"enemies":"Jaw Worm","floor":1,"turns":4},{"damage":7,"enemies":"2 Louse","floor":3,"turns":3},{"damage":0,"enemies":"Small Slimes","floor":4,"turns":3},{"damage":1,"enemies":"Looter","floor":7,"turns":3},{"damage":12,"enemies":"Lagavulin","floor":8,"turns":5},{"damage":13,"enemies":"Lots of Slimes","floor":10,"turns":4},{"damage":14,"enemies":"3 Sentries","floor":12,"turns":7},{"damage":0,"enemies":"2 Fungi Beasts","floor":14,"turns":3},{"damage":0,"enemies":"The Guardian","floor":16,"turns":9},{"damage":0,"enemies":"Chosen","floor":18,"turns":4},{"damage":4,"enemies":"2 Thieves","floor":22,"turns":4},{"damage":0,"enemies":"3 Cultists","floor":25,"turns":4},{"damage":6,"enemies":"Centurion and Healer","floor":27,"turns":5},{"damage":3,"enemies":"Snecko","floor":28,"turns":4},{"damage":7,"enemies":"Slavers","floor":30,"turns":5},{"damage":12,"enemies":"Cultist and Chosen","floor":31,"turns":6},{"damage":0,"enemies":"Champ","floor":33,"turns":12},{"damage":0,"enemies":"3 Darklings","floor":35,"turns":5},{"damage":0,"enemies":"Mind Bloom Boss Battle","floor":36,"turns":4},{"damage":12,"enemies":"Orb Walker","floor":38,"turns":4},{"damage":13,"enemies":"Jaw Worm Horde","floor":39,"turns":5},{"damage":1,"enemies":"Nemesis","floor":40,"turns":5},{"damage":0,"enemies":"Sphere and 2 Shapes","floor":41,"turns":4},{"damage":9,"enemies":"Reptomancer","floor":42,"turns":5},{"damage":17,"enemies":"Writhing Mass","floor":45,"turns":4},{"damage":6,"enemies":"Jaw Worm Horde","floor":47,"turns":4},{"damage":6,"enemies":"Giant Head","floor":48,"turns":4},{"damage":29,"enemies":"Time Eater","floor":50,"turns":7},{"damage":0,"enemies":"Shield and Spear","floor":54,"turns":3},{"damage":15,"enemies":"The Heart","floor":55,"turns":6}],"seed_played":"-2492767147894928315","potions_obtained":[{"floor":3,"key":"Block Potion"},{"floor":4,"key":"Swift Potion"},{"floor":7,"key":"SteroidPotion"},{"floor":14,"key":"Block Potion"},{"floor":16,"key":"Dexterity Potion"},{"floor":18,"key":"FearPotion"},{"floor":22,"key":"SkillPotion"},{"floor":33,"key":"Fire Potion"},{"floor":39,"key":"GamblersBrew"},{"floor":41,"key":"Block Potion"},{"floor":42,"key":"Block Potion"},{"floor":48,"key":"GamblersBrew"}],"is_trial":false,"path_per_floor":["M","?","M","M","?","R","M","E","T","M","R","E","$","M","R","B",null,"M","?","?","?","M","R","T","M","T","M","M","$","E","M","R","B",null,"M","?","?","M","M","E","M","E","T","R","M","R","M","E","R","B",null,"R","$","E","B",null],"character_chosen":"IRONCLAD","items_purchased":["Anchor","Impervious","Oddly Smooth Stone","Bag of Preparation","Bludgeon"],"campfire_rested":5,"item_purchase_floors":[13,29,53,53,53],"current_hp_per_floor":[67,44,43,49,42,42,47,41,41,34,34,26,26,32,32,38,66,72,51,51,51,53,75,75,75,75,75,75,75,88,82,82,88,89,89,89,79,73,66,71,79,78,78,89,78,89,89,89,89,66,83,89,89,89,80],"gold":116,"neow_bonus":"REMOVE_CARD","is_prod":false,"is_daily":false,"chose_seed":false,"campfire_upgraded":3,"win_rate":0,"timestamp":1561349140,"path_taken":["M","?","M","M","?","R","M","E","T","M","R","E","$","M","R","BOSS","M","?","?","?","M","R","?","M","T","?","M","$","E","M","R","BOSS","M","?","?","M","M","E","M","E","T","R","M","R","M","E","R","BOSS","R","$","E","BOSS"],"build_version":"2019-06-21","purchased_purges":1,"victory":true,"max_hp_per_floor":[75,75,75,75,75,75,75,75,75,75,75,75,75,75,75,75,75,75,75,75,75,75,75,75,75,75,75,75,75,89,89,89,89,89,89,89,89,89,89,89,89,89,89,89,89,89,89,89,89,89,89,89,89,89,89],"card_choices":[{"not_picked":["Shrug It Off","Thunderclap"],"picked":"Anger","floor":1},{"not_picked":["Warcry","Armaments"],"picked":"Headbutt","floor":3},{"not_picked":["Perfected Strike","Shrug It Off"],"picked":"Disarm","floor":4},{"not_picked":["Pommel Strike","Limit Break"],"picked":"Metallicize","floor":7},{"not_picked":["Dropkick","Shockwave"],"picked":"Rampage","floor":8},{"not_picked":["Uppercut","Havoc"],"picked":"Inflame","floor":10},{"not_picked":["Berserk","Armaments"],"picked":"Battle Trance","floor":12},{"not_picked":["Flex","Power Through"],"picked":"Shrug It Off","floor":14},{"not_picked":["Double Tap","Dark Embrace"],"picked":"Barricade","floor":16},{"not_picked":["Headbutt","Flex"],"picked":"Intimidate+1","floor":18},{"not_picked":["Pommel Strike","Clash+1","Havoc"],"picked":"SKIP","floor":22},{"not_picked":["Thunderclap+1","Ghostly Armor"],"picked":"Twin Strike+1","floor":23},{"not_picked":["Heavy Blade","Perfected Strike","True Grit"],"picked":"SKIP","floor":25},{"not_picked":["Sever Soul","Rupture","Sword Boomerang"],"picked":"SKIP","floor":27},{"not_picked":["Thunderclap","Bludgeon"],"picked":"Corruption","floor":28},{"not_picked":["Havoc","Rampage","Spot Weakness"],"picked":"SKIP","floor":30},{"not_picked":["Clash","Rupture","Headbutt"],"picked":"SKIP","floor":31},{"not_picked":["Fiend Fire","Berserk"],"picked":"Demon Form","floor":33},{"not_picked":["Flex","Sword Boomerang"],"picked":"Feel No Pain+1","floor":35},{"not_picked":["Twin Strike+1","True Grit"],"picked":"Burning Pact","floor":36},{"not_picked":["Twin Strike","Perfected Strike","Hemokinesis"],"picked":"SKIP","floor":38},{"not_picked":["Anger","Flex+1","Wild Strike"],"picked":"SKIP","floor":39},{"not_picked":["Shrug It Off","Cleave"],"picked":"Juggernaut","floor":40},{"not_picked":["Uppercut","Corruption+1","True Grit"],"picked":"SKIP","floor":41},{"not_picked":["Ghostly Armor+1","Headbutt+1"],"picked":"Offering","floor":42},{"not_picked":["Iron Wave","Perfected Strike","Clash"],"picked":"SKIP","floor":45},{"not_picked":["Headbutt","Dual Wield"],"picked":"Body Slam","floor":47},{"not_picked":["Pommel Strike","Anger","Twin Strike"],"picked":"SKIP","floor":48},{"not_picked":["Battle Trance+1","Whirlwind"],"picked":"True Grit+1","floor":52},{"not_picked":["Fire Breathing","Double Tap","Pommel Strike"],"picked":"SKIP","floor":54}],"player_experience":2564625,"relics_obtained":[{"floor":8,"key":"Dream Catcher"},{"floor":9,"key":"Pen Nib"},{"floor":12,"key":"Potion Belt"},{"floor":19,"key":"Enchiridion"},{"floor":24,"key":"Mercury Hourglass"},{"floor":30,"key":"Mango"},{"floor":36,"key":"Ice Cream"},{"floor":40,"key":"Blood Vial"},{"floor":42,"key":"Art of War"},{"floor":43,"key":"Incense Burner"},{"floor":48,"key":"Bag of Marbles"},{"floor":54,"key":"Whetstone"}],"event_choices":[{"damage_healed":0,"gold_gain":0,"player_choice":"Entered Light","damage_taken":23,"max_hp_gain":0,"max_hp_loss":0,"event_name":"Shining Light","floor":2,"gold_loss":0,"cards_upgraded":["Bash","Defend_R"]},{"cards_removed":["Strike_R"],"damage_healed":0,"gold_gain":0,"player_choice":"Card Removal","damage_taken":7,"max_hp_gain":0,"max_hp_loss":0,"event_name":"Golden Wing","floor":5,"gold_loss":0},{"damage_healed":0,"gold_gain":0,"player_choice":"Obtained Book","damage_taken":21,"max_hp_gain":0,"max_hp_loss":0,"event_name":"Cursed Tome","floor":19,"gold_loss":0},{"damage_healed":0,"gold_gain":0,"player_choice":"Simplicity","damage_taken":0,"max_hp_gain":0,"max_hp_loss":0,"event_name":"Back to Basics","floor":20,"gold_loss":0,"cards_upgraded":["Strike_R","Strike_R","Defend_R","Defend_R","Defend_R"]},{"damage_healed":0,"gold_gain":0,"player_choice":"Read","damage_taken":0,"max_hp_gain":0,"max_hp_loss":0,"event_name":"The Library","floor":21,"gold_loss":0,"cards_obtained":["Shrug It Off"]},{"damage_healed":0,"gold_gain":0,"player_choice":"Fight","damage_taken":0,"max_hp_gain":0,"max_hp_loss":0,"event_name":"MindBloom","floor":36,"gold_loss":0},{"damage_healed":0,"gold_gain":0,"player_choice":"Memory 3","damage_taken":10,"max_hp_gain":0,"max_hp_loss":0,"event_name":"SensoryStone","floor":37,"gold_loss":0}],"is_beta":true,"boss_relics":[{"not_picked":["Tiny House","Coffee Dripper"],"picked":"Fusion Hammer"},{"not_picked":["Lizard Tail","Cursed Key"],"picked":"Snecko Eye"}],"items_purged_floors":[13],"is_endless":false,"potions_floor_spawned":[3,4,7,14,16,18,22,27,33,38,39,41,42,48],"ascension_level":15}