{"gold_per_floor":[114,9,0,0,0,12,12,40,90,120,132,149,29,204,204,302,302,315,325,151,168,184,184,200,200,200,200,219,248,10,10,10,105,105,121,121,136,61,79,79,105,105,157,169,201,213,225,252,264,276,288,300,20,20],"floor_reached":54,"playtime":3538,"items_purged":["Strike_B","Doubt"],"score":725,"play_id":"3318ab6b-add2-4b35-8c8d-014e547a64df","local_time":"20190412173023","is_ascension_mode":false,"campfire_choices":[{"data":"Zap","floor":7,"key":"SMITH"},{"data":"Capacitor","floor":15,"key":"SMITH"},{"data":"Echo Form","floor":23,"key":"SMITH"},{"data":"Sunder","floor":25,"key":"SMITH"},{"floor":32,"key":"REST"},{"data":"Barrage","floor":40,"key":"SMITH"},{"floor":42,"key":"RECALL"},{"data":"Barrage","floor":46,"key":"SMITH"},{"data":"Capacitor","floor":49,"key":"SMITH"},{"data":"Leap","floor":52,"key":"SMITH"}],"neow_cost":"NONE","seed_source_timestamp":165461993789200,"circlet_count":0,"master_deck":["Strike_B","Strike_B","Strike_B","Defend_B","Defend_B","Defend_B","Zap+1","Dualcast+1","Sweeping Beam","Chill","Leap+1","Capacitor+1","Skim+1","Auto Shields+1","Tempest+1","Sunder+1","Coolheaded+1","Echo Form+1","Barrage+1","Barrage+1","Chaos+1","Leap+1","Redo+1","Sunder+1","Defragment+1","Glacier+1","Multi-Cast+1","Cold Snap","Tempest+1","Conserve Battery+1","Capacitor+1","Leap+1","Redo+1","Self Repair","Undo+1","Cold Snap"],"relics":["Cracked Core","Toxic Egg 2","Darkstone Periapt","Blood Vial","PreservedInsect","Nuclear Battery","Sundial","Singing Bowl","Symbiotic Virus","MutagenicStrength","Busted Crown","Pantograph","MawBank","Calipers"],"potions_floor_usage":[8,24,33,54,54],"damage_taken":[{"damage":3,"enemies":"Jaw Worm","floor":1,"turns":3},{"damage":0,"enemies":"2 Louse","floor":6,"turns":3},{"damage":16,"enemies":"Lagavulin","floor":8,"turns":8},{"damage":17,"enemies":"Gremlin Nob","floor":10,"turns":5},{"damage":0,"enemies":"Small Slimes","floor":11,"turns":3},{"damage":2,"enemies":"Exordium Thugs","floor":12,"turns":4},{"damage":13,"enemies":"Slime Boss","floor":16,"turns":9},{"damage":9,"enemies":"Shell Parasite","floor":18,"turns":7},{"damage":18,"enemies":"Spheric Guardian","floor":19,"turns":4},{"damage":23,"enemies":"Shelled Parasite and Fungi","floor":21,"turns":4},{"damage":8,"enemies":"Centurion and Healer","floor":22,"turns":6},{"damage":14,"enemies":"Snecko","floor":24,"turns":4},{"damage":6,"enemies":"Cultist and Chosen","floor":28,"turns":6},{"damage":27,"enemies":"Gremlin Leader","floor":29,"turns":5},{"damage":3,"enemies":"Automaton","floor":33,"turns":10},{"damage":12,"enemies":"3 Darklings","floor":35,"turns":8},{"damage":0,"enemies":"3 Shapes","floor":37,"turns":3},{"damage":15,"enemies":"3 Darklings","floor":39,"turns":5},{"damage":5,"enemies":"Reptomancer","floor":41,"turns":6},{"damage":0,"enemies":"4 Shapes","floor":44,"turns":6},{"damage":1,"enemies":"Giant Head","floor":45,"turns":6},{"damage":6,"enemies":"Maw","floor":48,"turns":6},{"damage":75,"enemies":"Awakened One","floor":50,"turns":26},{"damage":80,"enemies":"Shield and Spear","floor":54,"turns":4}],"seed_played":"4551566971217158403","potions_obtained":[{"floor":1,"key":"Block Potion"},{"floor":11,"key":"Explosive Potion"},{"floor":18,"key":"EssenceOfSteel"},{"floor":22,"key":"FearPotion"},{"floor":29,"key":"Swift Potion"},{"floor":37,"key":"Strength Potion"},{"floor":44,"key":"Energy Potion"}],"is_trial":false,"path_per_floor":["M","$","?","T","?","M","R","E","T","E","M","M","$","?","R","B",null,"M","M","$","M","M","R","M","R","T","?","M","E","$","?","R","B",null,"M","?","M","$","M","R","E","R","T","M","E","R","?","M","R","B",null,"R","$","E"],"character_chosen":"DEFECT","items_purchased":["Leap","Capacitor","Coolheaded+1","Chaos+1","Symbiotic Virus","Capacitor","Calipers"],"campfire_rested":1,"item_purchase_floors":[2,2,13,20,30,38,53],"current_hp_per_floor":[72,72,72,72,72,72,72,56,56,41,43,43,43,49,49,38,81,72,56,56,35,29,29,17,17,17,44,40,15,15,15,39,38,81,69,69,71,71,58,58,55,55,55,57,65,65,65,61,61,2,77,77,77,0],"gold":20,"neow_bonus":"THREE_CARDS","is_prod":false,"is_daily":false,"chose_seed":false,"campfire_upgraded":8,"win_rate":0,"timestamp":1555083023,"path_taken":["M","$","?","?","?","M","R","E","T","E","M","M","?","?","R","BOSS","M","M","$","M","M","R","M","R","T","?","M","E","$","?","R","BOSS","M","?","M","$","M","R","E","R","T","?","E","R","?","M","R","BOSS","R","$","E"],"build_version":"2019-01-23","purchased_purges":2,"victory":false,"max_hp_per_floor":[75,75,75,75,75,75,75,75,75,75,75,75,75,81,81,81,81,81,81,81,81,81,81,81,81,81,81,81,81,81,81,81,81,81,81,81,81,81,81,81,81,81,81,81,81,81,77,77,77,77,77,77,77,77],"card_choices":[{"not_picked":["Barrage","Steam"],"picked":"Sweeping Beam","floor":0},{"not_picked":["Streamline","Force Field"],"picked":"Chill","floor":1},{"not_picked":["Ball Lightning","Coolheaded+1"],"picked":"Skim+1","floor":6},{"not_picked":["Beam Cell","Hologram+1"],"picked":"Auto Shields+1","floor":8},{"not_picked":["Barrage","Storm"],"picked":"Tempest+1","floor":10},{"not_picked":["Reprogram+1","Beam Cell"],"picked":"Sunder","floor":11},{"not_picked":["Gash","Meteor Strike","Compile Driver"],"picked":"SKIP","floor":12},{"not_picked":["Amplify+1","Biased Cognition"],"picked":"Echo Form","floor":16},{"not_picked":["BootSequence+1","Go for the Eyes"],"picked":"Barrage","floor":18},{"not_picked":["Recycle+1","Tempest+1"],"picked":"Barrage","floor":19},{"not_picked":["Beam Cell","Cold Snap+1"],"picked":"Leap+1","floor":21},{"not_picked":["Stack+1","Conserve Battery+1"],"picked":"Redo+1","floor":22},{"not_picked":["Darkness+1","Recycle+1"],"picked":"Sunder+1","floor":24},{"not_picked":["Conserve Battery+1","Double Energy+1"],"picked":"Defragment+1","floor":28},{"not_picked":["Static Discharge+1","Stack+1"],"picked":"Glacier+1","floor":29},{"not_picked":["Reboot+1","Echo Form"],"picked":"Multi-Cast+1","floor":33},{"not_picked":[],"picked":"Cold Snap","floor":35},{"not_picked":[],"picked":"Conserve Battery+1","floor":37},{"not_picked":[],"picked":"Leap+1","floor":39},{"not_picked":[],"picked":"Redo+1","floor":41},{"not_picked":[],"picked":"Self Repair","floor":44},{"not_picked":[],"picked":"Undo+1","floor":45},{"not_picked":[],"picked":"Cold Snap","floor":48}],"player_experience":283390,"relics_obtained":[{"floor":4,"key":"Toxic Egg 2"},{"floor":8,"key":"Darkstone Periapt"},{"floor":9,"key":"Blood Vial"},{"floor":10,"key":"PreservedInsect"},{"floor":26,"key":"Sundial"},{"floor":29,"key":"Singing Bowl"},{"floor":41,"key":"Pantograph"},{"floor":45,"key":"MawBank"}],"event_choices":[{"damage_healed":0,"gold_gain":0,"player_choice":"Left Gold","damage_taken":0,"max_hp_gain":0,"max_hp_loss":0,"event_name":"World of Goop","floor":3,"gold_loss":9},{"damage_healed":0,"gold_gain":0,"player_choice":"Grow","damage_taken":0,"max_hp_gain":0,"max_hp_loss":0,"event_name":"Living Wall","floor":5,"gold_loss":0,"cards_upgraded":["Dualcast"]},{"damage_healed":0,"gold_gain":175,"player_choice":"AGREE","damage_taken":0,"max_hp_gain":0,"max_hp_loss":0,"event_name":"Liars Game","floor":14,"gold_loss":0,"cards_obtained":["Doubt"]},{"damage_healed":27,"gold_gain":0,"player_choice":"Heal","damage_taken":0,"max_hp_gain":0,"max_hp_loss":0,"event_name":"The Library","floor":27,"gold_loss":0},{"damage_healed":0,"gold_gain":0,"player_choice":"Inject Mutagens","damage_taken":0,"relics_obtained":["MutagenicStrength"],"max_hp_gain":0,"max_hp_loss":0,"event_name":"Drug Dealer","floor":31,"gold_loss":0},{"damage_healed":0,"gold_gain":0,"cards_transformed":["Defend_B"],"player_choice":"Transformed","damage_taken":0,"max_hp_gain":0,"max_hp_loss":0,"event_name":"Transmorgrifier","floor":36,"gold_loss":0,"cards_obtained":["Tempest"]},{"damage_healed":0,"gold_gain":0,"player_choice":"Max HP","damage_taken":0,"max_hp_gain":0,"max_hp_loss":4,"event_name":"Winding Halls","floor":47,"gold_loss":0}],"is_beta":false,"boss_relics":[{"not_picked":["Cursed Key","Pandora\u0027s Box"],"picked":"Nuclear Battery"},{"not_picked":["Snecko Eye","Orrery"],"picked":"Busted Crown"}],"items_purged_floors":[13,20],"is_endless":false,"potions_floor_spawned":[1,11,18,22,29,37,39,44],"killed_by":"Shield and Spear","ascension_level":0}