{"gold_per_floor":[111,130,16,116,131,162,179,199,199,211,223,235,247,276,288,397,409,436,464,490,32,32,60,70,70,116,136,136,136,14,31,31,31],"floor_reached":33,"playtime":3297,"items_purged":["Defend_R","Bash","True Grit"],"score":294,"play_id":"1364e11c-76bf-4610-a39e-99375b36d3d9","local_time":"20181226134327","is_ascension_mode":false,"campfire_choices":[{"data":"Flame Barrier","floor":11,"key":"SMITH"},{"data":"Thunderclap","floor":13,"key":"SMITH"},{"data":"Pommel Strike","floor":15,"key":"SMITH"},{"floor":25,"key":"REST"},{"data":"Rage","floor":29,"key":"SMITH"},{"floor":32,"key":"REST"}],"neow_cost":"NONE","seed_source_timestamp":1360262752300,"circlet_count":0,"master_deck":["Defend_R","Defend_R","Defend_R","Shockwave","Thunderclap+1","Flame Barrier+1","Carnage+1","Dropkick","Shockwave","Flex","Pommel Strike+1","Juggernaut","Body Slam","Rage+1","Flex","Metallicize","Warcry","Dramatic Entrance","Warcry","Heavy Blade+1","Uppercut","Anger","Bite","Bite","Bite","Bite","Bite","Flame Barrier","Infernal Blade","Dropkick+1"],"relics":["Burning Blood","Dream Catcher","MawBank","Lizard Tail","Membership Card","Self Forming Clay","Pantograph","PreservedInsect","Strawberry"],"potions_floor_usage":[19,20,23,23,33,33],"damage_taken":[{"damage":0,"enemies":"2 Louse","floor":1,"turns":3},{"damage":3,"enemies":"Cultist","floor":2,"turns":5},{"damage":3,"enemies":"Small Slimes","floor":5,"turns":4},{"damage":18,"enemies":"Gremlin Nob","floor":6,"turns":4},{"damage":5,"enemies":"Red Slaver","floor":7,"turns":4},{"damage":7,"enemies":"Looter","floor":8,"turns":2},{"damage":1,"enemies":"2 Fungi Beasts","floor":14,"turns":3},{"damage":34,"enemies":"The Guardian","floor":16,"turns":9},{"damage":27,"enemies":"Spheric Guardian","floor":18,"turns":6},{"damage":24,"enemies":"2 Thieves","floor":19,"turns":4},{"damage":33,"enemies":"Centurion and Healer","floor":20,"turns":9},{"damage":17,"enemies":"Book of Stabbing","floor":23,"turns":8},{"damage":4,"enemies":"Chosen and Byrds","floor":24,"turns":5},{"damage":24,"enemies":"Snecko","floor":27,"turns":5},{"damage":22,"enemies":"Snake Plant","floor":31,"turns":4},{"damage":128,"enemies":"Collector","floor":33,"turns":17}],"seed_played":"-6866132994651274197","potions_obtained":[{"floor":1,"key":"SkillPotion"},{"floor":5,"key":"Block Potion"},{"floor":6,"key":"Regen Potion"},{"floor":20,"key":"Fire Potion"},{"floor":23,"key":"Ancient Potion"},{"floor":27,"key":"Block Potion"}],"is_trial":false,"path_per_floor":["M","M","$","?","M","E","M","M","T","?","R","?","R","M","R","B",null,"M","M","M","$","T","E","M","R","T","M","?","R","$","M","R","B"],"character_chosen":"IRONCLAD","items_purchased":["Flame Barrier","Membership Card","Metallicize","Warcry","Dramatic Entrance","Self Forming Clay","Flame Barrier","Swift Potion"],"campfire_rested":2,"item_purchase_floors":[3,21,21,21,21,21,30,30],"current_hp_per_floor":[88,88,88,88,88,76,77,76,76,76,76,76,76,81,81,53,88,67,49,37,37,37,26,28,54,61,43,43,43,43,29,48,0],"gold":31,"neow_bonus":"TEN_PERCENT_HP_BONUS","is_prod":false,"is_daily":false,"chose_seed":false,"campfire_upgraded":4,"win_rate":0.0,"timestamp":1545828207,"path_taken":["M","M","$","?","M","E","M","?","T","?","R","?","R","M","R","BOSS","M","?","M","$","?","E","M","R","T","M","?","R","$","M","R","BOSS"],"build_version":"2018-12-20","purchased_purges":3,"victory":false,"max_hp_per_floor":[88,88,88,88,88,88,88,88,88,88,88,88,88,88,88,88,88,88,88,88,88,88,88,88,88,95,95,66,66,66,66,66,66],"card_choices":[{"not_picked":["Sever Soul","Sword Boomerang"],"picked":"Shockwave","floor":1},{"not_picked":["Inflame","Anger"],"picked":"Thunderclap","floor":2},{"not_picked":["Anger","Twin Strike"],"picked":"Carnage","floor":5},{"not_picked":["Pummel","Metallicize"],"picked":"Dropkick","floor":6},{"not_picked":["Heavy Blade","Carnage"],"picked":"Shockwave","floor":7},{"not_picked":["Heavy Blade","Rupture"],"picked":"Flex","floor":8},{"not_picked":["True Grit","Intimidate"],"picked":"Pommel Strike","floor":14},{"not_picked":["Bludgeon","Impervious"],"picked":"Juggernaut","floor":16},{"not_picked":["Perfected Strike","Cleave"],"picked":"Body Slam","floor":18},{"not_picked":["Shrug It Off","Bloodletting"],"picked":"Rage","floor":19},{"not_picked":["Perfected Strike","True Grit+1"],"picked":"Flex","floor":20},{"not_picked":["Pummel","Perfected Strike"],"picked":"Warcry","floor":23},{"not_picked":["Fiend Fire","Headbutt"],"picked":"Heavy Blade+1","floor":24},{"not_picked":["True Grit+1","Heavy Blade+1"],"picked":"Uppercut","floor":25},{"not_picked":["Armaments","Shrug It Off"],"picked":"Anger","floor":27},{"not_picked":["Dark Embrace","Rupture"],"picked":"Infernal Blade","floor":31},{"not_picked":["True Grit","Sever Soul"],"picked":"Dropkick+1","floor":32}],"player_experience":18165,"relics_obtained":[{"floor":6,"key":"Dream Catcher"},{"floor":9,"key":"MawBank"},{"floor":22,"key":"Pantograph"},{"floor":23,"key":"PreservedInsect"},{"floor":26,"key":"Strawberry"}],"event_choices":[{"damage_healed":0,"gold_gain":100,"player_choice":"Pray","damage_taken":0,"max_hp_gain":0,"max_hp_loss":0,"event_name":"Golden Shrine","floor":4,"gold_loss":0},{"damage_healed":0,"gold_gain":0,"cards_transformed":["Strike_R"],"player_choice":"Change","damage_taken":0,"max_hp_gain":0,"max_hp_loss":0,"event_name":"Living Wall","floor":10,"gold_loss":0,"cards_obtained":["True Grit"]},{"damage_healed":0,"gold_gain":0,"player_choice":"Forge","damage_taken":0,"max_hp_gain":0,"max_hp_loss":0,"event_name":"Accursed Blacksmith","floor":12,"gold_loss":0,"cards_upgraded":["Carnage"]},{"damage_healed":0,"gold_gain":0,"player_choice":"Became a vampire","damage_taken":0,"max_hp_gain":0,"max_hp_loss":29,"event_name":"Vampires","floor":28,"gold_loss":0,"cards_obtained":["Bite","Bite","Bite","Bite","Bite"]}],"is_beta":false,"boss_relics":[{"not_picked":["Runic Cube","Runic Pyramid"],"picked":"Lizard Tail"}],"items_purged_floors":[3,21,30],"is_endless":false,"potions_floor_spawned":[1,5,6,20,23,27,31],"killed_by":"Collector","ascension_level":0}