{"gold_per_floor":[119,43,93,107,118,118,136,136,185,205,233,247,140,157,157,233,233,250,20,32,32,82,111,111,139,139,139,174,4,4,37,37,114,114,127,52,70,70,85,85,119,133,158,169,185,185,199,228,228,228,228,228,31,31],"floor_reached":54,"playtime":1988,"items_purged":["Anger","Strike_R"],"score":1622,"play_id":"852c08e6-2691-49d5-a50b-ed1c01476e9e","local_time":"20190628214448","is_ascension_mode":true,"campfire_choices":[{"data":"Bash","floor":6,"key":"SMITH"},{"data":"Spot Weakness","floor":8,"key":"SMITH"},{"data":"Uppercut","floor":15,"key":"SMITH"},{"floor":24,"key":"REST"},{"floor":30,"key":"REST"},{"data":"Heavy Blade","floor":32,"key":"SMITH"},{"data":"Inflame","floor":40,"key":"SMITH"},{"floor":46,"key":"RECALL"},{"data":"Armaments","floor":49,"key":"SMITH"},{"data":"Flame Barrier","floor":52,"key":"SMITH"}],"neow_cost":"PERCENT_DAMAGE","seed_source_timestamp":1301207673525281,"circlet_count":0,"master_deck":["AscendersBane","Strike_R+1","Strike_R","Strike_R","Defend_R+1","Defend_R","Defend_R","Defend_R+1","Bash+1","Clothesline","Spot Weakness+1","Headbutt+1","Battle Trance","Inflame+1","Offering","Uppercut+1","Berserk","Blood for Blood","Whirlwind","Necronomicurse","Offering","Feel No Pain+1","Heavy Blade+1","Reaper","Power Through","Armaments+1","Burning Pact","Flame Barrier+1","Dual Wield","Second Wind"],"relics":["Burning Blood","Nunchaku","War Paint","Whetstone","Dream Catcher","Snecko Eye","PreservedInsect","Unceasing Top","Lantern","Vajra","Necronomicon","Gremlin Horn","Art of War","Orrery","Regal Pillow","Blood Vial"],"potions_floor_usage":[16,23,41,47,50,54],"damage_taken":[{"damage":1,"enemies":"Cultist","floor":1,"turns":3},{"damage":5,"enemies":"2 Louse","floor":4,"turns":4},{"damage":7,"enemies":"Jaw Worm","floor":5,"turns":3},{"damage":6,"enemies":"Blue Slaver","floor":7,"turns":5},{"damage":3,"enemies":"Looter","floor":10,"turns":3},{"damage":20,"enemies":"Gremlin Nob","floor":11,"turns":3},{"damage":0,"enemies":"Exordium Wildlife","floor":12,"turns":4},{"damage":6,"enemies":"Gremlin Gang","floor":14,"turns":4},{"damage":6,"enemies":"Slime Boss","floor":16,"turns":4},{"damage":3,"enemies":"Chosen","floor":18,"turns":4},{"damage":22,"enemies":"Spheric Guardian","floor":20,"turns":4},{"damage":20,"enemies":"Slavers","floor":23,"turns":3},{"damage":19,"enemies":"Gremlin Leader","floor":25,"turns":4},{"damage":0,"enemies":"Slavers","floor":28,"turns":1},{"damage":6,"enemies":"Gremlin Leader","floor":31,"turns":2},{"damage":13,"enemies":"Collector","floor":33,"turns":4},{"damage":4,"enemies":"3 Darklings","floor":35,"turns":3},{"damage":0,"enemies":"Orb Walker","floor":37,"turns":1},{"damage":12,"enemies":"Transient","floor":39,"turns":5},{"damage":6,"enemies":"Nemesis","floor":41,"turns":1},{"damage":15,"enemies":"Jaw Worm Horde","floor":42,"turns":4},{"damage":24,"enemies":"Spire Growth","floor":44,"turns":3},{"damage":14,"enemies":"Transient","floor":45,"turns":5},{"damage":37,"enemies":"Writhing Mass","floor":47,"turns":6},{"damage":0,"enemies":"Reptomancer","floor":48,"turns":2},{"damage":45,"enemies":"Time Eater","floor":50,"turns":6},{"damage":110,"enemies":"Shield and Spear","floor":54,"turns":4}],"seed_played":"6597941500500485670","potions_obtained":[{"floor":4,"key":"SkillPotion"},{"floor":7,"key":"PowerPotion"},{"floor":14,"key":"AttackPotion"},{"floor":20,"key":"PowerPotion"},{"floor":23,"key":"SkillPotion"},{"floor":42,"key":"Ancient Potion"},{"floor":44,"key":"Block Potion"}],"is_trial":false,"path_per_floor":["M","$","?","M","M","R","M","R","T","M","E","M","?","M","R","B",null,"M","$","M","?","?","E","R","E","T","?","E","$","R","E","R","B",null,"M","?","M","?","M","R","E","M","T","M","M","R","M","E","R","B",null,"R","$","E"],"character_chosen":"IRONCLAD","items_purchased":["Spot Weakness","PreservedInsect","Feel No Pain","PowerPotion","Dual Wield","Second Wind"],"campfire_rested":2,"item_purchase_floors":[2,19,29,53,53,53],"current_hp_per_floor":[55,55,55,56,55,55,55,55,55,58,44,50,50,50,50,50,69,72,72,56,56,56,42,64,51,51,30,36,36,58,58,58,51,69,75,75,75,75,69,69,69,63,63,69,61,61,40,70,70,70,74,74,74,0],"gold":31,"neow_bonus":"ONE_RARE_RELIC","is_prod":false,"is_daily":false,"chose_seed":false,"campfire_upgraded":7,"win_rate":0,"timestamp":1561772688,"path_taken":["M","$","?","M","?","R","M","R","T","M","E","?","?","?","R","BOSS","M","$","M","?","?","E","R","E","T","?","E","$","R","E","R","BOSS","M","?","?","?","M","R","E","M","T","M","M","R","?","E","R","BOSS","R","$","E"],"build_version":"2019-06-28","purchased_purges":2,"victory":false,"max_hp_per_floor":[75,75,75,75,75,75,75,75,75,75,75,75,75,75,75,75,75,75,75,75,75,75,75,75,75,75,75,75,75,75,75,75,75,75,75,75,75,75,75,75,75,75,75,75,75,75,75,75,75,75,75,75,75,75],"card_choices":[{"not_picked":["Thunderclap","Iron Wave"],"picked":"Clothesline","floor":1},{"not_picked":["Power Through","Pummel"],"picked":"Headbutt","floor":4},{"not_picked":["Havoc","Dropkick","Warcry"],"picked":"SKIP","floor":5},{"not_picked":["Iron Wave","Body Slam"],"picked":"Battle Trance","floor":7},{"not_picked":["Wild Strike","Anger"],"picked":"Inflame","floor":10},{"not_picked":["Feel No Pain","Armaments"],"picked":"Offering","floor":11},{"not_picked":["Clash","Headbutt"],"picked":"Uppercut","floor":12},{"not_picked":["Clash","Warcry"],"picked":"Anger","floor":14},{"not_picked":["Double Tap","Dark Embrace"],"picked":"Berserk","floor":16},{"not_picked":["Cleave","Combust","Seeing Red"],"picked":"SKIP","floor":18},{"not_picked":["Spot Weakness","Clothesline"],"picked":"Blood for Blood","floor":20},{"not_picked":["Sword Boomerang","Flex","Warcry"],"picked":"SKIP","floor":23},{"not_picked":["Perfected Strike+1","Armaments"],"picked":"Whirlwind","floor":25},{"not_picked":["Inflame","Anger"],"picked":"Offering","floor":28},{"not_picked":["Flex","Clothesline"],"picked":"Heavy Blade","floor":30},{"not_picked":["Clash","Blood for Blood","Brutality"],"picked":"SKIP","floor":31},{"not_picked":["Bludgeon","Offering"],"picked":"Reaper","floor":33},{"not_picked":["Armaments","Heavy Blade"],"picked":"Power Through","floor":34},{"not_picked":["Clash+1","Reckless Charge"],"picked":"Armaments","floor":34},{"not_picked":["Iron Wave","Seeing Red","Warcry"],"picked":"SKIP","floor":35},{"not_picked":["Blood for Blood","Rampage+1","Hemokinesis"],"picked":"SKIP","floor":37},{"not_picked":["Headbutt","Warcry+1","Cleave"],"picked":"SKIP","floor":39},{"not_picked":["Iron Wave","Double Tap"],"picked":"Burning Pact","floor":41},{"not_picked":["Clothesline","Body Slam+1","Perfected Strike+1"],"picked":"SKIP","floor":42},{"not_picked":["Perfected Strike+1","Headbutt","Heavy Blade"],"picked":"SKIP","floor":44},{"not_picked":["Evolve+1","Cleave"],"picked":"Flame Barrier","floor":45},{"not_picked":["Whirlwind","Flex","Sword Boomerang"],"picked":"SKIP","floor":47},{"not_picked":["Bloodletting","Cleave","Clothesline"],"picked":"SKIP","floor":48}],"player_experience":2572315,"relics_obtained":[{"floor":9,"key":"War Paint"},{"floor":11,"key":"Whetstone"},{"floor":23,"key":"Unceasing Top"},{"floor":25,"key":"Lantern"},{"floor":26,"key":"Vajra"},{"floor":27,"key":"Necronomicon"},{"floor":28,"key":"Gremlin Horn"},{"floor":31,"key":"Art of War"},{"floor":41,"key":"Regal Pillow"},{"floor":48,"key":"Blood Vial"}],"event_choices":[{"damage_healed":0,"gold_gain":50,"player_choice":"Pray","damage_taken":0,"max_hp_gain":0,"max_hp_loss":0,"event_name":"Golden Shrine","floor":3,"gold_loss":0},{"damage_healed":0,"gold_gain":0,"player_choice":"Paid Gold","damage_taken":0,"relics_obtained":["Dream Catcher"],"max_hp_gain":0,"max_hp_loss":0,"event_name":"WeMeetAgain","floor":13,"gold_loss":107},{"damage_healed":0,"gold_gain":0,"player_choice":"Ignored","damage_taken":0,"max_hp_gain":0,"max_hp_loss":0,"event_name":"Vampires","floor":21,"gold_loss":0},{"damage_healed":0,"gold_gain":50,"player_choice":"Stole From Cult","damage_taken":0,"max_hp_gain":0,"max_hp_loss":0,"event_name":"Nest","floor":22,"gold_loss":0},{"damage_healed":0,"gold_gain":0,"player_choice":"Obtained Book","damage_taken":21,"max_hp_gain":0,"max_hp_loss":0,"event_name":"Cursed Tome","floor":27,"gold_loss":0},{"cards_removed":["Strike_R"],"damage_healed":0,"gold_gain":0,"player_choice":"Single Remove","damage_taken":0,"max_hp_gain":0,"max_hp_loss":0,"event_name":"Designer","floor":36,"gold_loss":75},{"damage_healed":0,"gold_gain":0,"player_choice":"Forge","damage_taken":0,"max_hp_gain":0,"max_hp_loss":0,"event_name":"Accursed Blacksmith","floor":38,"gold_loss":0,"cards_upgraded":["Feel No Pain"]}],"is_beta":true,"boss_relics":[{"not_picked":["Coffee Dripper","Eternal Feather"],"picked":"Snecko Eye"},{"not_picked":["Runic Dome","Lizard Tail"],"picked":"Orrery"}],"items_purged_floors":[19,29],"is_endless":false,"potions_floor_spawned":[4,7,11,14,20,23,25,31,37,39,42,44],"killed_by":"Shield and Spear","ascension_level":15}