{"gold_per_floor":[117,117,137,137,152,152,180,180,205,222,297,297,310,58,58,133,133,147,147,147,158,10,10,24,53,53,81,81,100,100,115,115,190,190,201,214,214,314,329,361,361,390,439,439],"floor_reached":44,"playtime":1691,"items_purged":["Strike_B"],"score":886,"play_id":"0b9b3456-6a5e-4340-8d94-b9b8f8d52847","local_time":"20190728000532","is_ascension_mode":true,"campfire_choices":[{"data":"Zap","floor":6,"key":"SMITH"},{"data":"Self Repair","floor":8,"key":"SMITH"},{"data":"Hologram","floor":12,"key":"SMITH"},{"data":"Barrage","floor":15,"key":"SMITH"},{"data":"Defragment","floor":23,"key":"SMITH"},{"floor":28,"key":"REST"},{"data":"Fusion","floor":30,"key":"SMITH"},{"floor":32,"key":"REST"},{"floor":41,"key":"RECALL"}],"neow_cost":"NONE","seed_source_timestamp":1489538424646355,"circlet_count":0,"master_deck":["AscendersBane","Zap+1","BootSequence","FTL","Self Repair+1","Hologram+1","Barrage+1","Core Surge","Fusion+1","Chill","Defragment+1","Sweeping Beam","Ball Lightning","Genetic Algorithm+1","Coolheaded","Compile Driver","Static Discharge","Coolheaded+1","White Noise","Conserve Battery","Electrodynamics","Meteor Strike+1","Core Surge+1","Biased Cognition+1","Undo","Hologram","Fission"],"relics":["Cracked Core","Juzu Bracelet","Omamori","Happy Flower","Pen Nib","Pandora\u0027s Box","Enchiridion","PreservedInsect","Mercury Hourglass","Prayer Wheel","Astrolabe","StoneCalendar","Vajra","Bag of Marbles","Dream Catcher"],"potions_floor_usage":[7,7,16,24,25,31],"damage_taken":[{"damage":0,"enemies":"2 Louse","floor":1,"turns":3},{"damage":0,"enemies":"Jaw Worm","floor":3,"turns":3},{"damage":0,"enemies":"Cultist","floor":5,"turns":3},{"damage":10,"enemies":"Lagavulin","floor":7,"turns":6},{"damage":3,"enemies":"Blue Slaver","floor":10,"turns":3},{"damage":8,"enemies":"Exordium Thugs","floor":13,"turns":4},{"damage":28,"enemies":"Hexaghost","floor":16,"turns":9},{"damage":18,"enemies":"Shell Parasite","floor":18,"turns":4},{"damage":0,"enemies":"3 Byrds","floor":21,"turns":4},{"damage":1,"enemies":"Snecko","floor":24,"turns":3},{"damage":10,"enemies":"Slavers","floor":25,"turns":3},{"damage":36,"enemies":"Gremlin Leader","floor":27,"turns":5},{"damage":1,"enemies":"3 Cultists","floor":29,"turns":4},{"damage":0,"enemies":"Sentry and Sphere","floor":31,"turns":3},{"damage":30,"enemies":"Automaton","floor":33,"turns":9},{"damage":0,"enemies":"Orb Walker","floor":35,"turns":3},{"damage":4,"enemies":"3 Darklings","floor":36,"turns":3},{"damage":0,"enemies":"Mind Bloom Boss Battle","floor":38,"turns":7},{"damage":24,"enemies":"Jaw Worm Horde","floor":39,"turns":4},{"damage":17,"enemies":"Reptomancer","floor":40,"turns":6},{"damage":33,"enemies":"Giant Head","floor":42,"turns":8},{"damage":37,"enemies":"Reptomancer","floor":44,"turns":4}],"seed_played":"-64983021752941542","potions_obtained":[{"floor":1,"key":"FearPotion"},{"floor":3,"key":"SkillPotion"},{"floor":10,"key":"Poison Potion"},{"floor":20,"key":"Fire Potion"},{"floor":20,"key":"Block Potion"},{"floor":29,"key":"Fire Potion"},{"floor":31,"key":"Fire Potion"},{"floor":35,"key":"Ancient Potion"}],"is_trial":false,"path_per_floor":["M","?","M","?","M","R","E","R","T","M","?","R","M","$","R","B",null,"M","?","?","M","$","R","M","E","T","E","R","M","R","M","R","B",null,"M","M","$","?","M","E","R","E","T","E"],"character_chosen":"DEFECT","items_purchased":["Barrage","Pen Nib","PreservedInsect"],"campfire_rested":2,"item_purchase_floors":[14,14,22],"current_hp_per_floor":[64,57,57,57,57,57,47,47,47,54,43,43,45,45,45,27,60,52,31,31,41,41,41,40,40,40,14,35,44,44,44,65,45,65,65,71,71,71,57,60,60,27,27,0],"gold":439,"neow_bonus":"RANDOM_COMMON_RELIC","is_prod":false,"is_daily":false,"chose_seed":false,"campfire_upgraded":6,"win_rate":0,"timestamp":1564286732,"path_taken":["M","?","M","?","M","R","E","R","T","M","?","R","M","$","R","BOSS","M","?","?","M","$","R","M","E","T","E","R","M","R","M","R","BOSS","M","M","$","?","M","E","R","E","T","E"],"build_version":"2019-07-17","purchased_purges":1,"victory":false,"max_hp_per_floor":[71,71,71,71,71,71,71,71,71,71,71,71,71,71,71,71,71,71,71,71,71,71,71,71,71,71,71,71,71,71,71,71,71,71,71,71,71,71,71,71,71,71,71,71],"card_choices":[{"not_picked":["Steam Power","Beam Cell"],"picked":"BootSequence","floor":1},{"not_picked":["Blizzard","Steam Power","Redo"],"picked":"SKIP","floor":3},{"not_picked":["Stack","Coolheaded"],"picked":"FTL","floor":5},{"not_picked":["Darkness","Creative AI"],"picked":"Self Repair","floor":7},{"not_picked":["Skim","Stack"],"picked":"Hologram","floor":10},{"not_picked":["Aggregate","Reinforced Body","Go for the Eyes"],"picked":"SKIP","floor":13},{"not_picked":["Reboot","Buffer"],"picked":"Core Surge","floor":16},{"not_picked":["Stack","Consume"],"picked":"Ball Lightning","floor":18},{"not_picked":["Undo","Beam Cell+1"],"picked":"Genetic Algorithm+1","floor":21},{"not_picked":["Beam Cell","Genetic Algorithm"],"picked":"Coolheaded","floor":24},{"not_picked":["Rebound","Stack"],"picked":"Compile Driver","floor":25},{"not_picked":["Ball Lightning","Streamline"],"picked":"Static Discharge","floor":27},{"not_picked":["Rip and Tear","Double Energy+1"],"picked":"Coolheaded+1","floor":29},{"not_picked":["Streamline","Hologram"],"picked":"White Noise","floor":29},{"not_picked":["Steam Power+1","Sweeping Beam"],"picked":"Conserve Battery","floor":31},{"not_picked":["Aggregate","Barrage+1","Consume"],"picked":"SKIP","floor":31},{"not_picked":["Core Surge","Buffer"],"picked":"Electrodynamics","floor":33},{"not_picked":["Leap","Beam Cell"],"picked":"Undo","floor":35},{"not_picked":["Melter","Stack","Ball Lightning+1"],"picked":"SKIP","floor":35},{"not_picked":["BootSequence","Skim"],"picked":"Hologram","floor":36},{"not_picked":["Beam Cell","Stack+1","Compile Driver"],"picked":"SKIP","floor":36},{"not_picked":["Loop","Compile Driver+1"],"picked":"Fission","floor":39},{"not_picked":["Beam Cell+1","Ball Lightning+1","Steam"],"picked":"SKIP","floor":39},{"not_picked":["Consume","Force Field","Rip and Tear+1"],"picked":"SKIP","floor":40},{"not_picked":["Gash","Darkness","Ball Lightning"],"picked":"SKIP","floor":42}],"player_experience":2625311,"relics_obtained":[{"floor":7,"key":"Omamori"},{"floor":9,"key":"Happy Flower"},{"floor":19,"key":"Enchiridion"},{"floor":25,"key":"Mercury Hourglass"},{"floor":27,"key":"Prayer Wheel"},{"floor":38,"key":"StoneCalendar"},{"floor":40,"key":"Vajra"},{"floor":42,"key":"Bag of Marbles"},{"floor":43,"key":"Dream Catcher"}],"event_choices":[{"cards_removed":["Strike_B"],"damage_healed":0,"gold_gain":0,"player_choice":"Card Removal","damage_taken":7,"max_hp_gain":0,"max_hp_loss":0,"event_name":"Golden Wing","floor":2,"gold_loss":0},{"damage_healed":0,"gold_gain":0,"player_choice":"Ignored","damage_taken":0,"max_hp_gain":0,"max_hp_loss":0,"event_name":"Golden Idol","floor":4,"gold_loss":0},{"damage_healed":0,"gold_gain":75,"player_choice":"Gather Gold","damage_taken":11,"max_hp_gain":0,"max_hp_loss":0,"event_name":"World of Goop","floor":11,"gold_loss":0},{"damage_healed":0,"gold_gain":0,"player_choice":"Obtained Book","damage_taken":21,"max_hp_gain":0,"max_hp_loss":0,"event_name":"Cursed Tome","floor":19,"gold_loss":0},{"damage_healed":0,"gold_gain":0,"player_choice":"Got Potions","damage_taken":0,"max_hp_gain":0,"max_hp_loss":0,"event_name":"Lab","floor":20,"gold_loss":0},{"damage_healed":0,"gold_gain":0,"player_choice":"Fight","damage_taken":0,"max_hp_gain":0,"max_hp_loss":0,"event_name":"MindBloom","floor":38,"gold_loss":0}],"is_beta":false,"boss_relics":[{"not_picked":["Philosopher\u0027s Stone","Coffee Dripper"],"picked":"Pandora\u0027s Box"},{"not_picked":["Runic Pyramid","Velvet Choker"],"picked":"Astrolabe"}],"items_purged_floors":[14],"is_endless":false,"potions_floor_spawned":[1,3,10,21,29,31,35,36,38],"killed_by":"Reptomancer","ascension_level":15}