{"gold_per_floor":[119,137,137,151,227,247,278,289,313,313,341,341,353,370,370,370],"floor_reached":16,"playtime":443,"items_purged":[],"score":200,"play_id":"3979afc5-ae6d-4056-a47e-566853cf4eab","local_time":"20190813203300","is_ascension_mode":true,"campfire_choices":[{"data":"Spot Weakness","floor":10,"key":"SMITH"},{"data":"Bash","floor":12,"key":"SMITH"},{"data":"Armaments","floor":15,"key":"SMITH"}],"neow_cost":"NONE","seed_source_timestamp":2946943905896319,"circlet_count":0,"master_deck":["AscendersBane","Strike_R","Strike_R","Strike_R","Strike_R","Strike_R","Defend_R","Defend_R","Defend_R","Defend_R","Bash+1","Flame Barrier","Spot Weakness+1","Twin Strike","Barricade","True Grit","Armaments+1"],"special_seed":0,"relics":["Burning Blood","Potion Belt","Bottled Lightning","PreservedInsect","Omamori","Art of War"],"potions_floor_usage":[11,13,16,16],"damage_taken":[{"damage":0.0,"enemies":"Small Slimes","floor":1.0,"turns":6.0},{"damage":2.0,"enemies":"Jaw Worm","floor":2.0,"turns":3.0},{"damage":6.0,"enemies":"Cultist","floor":4.0,"turns":4.0},{"damage":9,"enemies":"Large Slime","floor":6,"turns":5},{"damage":30,"enemies":"3 Sentries","floor":7,"turns":9},{"damage":11,"enemies":"Looter","floor":8,"turns":3},{"damage":8,"enemies":"Gremlin Nob","floor":11,"turns":3},{"damage":24,"enemies":"Exordium Wildlife","floor":13,"turns":5},{"damage":2,"enemies":"Blue Slaver","floor":14,"turns":3},{"damage":34,"enemies":"Hexaghost","floor":16,"turns":9}],"seed_played":"-8955920004859487094","potions_obtained":[{"floor":7,"key":"Poison Potion"},{"floor":8,"key":"Dexterity Potion"},{"floor":11,"key":"Energy Potion"},{"floor":14,"key":"FearPotion"}],"is_trial":false,"path_per_floor":["M","M","?","M","T","M","E","M","T","R","E","R","M","M","R","B"],"character_chosen":"IRONCLAD","items_purchased":[],"campfire_rested":0,"item_purchase_floors":[],"current_hp_per_floor":[74,75,80,80,80,77,53,48,48,48,46,46,28,32,32,0],"gold":370,"neow_bonus":"RANDOM_COMMON_RELIC","is_prod":false,"is_daily":false,"chose_seed":false,"campfire_upgraded":3,"win_rate":0,"timestamp":1565742780,"path_taken":["M","M","?","M","?","M","E","?","T","R","E","R","M","M","R","BOSS"],"build_version":"2019-07-17","purchased_purges":0,"victory":false,"max_hp_per_floor":[75,75,80,80,80,80,80,80,80,80,80,80,80,80,80,80],"card_choices":[{"not_picked":["True Grit","Havoc","Power Through"],"picked":"SKIP","floor":1.0},{"not_picked":["Iron Wave","Warcry"],"picked":"Flame Barrier","floor":2.0},{"not_picked":["Havoc","Armaments"],"picked":"Spot Weakness","floor":4.0},{"not_picked":["Bloodletting","Wild Strike","Flex"],"picked":"SKIP","floor":6},{"not_picked":["Brutality","Havoc","Berserk"],"picked":"SKIP","floor":7},{"not_picked":["Evolve","Sentinel"],"picked":"Twin Strike","floor":8},{"not_picked":["Ghostly Armor","Shockwave"],"picked":"Barricade","floor":11},{"not_picked":["Spot Weakness","Perfected Strike"],"picked":"True Grit","floor":13},{"not_picked":["Iron Wave","Cleave"],"picked":"Armaments","floor":14}],"player_experience":2678276,"relics_obtained":[{"floor":5.0,"key":"Bottled Lightning"},{"floor":7,"key":"PreservedInsect"},{"floor":9,"key":"Omamori"},{"floor":11,"key":"Art of War"}],"event_choices":[{"damage_healed":0.0,"max_hp_gain":5.0,"max_hp_loss":0.0,"gold_gain":0.0,"event_name":"Big Fish","player_choice":"Donut","floor":3.0,"gold_loss":0.0,"damage_taken":0.0}],"is_beta":false,"boss_relics":[],"items_purged_floors":[],"is_endless":false,"potions_floor_spawned":[7,8,11,14],"killed_by":"Hexaghost","ascension_level":15}