{"gold_per_floor":[118,136,136,146,165,197,197,212,212,237,237,256,34,34,34,139,139,154,171,200,52,52,52,83,93,93,93,93,93,123,36,36,140,140,159,174,12,12,27,27,38,38,62,74,91,91,110,139,139,139],"floor_reached":51,"playtime":3525,"items_purged":["Defend_B","Strike_B","Strike_B+1"],"score":702,"play_id":"a9a2ab8b-9e92-4912-bf24-0d415afb675e","local_time":"20190816113115","is_ascension_mode":false,"campfire_choices":[{"floor":7.0,"key":"REST"},{"data":"Creative AI","floor":15.0,"key":"SMITH"},{"floor":23.0,"key":"REST"},{"floor":29.0,"key":"REST"},{"floor":32.0,"key":"REST"},{"floor":40.0,"key":"REST"},{"data":"Juggernaut","floor":42.0,"key":"SMITH"},{"floor":46.0,"key":"REST"},{"floor":49.0,"key":"REST"}],"neow_cost":"NONE","seed_source_timestamp":0,"circlet_count":0,"master_deck":["Defend_B+1","Defend_B+1","Defend_B+1","Zap+1","Dualcast","Ball Lightning","Conserve Battery","Reinforced Body","Beam Cell","Barrage","Electrodynamics","Creative AI+1","Leap","Machine Learning","FTL+1","Cold Snap","Barrage+1","Cold Snap","Auto Shields","Glacier","Seek+1","Jack Of All Trades+1","Double Energy+1","Reboot+1","Coolheaded+1","Glacier+1","Juggernaut+1","Tempest+1","Ball Lightning+1","Gash+1","Go for the Eyes+1","Gash+1","Cold Snap+1","Gash+1"],"special_seed":0,"relics":["Cracked Core","Ornamental Fan","Dream Catcher","Centennial Puzzle","Matryoshka","Happy Flower","Black Star","Red Mask","Lantern","Oddly Smooth Stone","Bag of Preparation","Molten Egg 2","Toxic Egg 2","Question Card","Inserter","Vajra","Smiling Mask","Shuriken","Kunai"],"potions_floor_usage":[50,50,50],"damage_taken":[{"damage":0.0,"enemies":"2 Louse","floor":1.0,"turns":3.0},{"damage":1.0,"enemies":"Cultist","floor":2.0,"turns":3.0},{"damage":1.0,"enemies":"Jaw Worm","floor":4.0,"turns":3.0},{"damage":11.0,"enemies":"Exordium Thugs","floor":5.0,"turns":4.0},{"damage":9.0,"enemies":"Lagavulin","floor":6.0,"turns":5.0},{"damage":2.0,"enemies":"2 Fungi Beasts","floor":8.0,"turns":3.0},{"damage":28.0,"enemies":"3 Sentries","floor":10.0,"turns":7.0},{"damage":11.0,"enemies":"Exordium Wildlife","floor":12.0,"turns":2.0},{"damage":19.0,"enemies":"Hexaghost","floor":16.0,"turns":9.0},{"damage":3.0,"enemies":"Shell Parasite","floor":18.0,"turns":7.0},{"damage":8.0,"enemies":"3 Byrds","floor":19.0,"turns":3.0},{"damage":10.0,"enemies":"Masked Bandits","floor":20.0,"turns":2.0},{"damage":23.0,"enemies":"Book of Stabbing","floor":24.0,"turns":6.0},{"damage":6.0,"enemies":"Centurion and Healer","floor":25.0,"turns":5.0},{"damage":16.0,"enemies":"Slavers","floor":30.0,"turns":9.0},{"damage":52.0,"enemies":"Automaton","floor":33.0,"turns":14.0},{"damage":12.0,"enemies":"3 Darklings","floor":35.0,"turns":6.0},{"damage":0.0,"enemies":"Orb Walker","floor":36.0,"turns":5.0},{"damage":16.0,"enemies":"Transient","floor":39.0,"turns":5.0},{"damage":4.0,"enemies":"3 Darklings","floor":41.0,"turns":4.0},{"damage":22.0,"enemies":"Writhing Mass","floor":44.0,"turns":4.0},{"damage":2.0,"enemies":"Sphere and 2 Shapes","floor":45.0,"turns":4.0},{"damage":0.0,"enemies":"Maw","floor":47.0,"turns":6.0},{"damage":3.0,"enemies":"Giant Head","floor":48.0,"turns":7.0},{"damage":8,"enemies":"Donu and Deca","floor":50,"turns":6}],"seed_played":"-4482928972444990624","potions_obtained":[{"floor":1.0,"key":"Poison Potion"},{"floor":4.0,"key":"SpeedPotion"},{"floor":10.0,"key":"FocusPotion"},{"floor":16.0,"key":"Fire Potion"},{"floor":36.0,"key":"EssenceOfSteel"},{"floor":41.0,"key":"Ancient Potion"}],"is_trial":false,"path_per_floor":["M","M","?","M","M","E","R","M","T","E","?","M","$","$","R","B",null,"M","M","?","$","?","R","E","M","T","$","?","R","E","$","R","B",null,"M","M","$","?","M","R","M","R","T","M","M","R","M","E","R","B",null],"character_chosen":"DEFECT","items_purchased":["Happy Flower","Cold Snap","Jack Of All Trades+1","Glacier+1"],"campfire_rested":7,"item_purchase_floors":[13,21,31,37],"current_hp_per_floor":[75,74,74,73,62,53,75,73,73,45,45,34,34,34,34,15,75,72,64,54,54,54,75,52,46,46,46,46,68,52,52,74,22,75,63,63,63,63,47,69,65,65,65,43,41,63,63,60,75,67],"gold":139,"neow_bonus":"UPGRADE_CARD","is_prod":false,"is_daily":false,"chose_seed":false,"campfire_upgraded":2,"win_rate":0,"timestamp":1565947875,"path_taken":["M","M","?","?","M","E","R","M","T","E","?","M","?","$","R","BOSS","M","M","?","$","?","R","E","?","T","$","?","R","E","?","R","BOSS","M","M","$","?","?","R","M","R","T","M","M","R","M","E","R","BOSS"],"build_version":"2019-07-17","purchased_purges":3,"victory":true,"max_hp_per_floor":[75,75,75,75,75,75,75,75,75,75,75,75,75,75,75,75,75,75,75,75,75,75,75,75,75,75,75,75,75,75,75,75,75,75,75,75,75,75,75,75,75,75,75,75,75,75,75,75,75,75],"card_choices":[{"not_picked":["Recycle","Fusion","Hologram"],"picked":"SKIP","floor":1.0},{"not_picked":["Sunder","Beam Cell"],"picked":"Ball Lightning","floor":2.0},{"not_picked":["Hologram","Compile Driver","Fusion"],"picked":"SKIP","floor":4.0},{"not_picked":["Turbo","Chaos"],"picked":"Conserve Battery","floor":5.0},{"not_picked":["Storm","Multi-Cast"],"picked":"Reinforced Body","floor":6.0},{"not_picked":["Turbo","Redo"],"picked":"Beam Cell","floor":7.0},{"not_picked":["BootSequence","Sunder"],"picked":"Barrage","floor":8.0},{"not_picked":["Barrage","Heatsinks"],"picked":"Electrodynamics","floor":10.0},{"not_picked":["Steam","Compile Driver"],"picked":"Leap","floor":12.0},{"not_picked":["Reboot","Core Surge"],"picked":"Machine Learning","floor":16.0},{"not_picked":["Compile Driver","Rebound+1"],"picked":"FTL+1","floor":18.0},{"not_picked":["Barrage","Consume"],"picked":"Cold Snap","floor":19.0},{"not_picked":["Heatsinks","Rebound"],"picked":"Barrage+1","floor":20.0},{"not_picked":["Steam","Turbo"],"picked":"Auto Shields","floor":23.0},{"not_picked":["Hologram","Sweeping Beam","Steam Power"],"picked":"SKIP","floor":24.0},{"not_picked":["Static Discharge","Sweeping Beam"],"picked":"Glacier","floor":25.0},{"not_picked":["Meteor Strike+1","Self Repair+1"],"picked":"Seek","floor":30.0},{"not_picked":["Barrage+1","Static Discharge","Hologram+1"],"picked":"Double Energy+1","floor":32.0},{"not_picked":["Meteor Strike+1","Echo Form","Creative AI"],"picked":"Reboot+1","floor":33.0},{"not_picked":["Beam Cell+1","Rebound+1","Streamline+1"],"picked":"Coolheaded+1","floor":35.0},{"not_picked":["Biased Cognition","Steam+1","Beam Cell+1","Hello World+1"],"picked":"SKIP","floor":36.0},{"not_picked":["Ball Lightning+1","Steam+1","Rebound+1"],"picked":"Tempest+1","floor":39.0},{"not_picked":["Self Repair+1","Compile Driver+1","Conserve Battery+1"],"picked":"Ball Lightning+1","floor":40.0},{"not_picked":["Streamline+1","Stack+1","Sweeping Beam+1"],"picked":"Gash+1","floor":41.0},{"not_picked":["Ball Lightning+1","Blizzard+1","Stack+1"],"picked":"Go for the Eyes+1","floor":44.0},{"not_picked":["Turbo+1","Compile Driver+1","Conserve Battery+1"],"picked":"Gash+1","floor":45.0},{"not_picked":["Scrape+1","Chaos+1","Coolheaded+1","Heatsinks"],"picked":"SKIP","floor":47.0},{"not_picked":["Sweeping Beam+1","Reprogram+1","Hologram+1"],"picked":"Cold Snap+1","floor":48.0},{"not_picked":["White Noise+1","Recycle+1","Rebound+1"],"picked":"Gash+1","floor":49.0}],"player_experience":324041,"relics_obtained":[{"floor":3.0,"key":"Ornamental Fan"},{"floor":6.0,"key":"Dream Catcher"},{"floor":9.0,"key":"Centennial Puzzle"},{"floor":10.0,"key":"Matryoshka"},{"floor":20.0,"key":"Red Mask"},{"floor":24.0,"key":"Lantern"},{"floor":24.0,"key":"Oddly Smooth Stone"},{"floor":26.0,"key":"Bag of Preparation"},{"floor":26.0,"key":"Molten Egg 2"},{"floor":30.0,"key":"Toxic Egg 2"},{"floor":30.0,"key":"Question Card"},{"floor":43.0,"key":"Vajra"},{"floor":43.0,"key":"Smiling Mask"},{"floor":48.0,"key":"Shuriken"},{"floor":48.0,"key":"Kunai"}],"event_choices":[{"damage_healed":0.0,"max_hp_gain":0.0,"max_hp_loss":0.0,"gold_gain":0.0,"event_name":"Wheel of Change","player_choice":"Relic","floor":3.0,"gold_loss":0.0,"damage_taken":0.0},{"damage_healed":0.0,"max_hp_gain":0.0,"max_hp_loss":0.0,"gold_gain":0.0,"cards_transformed":["Strike_B"],"event_name":"Transmorgrifier","player_choice":"Transformed","floor":11.0,"gold_loss":0.0,"damage_taken":0.0,"cards_obtained":["Creative AI"]},{"damage_healed":0.0,"max_hp_gain":0.0,"max_hp_loss":0.0,"gold_gain":0.0,"event_name":"Masked Bandits","player_choice":"Fought Bandits","floor":20.0,"gold_loss":0.0,"damage_taken":0.0},{"damage_healed":0.0,"max_hp_gain":0.0,"max_hp_loss":0.0,"gold_gain":0.0,"event_name":"The Woman in Blue","player_choice":"Bought 0 Potions","floor":22.0,"gold_loss":0.0,"damage_taken":0.0},{"damage_healed":0.0,"max_hp_gain":0.0,"max_hp_loss":0.0,"gold_gain":0.0,"event_name":"Back to Basics","player_choice":"Simplicity","floor":28.0,"gold_loss":0.0,"damage_taken":0.0,"cards_upgraded":["Strike_B","Strike_B","Defend_B","Defend_B","Defend_B"]},{"cards_removed":["Strike_B"],"damage_healed":0.0,"max_hp_gain":0.0,"max_hp_loss":0.0,"gold_gain":0.0,"event_name":"NoteForYourself","player_choice":"Took Card","floor":38.0,"gold_loss":0.0,"damage_taken":0.0,"cards_obtained":["Juggernaut"]}],"is_beta":false,"boss_relics":[{"not_picked":["Snecko Eye","Lizard Tail"],"picked":"Black Star"},{"not_picked":["Orrery","Sozu"],"picked":"Inserter"}],"items_purged_floors":[13,21,37],"is_endless":false,"potions_floor_spawned":[1,4,10,12,16,19,24,36,41,44,48],"ascension_level":0}