{"gold_per_floor":[112,112,129,148,161,161,192,192,260,32,48,48,65,14,14,116,166,180,193,193,212,212,212,228,246,246,246,263,52,62,15,15,15],"floor_reached":33,"playtime":3488,"items_purged":["Defend_R","Strike_R"],"score":317,"play_id":"01a50867-6090-47e9-a5f3-2913ff350a30","local_time":"20190630192135","is_ascension_mode":true,"campfire_choices":[{"data":"Armaments","floor":6,"key":"SMITH"},{"data":"Bash","floor":8,"key":"SMITH"},{"data":"Metallicize","floor":12,"key":"SMITH"},{"data":"Shrug It Off","floor":15,"key":"SMITH"},{"data":"Demon Form","floor":23,"key":"SMITH"},{"data":"Heavy Blade","floor":27,"key":"SMITH"},{"floor":32,"key":"REST"}],"neow_cost":"NONE","seed_source_timestamp":778327600335500,"circlet_count":0,"master_deck":["Strike_R","Strike_R","Strike_R+1","Defend_R","Defend_R","Bash+1","Dropkick","Metallicize+1","Iron Wave","Shrug It Off+1","Shrug It Off","Armaments+1","Intimidate","Corruption","Shrug It Off","Demon Form+1","Metallicize","Intimidate+1","Heavy Blade+1","Metallicize+1","Sword Boomerang","Seeing Red+1","Flex","Feel No Pain","Infernal Blade","Dark Embrace","Heavy Blade"],"relics":["Burning Blood","StoneCalendar","Bottled Lightning","Bag of Marbles","Tiny House"],"potions_floor_usage":[7,16,30,30,33],"damage_taken":[{"damage":1,"enemies":"Cultist","floor":1,"turns":3},{"damage":3,"enemies":"Jaw Worm","floor":3,"turns":5},{"damage":3,"enemies":"2 Louse","floor":4,"turns":4},{"damage":29,"enemies":"Lots of Slimes","floor":5,"turns":10},{"damage":12,"enemies":"Gremlin Nob","floor":7,"turns":4},{"damage":6,"enemies":"Gremlin Gang","floor":11,"turns":7},{"damage":3,"enemies":"Large Slime","floor":13,"turns":6},{"damage":9,"enemies":"Slime Boss","floor":16,"turns":7},{"damage":4,"enemies":"3 Byrds","floor":18,"turns":7},{"damage":4,"enemies":"Shell Parasite","floor":19,"turns":7},{"damage":24,"enemies":"Snake Plant","floor":21,"turns":6},{"damage":10,"enemies":"Snecko","floor":24,"turns":4},{"damage":13,"enemies":"Shelled Parasite and Fungi","floor":25,"turns":7},{"damage":21,"enemies":"Cultist and Chosen","floor":28,"turns":6},{"damage":29,"enemies":"Snake Plant","floor":30,"turns":7},{"damage":45,"enemies":"Automaton","floor":33,"turns":6}],"seed_played":"-9185513390716608421","potions_obtained":[{"floor":3,"key":"FearPotion"},{"floor":7,"key":"Weak Potion"},{"floor":13,"key":"Poison Potion"},{"floor":17,"key":"EssenceOfSteel"},{"floor":18,"key":"Explosive Potion"},{"floor":28,"key":"Dexterity Potion"}],"is_trial":false,"path_per_floor":["M","?","M","M","M","R","E","R","T","$","M","R","M","$","R","B",null,"M","M","?","M","?","R","M","M","T","R","M","$","M","$","R","B"],"character_chosen":"IRONCLAD","items_purchased":["Bag of Marbles","Dexterity Potion","Feel No Pain","Infernal Blade","Heavy Blade"],"campfire_rested":1,"item_purchase_floors":[10,14,29,29,31],"current_hp_per_floor":[80,80,80,80,57,57,51,51,51,51,51,51,54,54,54,51,85,85,85,85,67,67,67,63,56,56,56,41,41,18,18,43,0],"gold":15,"neow_bonus":"THREE_CARDS","is_prod":false,"is_daily":false,"chose_seed":false,"campfire_upgraded":6,"win_rate":0,"timestamp":1561915295,"path_taken":["M","?","M","M","M","R","E","R","T","?","M","R","?","$","R","BOSS","M","M","?","?","?","R","?","M","T","R","M","$","M","$","R","BOSS"],"build_version":"2019-01-23","purchased_purges":2,"victory":false,"max_hp_per_floor":[80,80,80,80,80,80,80,80,80,80,80,80,80,80,80,80,85,85,85,85,85,85,85,85,85,85,85,85,85,85,85,85,85],"card_choices":[{"not_picked":["Warcry","Burning Pact"],"picked":"Dropkick","floor":0},{"not_picked":["Iron Wave","Shrug It Off"],"picked":"Metallicize","floor":1},{"not_picked":["Burning Pact","Flame Barrier"],"picked":"Shrug It Off","floor":3},{"not_picked":["Infernal Blade","Sword Boomerang"],"picked":"Shrug It Off","floor":4},{"not_picked":["Fire Breathing","Sentinel"],"picked":"Armaments","floor":5},{"not_picked":["Fire Breathing","Bloodletting"],"picked":"Intimidate","floor":7},{"not_picked":["Anger","Armaments"],"picked":"Corruption","floor":11},{"not_picked":["Sword Boomerang","Havoc"],"picked":"Shrug It Off","floor":13},{"not_picked":["Barricade","Double Tap"],"picked":"Demon Form","floor":16},{"not_picked":["Wild Strike","Whirlwind"],"picked":"Metallicize","floor":17},{"not_picked":["Headbutt+1","Perfected Strike"],"picked":"Intimidate+1","floor":18},{"not_picked":["Evolve","Hemokinesis"],"picked":"Heavy Blade","floor":19},{"not_picked":["Ghostly Armor","Armaments"],"picked":"Sword Boomerang","floor":21},{"not_picked":["Armaments","Wild Strike","Shrug It Off"],"picked":"SKIP","floor":24},{"not_picked":["Whirlwind","Infernal Blade"],"picked":"Seeing Red+1","floor":25},{"not_picked":["Cleave","Burning Pact"],"picked":"Flex","floor":28},{"not_picked":["Anger","Thunderclap"],"picked":"Dark Embrace","floor":30}],"player_experience":293353,"relics_obtained":[{"floor":7,"key":"StoneCalendar"},{"floor":9,"key":"Bottled Lightning"}],"event_choices":[{"damage_healed":0,"gold_gain":0,"cards_transformed":["Strike_R"],"player_choice":"Transformed","damage_taken":0,"max_hp_gain":0,"max_hp_loss":0,"event_name":"Transmorgrifier","floor":2,"gold_loss":0,"cards_obtained":["Iron Wave"]},{"damage_healed":0,"gold_gain":0,"player_choice":"Copied","damage_taken":0,"max_hp_gain":0,"max_hp_loss":0,"event_name":"Duplicator","floor":20,"gold_loss":0,"cards_obtained":["Metallicize"]},{"cards_removed":["Defend_R"],"damage_healed":0,"gold_gain":0,"player_choice":"Card Removal","damage_taken":0,"max_hp_gain":0,"max_hp_loss":0,"event_name":"Wheel of Change","floor":22,"gold_loss":0}],"is_beta":false,"boss_relics":[{"not_picked":["Lizard Tail","White Beast Statue"],"picked":"Tiny House"}],"items_purged_floors":[10,29],"is_endless":false,"potions_floor_spawned":[3,7,13,18,19,28],"killed_by":"Automaton","ascension_level":3}