{"gold_per_floor":[360,360,310,327,327,359,369,419,419,8,19,19],"floor_reached":12,"playtime":519,"items_purged":["Clumsy"],"score":78,"play_id":"1cfe5ac1-223f-4af8-b0af-28c79f3fec3f","local_time":"20190824172239","is_ascension_mode":false,"campfire_choices":[],"neow_cost":"CURSE","seed_source_timestamp":567646564166000,"circlet_count":0,"master_deck":["Strike_R","Strike_R+1","Strike_R+1","Strike_R","Defend_R","Defend_R","Defend_R","Defend_R","Bash","Dropkick","Sentinel","Seeing Red","Good Instincts","Sword Boomerang"],"relics":["Burning Blood","Omamori","Strawberry","Orichalcum","Frozen Egg 2","Self Forming Clay"],"potions_floor_usage":[12],"damage_taken":[{"damage":6,"enemies":"Jaw Worm","floor":1,"turns":5},{"damage":3,"enemies":"Small Slimes","floor":4,"turns":3},{"damage":44,"enemies":"Lagavulin","floor":6,"turns":9},{"damage":0,"enemies":"2 Louse","floor":7,"turns":4},{"damage":0,"enemies":"Looter","floor":11,"turns":3},{"damage":42,"enemies":"3 Sentries","floor":12,"turns":8}],"seed_played":"3981444544619954860","potions_obtained":[{"floor":7,"key":"Ancient Potion"},{"floor":11,"key":"Poison Potion"}],"is_trial":false,"path_per_floor":["M","?","?","M","?","E","M","T","T","$","M","E"],"character_chosen":"IRONCLAD","items_purchased":["Self Forming Clay","Good Instincts"],"campfire_rested":0,"item_purchase_floors":[10,10],"current_hp_per_floor":[80,64,64,67,60,29,35,35,35,35,41,0],"gold":19,"neow_bonus":"TWO_FIFTY_GOLD","is_prod":false,"is_daily":false,"chose_seed":false,"campfire_upgraded":0,"win_rate":0,"timestamp":1566663759,"path_taken":["M","?","?","M","?","E","M","?","T","?","?","E"],"build_version":"2019-07-17","purchased_purges":1,"victory":false,"max_hp_per_floor":[80,80,80,80,80,87,87,87,87,87,87,87],"card_choices":[{"not_picked":["Havoc","Rampage"],"picked":"Dropkick","floor":1},{"not_picked":["Heavy Blade","Combust","Body Slam"],"picked":"SKIP","floor":4},{"not_picked":["Shockwave","True Grit"],"picked":"Sentinel","floor":6},{"not_picked":["Hemokinesis","Searing Blow"],"picked":"Seeing Red","floor":7},{"not_picked":["Rupture+1","Dual Wield"],"picked":"Sword Boomerang","floor":11}],"player_experience":70811,"relics_obtained":[{"floor":6,"key":"Strawberry"},{"floor":8,"key":"Orichalcum"},{"floor":9,"key":"Frozen Egg 2"}],"event_choices":[{"damage_healed":0,"gold_gain":0,"player_choice":"Entered Light","damage_taken":16,"max_hp_gain":0,"max_hp_loss":0,"event_name":"Shining Light","floor":2,"gold_loss":0,"cards_upgraded":["Strike_R","Strike_R"]},{"cards_removed":["Strike_R"],"damage_healed":0,"gold_gain":0,"player_choice":"Card Removal","damage_taken":0,"max_hp_gain":0,"max_hp_loss":0,"event_name":"The Cleric","floor":3,"gold_loss":50},{"damage_healed":0,"gold_gain":0,"player_choice":"Success","damage_taken":7,"relics_obtained":["Omamori"],"max_hp_gain":0,"max_hp_loss":0,"event_name":"Scrap Ooze","floor":5,"gold_loss":0}],"is_beta":false,"boss_relics":[],"items_purged_floors":[10],"is_endless":false,"potions_floor_spawned":[7,11],"killed_by":"3 Sentries","ascension_level":0}