{"gold_per_floor":[114,114,33,46,60,88,88,107,132,132,132,155,175,218,218,348,348,368,368,399,399,30,30,48,73,85,128,154,191,203,235,247,259],"floor_reached":33,"playtime":2952,"items_purged":["Writhe"],"score":277,"play_id":"f59cc1a9-17f3-4d30-98ed-6472e4f0cf38","local_time":"20181226021323","is_ascension_mode":false,"campfire_choices":[{"floor":7,"key":"REST"},{"data":"Rampage","floor":10,"key":"SMITH"},{"floor":15,"key":"REST"},{"floor":23,"key":"REST"},{"floor":30,"key":"REST"},{"data":"Armaments","floor":32,"key":"SMITH"}],"neow_cost":"NONE","seed_source_timestamp":401098382380200,"circlet_count":0,"master_deck":["Strike_R","Strike_R","Strike_R","Defend_R","Defend_R","Defend_R","Defend_R","Brutality","Anger","Shrug It Off","Armaments","Clothesline","Rampage+1","Armaments+1","Flame Barrier","Bludgeon","Reaper+1","Flame Barrier+1","Thunderclap+1","Metallicize+1","RitualDagger","Infernal Blade","Dual Wield+1","Warcry","Infernal Blade","Twin Strike"],"relics":["Burning Blood","Red Skull","Ancient Tea Set","Juzu Bracelet","Golden Idol","Bronze Scales","Astrolabe","Strawberry","Red Mask","Mummified Hand","MawBank","Bottled Flame","Paper Frog"],"potions_floor_usage":[14,20,27,33],"damage_taken":[{"damage":0,"enemies":"Small Slimes","floor":1,"turns":5},{"damage":1,"enemies":"2 Louse","floor":4,"turns":3},{"damage":1,"enemies":"Cultist","floor":5,"turns":3},{"damage":37,"enemies":"Gremlin Nob","floor":6,"turns":5},{"damage":4,"enemies":"Blue Slaver","floor":8,"turns":4},{"damage":0,"enemies":"2 Fungi Beasts","floor":12,"turns":3},{"damage":16,"enemies":"Large Slime","floor":13,"turns":5},{"damage":28,"enemies":"Lagavulin","floor":14,"turns":7},{"damage":47,"enemies":"The Guardian","floor":16,"turns":12},{"damage":7,"enemies":"3 Byrds","floor":18,"turns":5},{"damage":54,"enemies":"Masked Bandits","floor":20,"turns":6},{"damage":6,"enemies":"Shell Parasite","floor":24,"turns":7},{"damage":23,"enemies":"Slavers","floor":27,"turns":5},{"damage":33,"enemies":"Chosen and Byrds","floor":28,"turns":8},{"damage":1,"enemies":"Snecko","floor":29,"turns":4},{"damage":13,"enemies":"Cultist and Chosen","floor":31,"turns":6},{"damage":75,"enemies":"Automaton","floor":33,"turns":6}],"seed_played":"8086753610887273604","potions_obtained":[{"floor":4,"key":"Explosive Potion"},{"floor":5,"key":"Ancient Potion"},{"floor":13,"key":"PowerPotion"},{"floor":16,"key":"Fire Potion"},{"floor":31,"key":"Explosive Potion"}],"is_trial":false,"path_per_floor":["M","?","?","M","M","E","R","M","T","R","?","M","M","E","R","B",null,"M","?","?","?","$","R","M","T","T","E","M","M","R","M","R","B"],"character_chosen":"IRONCLAD","items_purchased":["Mummified Hand","PowerPotion"],"campfire_rested":4,"item_purchase_floors":[22,22],"current_hp_per_floor":[80,85,85,85,85,54,79,81,81,81,60,66,56,34,59,18,85,84,91,49,43,43,70,70,70,70,53,34,47,74,72,72,0],"gold":259,"neow_bonus":"ONE_RANDOM_RARE_CARD","is_prod":false,"is_daily":false,"chose_seed":false,"campfire_upgraded":2,"win_rate":0.0,"timestamp":1545786803,"path_taken":["M","?","?","M","M","E","R","?","T","R","?","M","M","E","R","BOSS","M","?","?","?","$","R","M","?","T","E","M","M","R","M","R","BOSS"],"build_version":"2018-12-20","purchased_purges":1,"victory":false,"max_hp_per_floor":[80,85,85,85,85,85,85,85,85,85,85,85,85,85,85,85,85,85,92,92,92,92,92,92,92,92,92,92,92,92,92,92,92],"card_choices":[{"not_picked":["Twin Strike","Dropkick"],"picked":"Anger","floor":1},{"not_picked":["Iron Wave","Intimidate"],"picked":"Shrug It Off","floor":4},{"not_picked":["Warcry","Flex"],"picked":"Armaments","floor":5},{"not_picked":["Warcry","Berserk"],"picked":"Clothesline","floor":6},{"not_picked":["Pommel Strike","Heavy Blade"],"picked":"Rampage","floor":8},{"not_picked":["Disarm","Sword Boomerang","Heavy Blade"],"picked":"SKIP","floor":12},{"not_picked":["Cleave","Clash"],"picked":"Armaments","floor":13},{"not_picked":["Feed","Armaments"],"picked":"Flame Barrier","floor":14},{"not_picked":["Fiend Fire","Juggernaut"],"picked":"Bludgeon","floor":16},{"not_picked":["Uppercut","Iron Wave","Thunderclap"],"picked":"SKIP","floor":18},{"not_picked":["Headbutt","Iron Wave"],"picked":"Metallicize+1","floor":20},{"not_picked":["Bloodletting","Flex"],"picked":"Infernal Blade","floor":24},{"not_picked":["Uppercut","Intimidate"],"picked":"Dual Wield+1","floor":27},{"not_picked":["Shrug It Off","Thunderclap+1"],"picked":"Warcry","floor":28},{"not_picked":["Rampage","Warcry"],"picked":"Infernal Blade","floor":29},{"not_picked":["Rupture","Perfected Strike"],"picked":"Twin Strike","floor":31}],"player_experience":12732,"relics_obtained":[{"floor":6,"key":"Ancient Tea Set"},{"floor":9,"key":"Juzu Bracelet"},{"floor":14,"key":"Bronze Scales"},{"floor":20,"key":"Red Mask"},{"floor":25,"key":"MawBank"},{"floor":26,"key":"Bottled Flame"},{"floor":27,"key":"Paper Frog"}],"event_choices":[{"damage_healed":0,"gold_gain":0,"player_choice":"Donut","damage_taken":0,"max_hp_gain":5,"max_hp_loss":0,"event_name":"Big Fish","floor":2,"gold_loss":0},{"damage_healed":0,"gold_gain":0,"player_choice":"Paid Gold","damage_taken":0,"relics_obtained":["Red Skull"],"max_hp_gain":0,"max_hp_loss":0,"event_name":"WeMeetAgain","floor":3,"gold_loss":81},{"damage_healed":0,"gold_gain":0,"player_choice":"Take Damage","damage_taken":21,"relics_obtained":["Golden Idol"],"max_hp_gain":0,"max_hp_loss":0,"event_name":"Golden Idol","floor":11,"gold_loss":0},{"damage_healed":0,"gold_gain":0,"player_choice":"Opened","damage_taken":0,"relics_obtained":["Strawberry"],"max_hp_gain":0,"max_hp_loss":0,"event_name":"The Mausoleum","floor":19,"gold_loss":0,"cards_obtained":["Writhe"]},{"damage_healed":0,"gold_gain":0,"player_choice":"Fought Bandits","damage_taken":0,"max_hp_gain":0,"max_hp_loss":0,"event_name":"Masked Bandits","floor":20,"gold_loss":0},{"damage_healed":0,"gold_gain":0,"player_choice":"Joined the Cult","damage_taken":6,"max_hp_gain":0,"max_hp_loss":0,"event_name":"Nest","floor":21,"gold_loss":0,"cards_obtained":["RitualDagger"]}],"is_beta":false,"boss_relics":[{"not_picked":["Calling Bell","Philosopher\u0027s Stone"],"picked":"Astrolabe"}],"items_purged_floors":[22],"is_endless":false,"potions_floor_spawned":[4,5,13,16,24,31],"killed_by":"Automaton","ascension_level":0}