{"gold_per_floor":[112,131,142,159,3,32,32,51,77,111,111,286,286,297,297,396,396,415,431,103,123,136,164,164],"floor_reached":24,"playtime":1347,"items_purged":["Doubt"],"score":230,"play_id":"4289b19d-e5d5-44da-9872-c49f422daae3","local_time":"20190721210932","is_ascension_mode":false,"campfire_choices":[{"floor":11,"key":"REST"},{"data":"Dualcast","floor":15,"key":"SMITH"}],"neow_cost":"NONE","seed_source_timestamp":871821636244900,"circlet_count":0,"master_deck":["Strike_B","Strike_B","Strike_B","Defend_B","Defend_B","Defend_B","Defend_B","Zap","Dualcast+1","Ball Lightning","Leap","Conserve Battery","Cold Snap","Glacier","Ball Lightning","Barrage","Undo","Streamline","Buffer","Rebound","Defragment","Genetic Algorithm","Leap","Sweeping Beam","Biased Cognition"],"relics":["Cracked Core","NeowsBlessing","Lantern","Smiling Mask","Potion Belt","Dream Catcher","Velvet Choker","Boot","Happy Flower"],"potions_floor_usage":[6,6,16,23],"damage_taken":[{"damage":0,"enemies":"Cultist","floor":1,"turns":1},{"damage":0,"enemies":"Jaw Worm","floor":2,"turns":1},{"damage":0,"enemies":"Small Slimes","floor":3,"turns":1},{"damage":1,"enemies":"3 Louse","floor":4,"turns":3},{"damage":15,"enemies":"Lagavulin","floor":6,"turns":5},{"damage":0,"enemies":"Exordium Thugs","floor":8,"turns":4},{"damage":13,"enemies":"Gremlin Nob","floor":10,"turns":4},{"damage":0,"enemies":"Gremlin Gang","floor":14,"turns":5},{"damage":35,"enemies":"Hexaghost","floor":16,"turns":13},{"damage":8,"enemies":"3 Byrds","floor":18,"turns":5},{"damage":0,"enemies":"Shell Parasite","floor":19,"turns":7},{"damage":18,"enemies":"Centurion and Healer","floor":21,"turns":9},{"damage":9,"enemies":"Shelled Parasite and Fungi","floor":22,"turns":8},{"damage":23,"enemies":"Book of Stabbing","floor":23,"turns":8},{"damage":17,"enemies":"3 Cultists","floor":24,"turns":5}],"seed_played":"1707371637186941159","potions_obtained":[{"floor":2,"key":"SkillPotion"},{"floor":4,"key":"Poison Potion"},{"floor":10,"key":"Fire Potion"},{"floor":16,"key":"SteroidPotion"},{"floor":22,"key":"Energy Potion"},{"floor":23,"key":"Poison Potion"}],"is_trial":false,"path_per_floor":["M","M","M","M","$","E","?","M","T","E","R","?","?","M","R","B",null,"M","M","$","M","M","E","M"],"character_chosen":"DEFECT","items_purchased":["Lantern","Genetic Algorithm","Boot","Block Potion"],"campfire_rested":1,"item_purchase_floors":[5,20,20,20],"current_hp_per_floor":[75,75,75,74,74,59,52,52,52,39,61,61,61,61,61,26,75,67,67,67,49,40,17,0],"gold":164,"neow_bonus":"THREE_ENEMY_KILL","is_prod":false,"is_daily":false,"chose_seed":false,"campfire_upgraded":1,"win_rate":0,"timestamp":1563736172,"path_taken":["M","M","M","?","$","E","?","M","T","E","R","?","?","?","R","BOSS","M","M","$","?","M","E","M"],"build_version":"2019-07-17","purchased_purges":1,"victory":false,"max_hp_per_floor":[75,75,75,75,75,75,75,75,75,75,75,75,75,75,75,75,75,75,75,75,75,75,75,75],"card_choices":[{"not_picked":["Compile Driver","Coolheaded"],"picked":"Ball Lightning","floor":1},{"not_picked":["Redo","Steam"],"picked":"Leap","floor":2},{"not_picked":["Turbo","FTL"],"picked":"Conserve Battery","floor":3},{"not_picked":["Redo","Rebound"],"picked":"Cold Snap","floor":4},{"not_picked":["Barrage","Cold Snap"],"picked":"Glacier","floor":6},{"not_picked":["Recycle","Sunder"],"picked":"Ball Lightning","floor":8},{"not_picked":["Heatsinks","Steam Power"],"picked":"Barrage","floor":10},{"not_picked":["Chaos","Thunder Strike"],"picked":"Undo","floor":11},{"not_picked":["Coolheaded","Conserve Battery"],"picked":"Streamline","floor":14},{"not_picked":["Amplify","Hyperbeam"],"picked":"Buffer","floor":16},{"not_picked":["Streamline","Aggregate"],"picked":"Rebound","floor":18},{"not_picked":["Skim","Sweeping Beam"],"picked":"Defragment","floor":19},{"not_picked":["Compile Driver","Redo"],"picked":"Leap","floor":21},{"not_picked":["Tempest","Beam Cell"],"picked":"Sweeping Beam","floor":22},{"not_picked":["Redo","Ball Lightning+1"],"picked":"Biased Cognition","floor":23}],"player_experience":308231,"relics_obtained":[{"floor":6,"key":"Smiling Mask"},{"floor":9,"key":"Potion Belt"},{"floor":10,"key":"Dream Catcher"},{"floor":23,"key":"Happy Flower"}],"event_choices":[{"cards_removed":["Strike_B"],"damage_healed":0,"gold_gain":0,"player_choice":"Card Removal","damage_taken":7,"max_hp_gain":0,"max_hp_loss":0,"event_name":"Golden Wing","floor":7,"gold_loss":0},{"damage_healed":0,"gold_gain":175,"player_choice":"AGREE","damage_taken":0,"max_hp_gain":0,"max_hp_loss":0,"event_name":"Liars Game","floor":12,"gold_loss":0,"cards_obtained":["Doubt"]},{"damage_healed":0,"gold_gain":0,"player_choice":"Ignored","damage_taken":0,"max_hp_gain":0,"max_hp_loss":0,"event_name":"NoteForYourself","floor":13,"gold_loss":0}],"is_beta":false,"boss_relics":[{"not_picked":["Busted Crown","Coffee Dripper"],"picked":"Velvet Choker"}],"items_purged_floors":[20],"is_endless":false,"potions_floor_spawned":[2,4,10,16,22,23],"killed_by":"3 Cultists","ascension_level":0}