{"gold_per_floor":[109,10,24,24,41,41,61,76,76,76,92,92,117,117,117,217,217,229,242,74,90,108,141,141,158,158,83,98,60,78,88,88,186,186,197,197,197,221,121,121,121,147,174,203,203,221,234,234,234,234],"floor_reached":50,"playtime":3233,"items_purged":["Go for the Eyes","Defend_B"],"score":599,"play_id":"67308bee-45e7-47c4-b3a9-6a5fda231580","local_time":"20190414130330","is_ascension_mode":false,"campfire_choices":[{"data":"Loop","floor":6,"key":"SMITH"},{"data":"White Noise","floor":10,"key":"SMITH"},{"data":"Zap","floor":12,"key":"SMITH"},{"data":"Dualcast","floor":15,"key":"SMITH"},{"data":"Loop","floor":24,"key":"SMITH"},{"floor":32,"key":"REST"},{"data":"Defragment","floor":40,"key":"SMITH"},{"data":"Coolheaded","floor":45,"key":"SMITH"},{"floor":49,"key":"RECALL"}],"neow_cost":"NONE","seed_source_timestamp":47449387354700,"circlet_count":0,"master_deck":["Strike_B","Strike_B","Defend_B","Defend_B","Zap+1","Dualcast+1","White Noise+1","Loop+1","Turbo","Sweeping Beam","Leap","Amplify","Force Field","Echo Form","Hologram+1","White Noise+1","Streamline","Loop+1","Rebound","Static Discharge","Loop+1","Streamline","Loop","Defragment+1","Coolheaded+1","Streamline+1","Biased Cognition","Cold Snap","Writhe","Hello World+1","Coolheaded+1","Electrodynamics","Stack+1"],"relics":["Cracked Core","DataDisk","Mummified Hand","Girya","Snecko Eye","Sundial","Gremlin Horn","Sozu","Bird Faced Urn","Omamori","Pear"],"potions_floor_usage":[13,16],"damage_taken":[{"damage":3,"enemies":"Jaw Worm","floor":1,"turns":3},{"damage":3,"enemies":"2 Louse","floor":3,"turns":4},{"damage":0,"enemies":"Cultist","floor":5,"turns":3},{"damage":2,"enemies":"Large Slime","floor":7,"turns":5},{"damage":2,"enemies":"Exordium Thugs","floor":8,"turns":4},{"damage":10,"enemies":"Looter","floor":11,"turns":3},{"damage":13,"enemies":"3 Sentries","floor":13,"turns":5},{"damage":9,"enemies":"Hexaghost","floor":16,"turns":9},{"damage":0,"enemies":"Chosen","floor":18,"turns":4},{"damage":5,"enemies":"3 Byrds","floor":19,"turns":5},{"damage":0,"enemies":"Centurion and Healer","floor":21,"turns":4},{"damage":0,"enemies":"Chosen and Byrds","floor":22,"turns":7},{"damage":32,"enemies":"Slavers","floor":23,"turns":5},{"damage":3,"enemies":"Snecko","floor":25,"turns":4},{"damage":10,"enemies":"Centurion and Healer","floor":28,"turns":5},{"damage":0,"enemies":"3 Cultists","floor":30,"turns":4},{"damage":15,"enemies":"Snake Plant","floor":31,"turns":3},{"damage":28,"enemies":"Collector","floor":33,"turns":11},{"damage":29,"enemies":"3 Darklings","floor":35,"turns":3},{"damage":0,"enemies":"Reptomancer","floor":42,"turns":5},{"damage":59,"enemies":"Nemesis","floor":44,"turns":5},{"damage":0,"enemies":"Orb Walker","floor":46,"turns":3},{"damage":9,"enemies":"Transient","floor":47,"turns":5},{"damage":115,"enemies":"Awakened One","floor":50,"turns":15}],"seed_played":"-2218068233627200700","potions_obtained":[{"floor":1,"key":"SkillPotion"},{"floor":3,"key":"Regen Potion"},{"floor":11,"key":"SteroidPotion"},{"floor":13,"key":"FearPotion"},{"floor":23,"key":"Poison Potion"},{"floor":25,"key":"AttackPotion"}],"is_trial":false,"path_per_floor":["M","$","M","?","M","R","M","M","T","R","M","R","E","?","R","B",null,"M","M","$","M","M","E","R","M","T","?","M","$","M","M","R","B",null,"M","?","?","T","$","R","?","E","T","E","R","M","M","?","R","B"],"character_chosen":"DEFECT","items_purchased":["White Noise","Go for the Eyes","Streamline","Loop","Defragment"],"campfire_rested":1,"item_purchase_floors":[2,2,20,20,29],"current_hp_per_floor":[79,79,76,69,69,69,67,65,65,65,55,55,42,35,35,38,82,82,77,77,77,77,45,45,42,42,42,32,32,32,17,41,13,82,53,53,74,74,74,74,74,74,74,49,49,63,80,80,80,0],"gold":234,"neow_bonus":"TEN_PERCENT_HP_BONUS","is_prod":false,"is_daily":false,"chose_seed":false,"campfire_upgraded":7,"win_rate":0,"timestamp":1555239810,"path_taken":["M","$","M","?","M","R","M","M","T","R","M","R","E","?","R","BOSS","M","M","$","M","M","E","R","M","T","?","M","$","M","M","R","BOSS","M","?","?","?","$","R","?","E","T","E","R","M","M","?","R","BOSS"],"build_version":"2019-01-23","purchased_purges":2,"victory":false,"max_hp_per_floor":[82,82,82,82,82,82,82,82,82,82,82,82,82,82,82,82,82,82,82,82,82,82,82,82,82,82,82,82,82,82,82,82,82,82,82,82,82,82,82,82,82,82,82,92,92,92,92,92,92,92],"card_choices":[{"not_picked":["Scrape","Compile Driver"],"picked":"Go for the Eyes","floor":1},{"not_picked":["Cold Snap","Tempest"],"picked":"Loop","floor":3},{"not_picked":["Hologram","Compile Driver"],"picked":"Turbo","floor":5},{"not_picked":["Gash","Barrage"],"picked":"Sweeping Beam","floor":7},{"not_picked":["Loop","Hologram"],"picked":"Leap","floor":8},{"not_picked":["Compile Driver","Chill"],"picked":"Amplify","floor":11},{"not_picked":["Static Discharge","Reinforced Body"],"picked":"Force Field","floor":13},{"not_picked":["Reboot","Hyperbeam"],"picked":"Echo Form","floor":16},{"not_picked":["Compile Driver","Turbo"],"picked":"Hologram+1","floor":18},{"not_picked":["Darkness","Cold Snap+1"],"picked":"White Noise+1","floor":19},{"not_picked":["Scrape","Ball Lightning+1"],"picked":"Rebound","floor":21},{"not_picked":["Turbo","Hologram"],"picked":"Static Discharge","floor":22},{"not_picked":["Conserve Battery","Biased Cognition"],"picked":"Loop+1","floor":23},{"not_picked":["Aggregate","Compile Driver"],"picked":"Streamline","floor":25},{"not_picked":["Hello World+1","Barrage"],"picked":"Loop","floor":28},{"not_picked":["Rebound","Genetic Algorithm"],"picked":"Coolheaded+1","floor":30},{"not_picked":["Turbo","Static Discharge+1"],"picked":"Streamline+1","floor":31},{"not_picked":["Echo Form","Hyperbeam"],"picked":"Biased Cognition","floor":33},{"not_picked":["Barrage+1","Sweeping Beam+1"],"picked":"Cold Snap","floor":35},{"not_picked":["Darkness","Melter"],"picked":"Hello World+1","floor":42},{"not_picked":["Compile Driver","Blizzard+1"],"picked":"Coolheaded","floor":44},{"not_picked":["Go for the Eyes","Glacier"],"picked":"Electrodynamics","floor":46},{"not_picked":["Go for the Eyes","Steam"],"picked":"Stack+1","floor":47}],"player_experience":287452,"relics_obtained":[{"floor":9,"key":"Mummified Hand"},{"floor":13,"key":"Girya"},{"floor":23,"key":"Sundial"},{"floor":26,"key":"Gremlin Horn"},{"floor":42,"key":"Bird Faced Urn"},{"floor":43,"key":"Omamori"},{"floor":44,"key":"Pear"}],"event_choices":[{"damage_healed":0,"gold_gain":0,"player_choice":"Success","damage_taken":7,"relics_obtained":["DataDisk"],"max_hp_gain":0,"max_hp_loss":0,"event_name":"Scrap Ooze","floor":4,"gold_loss":0},{"cards_removed":["Strike_B"],"damage_healed":0,"gold_gain":0,"player_choice":"Card Removal","damage_taken":7,"max_hp_gain":0,"max_hp_loss":0,"event_name":"Golden Wing","floor":14,"gold_loss":0},{"cards_removed":["Defend_B"],"damage_healed":0,"gold_gain":0,"player_choice":"Gave Gold","damage_taken":0,"max_hp_gain":0,"max_hp_loss":0,"event_name":"Beggar","floor":27,"gold_loss":75},{"damage_healed":0,"gold_gain":0,"player_choice":"Ignored","damage_taken":0,"max_hp_gain":0,"max_hp_loss":0,"event_name":"Tomb of Lord Red Mask","floor":36,"gold_loss":0},{"damage_healed":21,"gold_gain":0,"player_choice":"Writhe","damage_taken":0,"max_hp_gain":0,"max_hp_loss":0,"event_name":"Winding Halls","floor":37,"gold_loss":0,"cards_obtained":["Writhe"]},{"cards_removed":["Go for the Eyes"],"damage_healed":0,"gold_gain":0,"player_choice":"Removed Attack","damage_taken":0,"max_hp_gain":0,"max_hp_loss":0,"event_name":"Falling","floor":41,"gold_loss":0},{"cards_removed":["Strike_B"],"damage_healed":0,"gold_gain":0,"player_choice":"Purged","damage_taken":0,"max_hp_gain":0,"max_hp_loss":0,"event_name":"Purifier","floor":48,"gold_loss":0}],"is_beta":false,"boss_relics":[{"not_picked":["Velvet Choker","Black Star"],"picked":"Snecko Eye"},{"not_picked":["Runic Dome","Eternal Feather"],"picked":"Sozu"}],"items_purged_floors":[20,39],"is_endless":false,"potions_floor_spawned":[1,3,11,13,23,25,28,30,31,33,42,46],"killed_by":"Awakened One","ascension_level":0}