{"gold_per_floor":[114,124,1,11,24,24,54,68,145,5,105,7,7,41,41,139,139,154,172,172,172,172,172,188,188,214,227,238,89,89,89,89,189,189,204,204,114,129,0,0,26,26,26,45,45,92,92,104,104,104],"floor_reached":51,"playtime":1982,"items_purged":["Strike_B","Strike_B","Defend_B"],"score":758,"play_id":"9f23826c-a913-4735-9105-a006dd7c7cf1","local_time":"20190823152010","is_ascension_mode":false,"campfire_choices":[{"data":"Zap","floor":6,"key":"SMITH"},{"floor":13,"key":"REST"},{"data":"Tempest","floor":15,"key":"SMITH"},{"data":"Seek","floor":23,"key":"SMITH"},{"data":"Glacier","floor":30,"key":"SMITH"},{"data":"Streamline","floor":32,"key":"SMITH"},{"data":"Scrape","floor":40,"key":"SMITH"},{"floor":42,"key":"REST"},{"data":"Machine Learning","floor":49,"key":"SMITH"}],"neow_cost":"NONE","seed_source_timestamp":565246744646300,"circlet_count":0,"master_deck":["Zap+1","Hologram","Go for the Eyes","Gash","Gash","Gash","Gash","Leap","Loop","Cold Snap","Ball Lightning","Tempest+1","Seek+1","Leap","Auto Shields","Leap","Machine Learning+1","Gash","Glacier+1","Gash+1","Gash+1","Streamline+1","Reboot","FTL+1","Flash of Steel","Go for the Eyes","Scrape+1","Parasite","Redo+1","Go for the Eyes+1"],"relics":["Cracked Core","Nunchaku","Meat on the Bone","Thread and Needle","Eternal Feather","Anchor","Cursed Key","Red Mask","Juzu Bracelet","Frozen Egg 2","FossilizedHelix"],"potions_floor_usage":[50,50],"damage_taken":[{"damage":2,"enemies":"Jaw Worm","floor":1,"turns":5},{"damage":1,"enemies":"Cultist","floor":2,"turns":3},{"damage":0,"enemies":"2 Louse","floor":4,"turns":3},{"damage":2,"enemies":"2 Fungi Beasts","floor":5,"turns":3},{"damage":24,"enemies":"Gremlin Nob","floor":7,"turns":4},{"damage":8,"enemies":"Lots of Slimes","floor":8,"turns":2},{"damage":21,"enemies":"Lagavulin","floor":14,"turns":5},{"damage":6,"enemies":"Hexaghost","floor":16,"turns":7},{"damage":0,"enemies":"Chosen","floor":18,"turns":4},{"damage":9,"enemies":"Shell Parasite","floor":19,"turns":3},{"damage":16,"enemies":"Snake Plant","floor":24,"turns":4},{"damage":4,"enemies":"3 Cultists","floor":27,"turns":7},{"damage":9,"enemies":"Centurion and Healer","floor":28,"turns":5},{"damage":20,"enemies":"Champ","floor":33,"turns":8},{"damage":0,"enemies":"Orb Walker","floor":35,"turns":3},{"damage":0,"enemies":"3 Darklings","floor":38,"turns":4},{"damage":38,"enemies":"Nemesis","floor":41,"turns":7},{"damage":1,"enemies":"Writhing Mass","floor":44,"turns":5},{"damage":8,"enemies":"2 Orb Walkers","floor":46,"turns":4},{"damage":0,"enemies":"Jaw Worm Horde","floor":48,"turns":3},{"damage":0,"enemies":"Donu and Deca","floor":50,"turns":10}],"seed_played":"4994405661429004173","potions_obtained":[{"floor":4,"key":"EssenceOfSteel"},{"floor":5,"key":"Energy Potion"},{"floor":18,"key":"Strength Potion"},{"floor":27,"key":"EssenceOfSteel"}],"is_trial":false,"path_per_floor":["M","M","$","M","M","R","E","M","T","$","?","$","R","E","R","B",null,"M","M","?","?","?","R","M","?","T","M","M","$","R","$","R","B",null,"M","?","$","M","?","R","E","R","T","M","?","?","?","M","R","B",null],"character_chosen":"DEFECT","items_purchased":["Gash","Loop","Cold Snap","Ball Lightning","Streamline","Go for the Eyes","Scrape"],"campfire_rested":2,"item_purchase_floors":[3,10,12,12,29,37,37],"current_hp_per_floor":[73,72,72,72,70,70,46,38,38,38,38,38,60,39,39,45,75,75,66,66,52,52,64,48,48,48,44,47,47,59,59,71,51,80,80,80,80,80,80,80,42,80,80,79,79,71,71,71,80,80],"gold":104,"neow_bonus":"REMOVE_CARD","is_prod":false,"is_daily":false,"chose_seed":false,"campfire_upgraded":7,"win_rate":0,"timestamp":1566566410,"path_taken":["M","M","$","M","M","R","E","M","T","$","?","?","R","E","R","BOSS","M","M","?","?","?","R","M","?","T","?","M","$","R","$","R","BOSS","M","?","$","M","?","R","E","R","T","M","?","?","?","M","R","BOSS"],"build_version":"2019-07-17","purchased_purges":3,"victory":true,"max_hp_per_floor":[75,75,75,75,75,75,75,75,75,75,75,75,75,75,75,75,75,75,75,75,80,80,80,80,80,80,80,80,80,80,80,80,80,80,80,80,80,80,80,80,80,80,80,80,80,80,80,80,80,80],"card_choices":[{"not_picked":["Rebound","Barrage"],"picked":"Hologram","floor":1},{"not_picked":["Stack","Barrage"],"picked":"Go for the Eyes","floor":2},{"not_picked":["Sunder","Hologram"],"picked":"Gash","floor":4},{"not_picked":["Hello World","Heatsinks"],"picked":"Gash","floor":5},{"not_picked":["Conserve Battery","Turbo"],"picked":"Gash","floor":7},{"not_picked":["Barrage","Darkness"],"picked":"Leap","floor":8},{"not_picked":["Heatsinks","Reprogram"],"picked":"Tempest","floor":14},{"not_picked":["Reboot","Core Surge"],"picked":"Seek","floor":16},{"not_picked":["Stack","Turbo+1"],"picked":"Leap","floor":18},{"not_picked":["Capacitor","Go for the Eyes"],"picked":"Auto Shields","floor":19},{"not_picked":["Steam","Rebound"],"picked":"Gash","floor":24},{"not_picked":["Leap+1","Hello World"],"picked":"Gash+1","floor":27},{"not_picked":["Leap","Static Discharge+1"],"picked":"Gash+1","floor":28},{"not_picked":["Hyperbeam","Thunder Strike"],"picked":"Reboot","floor":33},{"not_picked":["Scrape+1","Skim+1"],"picked":"FTL+1","floor":35},{"not_picked":["Dramatic Entrance","Blind"],"picked":"Flash of Steel","floor":36},{"not_picked":["Sweeping Beam","Beam Cell+1","Conserve Battery+1"],"picked":"SKIP","floor":38},{"not_picked":["Undo+1","Lockon+1","Recycle"],"picked":"SKIP","floor":41},{"not_picked":["Sweeping Beam","Loop+1","Compile Driver+1"],"picked":"SKIP","floor":44},{"not_picked":["Compile Driver","Barrage+1"],"picked":"Redo+1","floor":46},{"not_picked":["Leap","Beam Cell"],"picked":"Go for the Eyes+1","floor":48}],"player_experience":344887,"relics_obtained":[{"floor":7,"key":"Nunchaku"},{"floor":9,"key":"Meat on the Bone"},{"floor":14,"key":"Thread and Needle"},{"floor":26,"key":"Anchor"},{"floor":41,"key":"Juzu Bracelet"},{"floor":43,"key":"Frozen Egg 2"},{"floor":46,"key":"FossilizedHelix"}],"event_choices":[{"damage_healed":0,"gold_gain":100,"player_choice":"Pray","damage_taken":0,"max_hp_gain":0,"max_hp_loss":0,"event_name":"Golden Shrine","floor":11,"gold_loss":0},{"damage_healed":0,"gold_gain":0,"cards_transformed":["Strike_B","Defend_B"],"player_choice":"Became Test Subject","damage_taken":0,"max_hp_gain":0,"max_hp_loss":0,"event_name":"Drug Dealer","floor":20,"gold_loss":0,"cards_obtained":["Leap","Machine Learning"]},{"damage_healed":0,"gold_gain":0,"player_choice":"Shed Blood","damage_taken":19,"max_hp_gain":5,"max_hp_loss":0,"event_name":"Forgotten Altar","floor":21,"gold_loss":0},{"cards_removed":["Defend_B"],"damage_healed":0,"gold_gain":0,"player_choice":"Elegance","damage_taken":0,"max_hp_gain":0,"max_hp_loss":0,"event_name":"Back to Basics","floor":22,"gold_loss":0},{"damage_healed":0,"gold_gain":0,"cards_transformed":["Defend_B"],"player_choice":"Transformed","damage_taken":0,"max_hp_gain":0,"max_hp_loss":0,"event_name":"Transmorgrifier","floor":25,"gold_loss":0,"cards_obtained":["Glacier"]},{"damage_healed":0,"gold_gain":0,"player_choice":"Memory 1","damage_taken":0,"max_hp_gain":0,"max_hp_loss":0,"event_name":"SensoryStone","floor":36,"gold_loss":0},{"damage_healed":0,"gold_gain":0,"player_choice":"Paid","damage_taken":0,"relics_obtained":["Red Mask"],"max_hp_gain":0,"max_hp_loss":0,"event_name":"Tomb of Lord Red Mask","floor":39,"gold_loss":129},{"cards_removed":["Normality"],"damage_healed":0,"gold_gain":0,"player_choice":"Purged","damage_taken":0,"max_hp_gain":0,"max_hp_loss":0,"event_name":"Purifier","floor":45,"gold_loss":0},{"damage_healed":0,"gold_gain":0,"player_choice":"Fight","damage_taken":0,"max_hp_gain":0,"max_hp_loss":0,"event_name":"Mysterious Sphere","floor":46,"gold_loss":0},{"cards_removed":["Dualcast"],"damage_healed":0,"gold_gain":0,"player_choice":"Removed Skill","damage_taken":0,"max_hp_gain":0,"max_hp_loss":0,"event_name":"Falling","floor":47,"gold_loss":0}],"is_beta":false,"boss_relics":[{"not_picked":["Coffee Dripper","Busted Crown"],"picked":"Eternal Feather"},{"not_picked":["FrozenCore","Velvet Choker"],"picked":"Cursed Key"}],"items_purged_floors":[3,10,29],"is_endless":false,"potions_floor_spawned":[4,5,18,27,28,41,44],"ascension_level":0}