{"gold_per_floor":[213,228,247,16,29,60,60,91,91,117,117,117,137,148,148,253,253,265,33,46,64,82,114,114,126,126,126,160,160,193,212,212,315,315,326,71,71,83,83,118,118,15,15,46,63,78,78],"floor_reached":47,"playtime":5273,"items_purged":["Defend_G+1","Defend_G+1"],"score":673,"play_id":"ea3864d3-d8fc-4ee8-a947-d5a097fa5e2d","local_time":"20181231184034","is_ascension_mode":true,"campfire_choices":[{"data":"Neutralize","floor":7,"key":"SMITH"},{"data":"Leg Sweep","floor":11,"key":"SMITH"},{"floor":15,"key":"REST"},{"floor":24,"key":"REST"},{"data":"Noxious Fumes","floor":29,"key":"SMITH"},{"data":"Footwork","floor":32,"key":"SMITH"},{"data":"Malaise","floor":41,"key":"SMITH"}],"neow_cost":"NONE","seed_source_timestamp":190498464118200,"circlet_count":0,"master_deck":["Defend_G+1","Defend_G+1","Defend_G+1","Strike_G+1","Strike_G+1","Strike_G+1","Strike_G+1","Strike_G+1","Survivor","Neutralize+1","Backflip+1","Backstab","Footwork+1","Noxious Fumes+1","Leg Sweep+1","Poisoned Stab","Dagger Throw","Envenom+1","PiercingWail","Tools of the Trade+1","Deadly Poison","Masterful Stab","Leg Sweep+1","Flying Knee","Quick Slash","Bane","Terror+1","Bane","Footwork+1","Choke","Malaise+1","Bouncing Flask","Bouncing Flask","Apotheosis","Dagger Throw+1","PiercingWail","Dodge and Roll","Die Die Die+1","Leg Sweep+1","Infinite Blades+1"],"relics":["Ring of the Snake","PreservedInsect","The Specimen","Mummified Hand","Frozen Egg 2","Potion Belt","Regal Pillow","Black Star","Strawberry","Smiling Mask","War Paint","Pocketwatch","Lantern","Blood Vial","Ice Cream","Dodecahedron","Sozu","Juzu Bracelet","Oddly Smooth Stone","Vajra","Molten Egg 2","StoneCalendar"],"potions_floor_usage":[25,28,33,33,33,38,40],"damage_taken":[{"damage":0,"enemies":"Cultist","floor":1,"turns":5},{"damage":0,"enemies":"2 Louse","floor":2,"turns":3},{"damage":0,"enemies":"Jaw Worm","floor":3,"turns":3},{"damage":9,"enemies":"Exordium Wildlife","floor":5,"turns":5},{"damage":13,"enemies":"3 Sentries","floor":6,"turns":7},{"damage":7,"enemies":"Gremlin Nob","floor":8,"turns":4},{"damage":0,"enemies":"Lagavulin","floor":10,"turns":5},{"damage":0,"enemies":"3 Louse","floor":13,"turns":3},{"damage":0,"enemies":"2 Fungi Beasts","floor":14,"turns":3},{"damage":12,"enemies":"Hexaghost","floor":16,"turns":11},{"damage":7,"enemies":"Spheric Guardian","floor":18,"turns":7},{"damage":7,"enemies":"3 Byrds","floor":20,"turns":5},{"damage":6,"enemies":"Snake Plant","floor":21,"turns":6},{"damage":0,"enemies":"Cultist and Chosen","floor":22,"turns":6},{"damage":21,"enemies":"Slavers","floor":23,"turns":6},{"damage":0,"enemies":"Snecko","floor":25,"turns":4},{"damage":2,"enemies":"Gremlin Leader","floor":28,"turns":6},{"damage":0,"enemies":"Book of Stabbing","floor":30,"turns":6},{"damage":11,"enemies":"Shelled Parasite and Fungi","floor":31,"turns":6},{"damage":3,"enemies":"Champ","floor":33,"turns":12},{"damage":0,"enemies":"Orb Walker","floor":35,"turns":3},{"damage":21,"enemies":"3 Darklings","floor":38,"turns":6},{"damage":24,"enemies":"Nemesis","floor":40,"turns":7},{"damage":42,"enemies":"Reptomancer","floor":44,"turns":6},{"damage":1,"enemies":"Sphere and 2 Shapes","floor":45,"turns":7},{"damage":9,"enemies":"4 Shapes","floor":46,"turns":3},{"damage":8,"enemies":"3 Darklings","floor":47,"turns":3}],"seed_played":"389665105246974250","potions_obtained":[{"floor":2,"key":"SteroidPotion"},{"floor":8,"key":"Block Potion"},{"floor":10,"key":"Explosive Potion"},{"floor":13,"key":"LiquidBronze"},{"floor":18,"key":"Energy Potion"},{"floor":22,"key":"Regen Potion"},{"floor":30,"key":"LiquidBronze"},{"floor":31,"key":"Swift Potion"},{"floor":33,"key":"Weak Potion"}],"is_trial":false,"path_per_floor":["M","M","M","$","M","E","R","E","T","E","R","?","M","M","R","B",null,"M","$","M","M","M","E","R","M","T","?","E","R","E","M","R","B",null,"M","$","?","M","?","E","R","$","T","E","M","M","M"],"character_chosen":"THE_SILENT","items_purchased":["PreservedInsect","Noxious Fumes","Strawberry","Masterful Stab","Bouncing Flask","Apotheosis","Dodge and Roll"],"campfire_rested":2,"item_purchase_floors":[4,4,19,19,36,36,42],"current_hp_per_floor":[70,70,70,70,61,48,48,41,41,41,41,38,38,38,70,58,70,63,70,63,57,57,36,74,74,74,74,72,72,74,65,65,64,77,77,77,77,70,70,48,48,48,48,8,9,2,0],"gold":78,"neow_bonus":"HUNDRED_GOLD","is_prod":false,"is_daily":false,"chose_seed":false,"campfire_upgraded":5,"win_rate":0,"timestamp":1546278034,"path_taken":["M","M","M","$","M","E","R","E","T","E","R","?","M","M","R","BOSS","M","$","M","M","M","E","R","M","T","?","E","R","E","M","R","BOSS","M","$","?","M","?","E","R","$","T","E","M","M","M"],"build_version":"2018-12-20","purchased_purges":2,"victory":false,"max_hp_per_floor":[70,70,70,70,70,70,70,70,70,70,70,70,70,70,70,70,70,70,77,77,77,77,77,77,77,77,77,77,77,77,77,77,77,77,77,77,77,77,77,77,77,77,77,77,77,77,77],"card_choices":[{"not_picked":["Underhanded Strike","Well Laid Plans"],"picked":"Backflip","floor":1},{"not_picked":["Blade Dance","Acrobatics"],"picked":"Backstab","floor":2},{"not_picked":["Flying Knee","Bane"],"picked":"Footwork","floor":3},{"not_picked":["Deadly Poison","Poisoned Stab"],"picked":"Leg Sweep","floor":5},{"not_picked":["Prepared","Flechettes"],"picked":"Poisoned Stab","floor":6},{"not_picked":["Sucker Punch","Bane"],"picked":"Dagger Throw","floor":8},{"not_picked":["Deadly Poison","Underhanded Strike"],"picked":"Envenom+1","floor":10},{"not_picked":["Dash","Flying Knee"],"picked":"PiercingWail","floor":13},{"not_picked":["Acrobatics","Dagger Throw"],"picked":"Deflect","floor":14},{"not_picked":["Venomology","Unload"],"picked":"Tools of the Trade+1","floor":16},{"not_picked":["Deflect","Skewer"],"picked":"Deadly Poison","floor":18},{"not_picked":["Backflip","PiercingWail+1"],"picked":"Leg Sweep+1","floor":20},{"not_picked":["Deadly Poison","Calculated Gamble"],"picked":"Flying Knee","floor":21},{"not_picked":["PiercingWail+1","Underhanded Strike+1"],"picked":"Quick Slash","floor":22},{"not_picked":["Underhanded Strike","Backflip"],"picked":"Bane","floor":23},{"not_picked":["Deadly Poison","Venomology"],"picked":"Terror+1","floor":25},{"not_picked":["Blade Dance","Die Die Die"],"picked":"Bane","floor":28},{"not_picked":["Deflect","Terror"],"picked":"Footwork+1","floor":30},{"not_picked":["Accuracy+1","Noxious Fumes+1"],"picked":"Choke","floor":31},{"not_picked":["Die Die Die","Unload"],"picked":"Malaise","floor":33},{"not_picked":["Masterful Stab+1","Underhanded Strike+1"],"picked":"Bouncing Flask","floor":35},{"not_picked":["Slice+1","Deadly Poison"],"picked":"Dagger Throw+1","floor":38},{"not_picked":["Underhanded Strike","Tactician"],"picked":"PiercingWail","floor":40},{"not_picked":["Calculated Gamble+1","Doppelganger"],"picked":"Die Die Die","floor":44},{"not_picked":["Prepared+1","Dodge and Roll+1"],"picked":"Leg Sweep+1","floor":45},{"not_picked":["Acrobatics+1","Eviscerate+1"],"picked":"Infinite Blades+1","floor":46}],"player_experience":97852,"relics_obtained":[{"floor":6,"key":"The Specimen"},{"floor":8,"key":"Mummified Hand"},{"floor":9,"key":"Frozen Egg 2"},{"floor":10,"key":"Potion Belt"},{"floor":23,"key":"Smiling Mask"},{"floor":23,"key":"War Paint"},{"floor":26,"key":"Pocketwatch"},{"floor":28,"key":"Lantern"},{"floor":28,"key":"Blood Vial"},{"floor":30,"key":"Ice Cream"},{"floor":30,"key":"Dodecahedron"},{"floor":40,"key":"Juzu Bracelet"},{"floor":40,"key":"Oddly Smooth Stone"},{"floor":43,"key":"Vajra"},{"floor":44,"key":"Molten Egg 2"},{"floor":44,"key":"StoneCalendar"}],"event_choices":[{"damage_healed":0,"gold_gain":0,"player_choice":"Success","damage_taken":3,"relics_obtained":["Regal Pillow"],"max_hp_gain":0,"max_hp_loss":0,"event_name":"Scrap Ooze","floor":12,"gold_loss":0},{"damage_healed":0,"gold_gain":0,"player_choice":"Simplicity","damage_taken":0,"max_hp_gain":0,"max_hp_loss":0,"event_name":"Back to Basics","floor":27,"gold_loss":0,"cards_upgraded":["Defend_G","Defend_G","Defend_G","Defend_G","Defend_G","Strike_G","Strike_G","Strike_G","Strike_G","Strike_G"]},{"cards_removed":["Deflect"],"damage_healed":0,"gold_gain":0,"player_choice":"Removed Skill","damage_taken":0,"max_hp_gain":0,"max_hp_loss":0,"event_name":"Falling","floor":37,"gold_loss":0},{"damage_healed":0,"gold_gain":0,"player_choice":"Ignored","damage_taken":0,"max_hp_gain":0,"max_hp_loss":0,"event_name":"Mysterious Sphere","floor":39,"gold_loss":0}],"is_beta":false,"boss_relics":[{"not_picked":["Empty Cage","Fusion Hammer"],"picked":"Black Star"},{"not_picked":["Runic Dome","Calling Bell"],"picked":"Sozu"}],"items_purged_floors":[36,42],"is_endless":false,"potions_floor_spawned":[2,8,10,13,18,20,22,30,31,33,35,38,45,46],"killed_by":"3 Darklings","ascension_level":1}