{"gold_per_floor":[217,88,88,88,102,102,132,132,132,144,162,9,35,65,65,140,140,156,80,80,80,93,93,123,123,123,123,137,137,166,184,184,259,259,270,202,218,238,258,258,289,289,289,308,308,156,204,235,235,235,235,235,59,93,93],"floor_reached":55,"playtime":2531,"items_purged":["Strike_R+1"],"score":1306,"play_id":"4d272a3a-2125-4d78-8da1-a12ed99d38fd","local_time":"20190809234645","is_ascension_mode":true,"campfire_choices":[{"data":"Combust","floor":6,"key":"SMITH"},{"data":"Bash","floor":8,"key":"SMITH"},{"floor":15,"key":"REST"},{"data":"Heavy Blade","floor":23,"key":"SMITH"},{"data":"Feel No Pain","floor":25,"key":"SMITH"},{"floor":29,"key":"REST"},{"floor":32,"key":"REST"},{"floor":40,"key":"RECALL"},{"floor":42,"key":"REST"},{"floor":49,"key":"REST"},{"floor":52,"key":"REST"}],"neow_cost":"NONE","seed_source_timestamp":2610862119999627,"circlet_count":0,"master_deck":["AscendersBane","Strike_R+1","Strike_R+1","Strike_R+1","Defend_R+1","Defend_R+1","Defend_R+1","Defend_R+1","Bash+1","Clothesline","Combust+1","Sword Boomerang+1","Feel No Pain+1","Pummel","Impervious+1","Heavy Blade+1","Corruption","Writhe","Armaments+1","Shrug It Off","Immolate","Pummel","Bludgeon","Shockwave","Sword Boomerang+1","Barricade","Body Slam"],"relics":["Burning Blood","Pen Nib","Whetstone","Vajra","Du-Vu Doll","Snecko Eye","Bag of Marbles","War Paint","Bottled Tornado","Turnip","Fusion Hammer","Pocketwatch","Bag of Preparation","Ice Cream","Omamori","Magic Flower"],"potions_floor_usage":[7,18,30,33,47,48,50,55,55],"damage_taken":[{"damage":1,"enemies":"2 Louse","floor":1,"turns":3},{"damage":3,"enemies":"Cultist","floor":5,"turns":3},{"damage":30,"enemies":"Gremlin Nob","floor":7,"turns":4},{"damage":4,"enemies":"Jaw Worm","floor":10,"turns":3},{"damage":14,"enemies":"Exordium Thugs","floor":11,"turns":4},{"damage":21,"enemies":"3 Sentries","floor":13,"turns":4},{"damage":41,"enemies":"The Guardian","floor":16,"turns":11},{"damage":2,"enemies":"2 Thieves","floor":18,"turns":3},{"damage":6,"enemies":"3 Byrds","floor":22,"turns":2},{"damage":28,"enemies":"Gremlin Leader","floor":24,"turns":5},{"damage":2,"enemies":"Cultist and Chosen","floor":28,"turns":4},{"damage":12,"enemies":"Slavers","floor":30,"turns":4},{"damage":12,"enemies":"Snake Plant","floor":31,"turns":3},{"damage":43,"enemies":"Automaton","floor":33,"turns":11},{"damage":10,"enemies":"3 Darklings","floor":35,"turns":5},{"damage":2,"enemies":"Orb Walker","floor":37,"turns":3},{"damage":0,"enemies":"Transient","floor":38,"turns":5},{"damage":1,"enemies":"Sphere and 2 Shapes","floor":39,"turns":2},{"damage":9,"enemies":"Giant Head","floor":41,"turns":6},{"damage":18,"enemies":"4 Shapes","floor":44,"turns":2},{"damage":22,"enemies":"2 Orb Walkers","floor":47,"turns":4},{"damage":7,"enemies":"Reptomancer","floor":48,"turns":5},{"damage":16,"enemies":"Donu and Deca","floor":50,"turns":7},{"damage":40,"enemies":"Shield and Spear","floor":54,"turns":5},{"damage":42,"enemies":"The Heart","floor":55,"turns":6}],"seed_played":"4022912739682611721","potions_obtained":[{"floor":13,"key":"Swift Potion"},{"floor":16,"key":"EssenceOfSteel"},{"floor":22,"key":"SteroidPotion"},{"floor":38,"key":"SpeedPotion"},{"floor":41,"key":"Fruit Juice"},{"floor":47,"key":"SpeedPotion"}],"is_trial":false,"path_per_floor":["M","$","?","$","M","R","E","R","T","M","M","$","E","?","R","B",null,"M","$","?","?","M","R","E","R","T","?","M","R","E","M","R","B",null,"M","$","M","M","M","R","E","R","T","M","?","$","?","E","R","B",null,"R","$","E","B"],"character_chosen":"IRONCLAD","items_purchased":["Combust","Poison Potion","Vajra","Corruption","Bludgeon","Bag of Preparation","PowerPotion","Dexterity Potion"],"campfire_rested":6,"item_purchase_floors":[2,2,12,19,36,46,53,53],"current_hp_per_floor":[73,73,73,73,75,75,51,51,51,53,45,45,30,30,52,17,61,65,65,65,65,65,65,43,43,43,43,47,69,63,57,75,38,66,62,62,66,72,75,75,72,75,75,63,63,63,52,51,73,63,73,76,76,42,0],"gold":93,"neow_bonus":"HUNDRED_GOLD","is_prod":false,"is_daily":false,"chose_seed":false,"campfire_upgraded":4,"win_rate":0,"timestamp":1565408805,"path_taken":["M","$","?","?","M","R","E","R","T","?","M","$","E","?","R","BOSS","M","$","?","?","M","R","E","R","T","?","M","R","E","M","R","BOSS","M","$","M","M","M","R","E","R","T","M","?","$","?","E","R","BOSS","R","$","E","BOSS"],"build_version":"2019-07-17","purchased_purges":1,"victory":false,"max_hp_per_floor":[75,75,75,75,75,75,75,75,75,75,75,75,75,75,75,75,75,75,75,75,75,75,75,75,75,75,75,75,75,75,75,75,75,75,75,75,75,75,75,75,75,75,75,75,71,71,76,76,76,76,76,76,76,76,76],"card_choices":[{"not_picked":["Sword Boomerang","Sever Soul"],"picked":"Clothesline","floor":1},{"not_picked":["Thunderclap","Searing Blow","Bloodletting"],"picked":"SKIP","floor":5},{"not_picked":["Cleave","Havoc"],"picked":"Sword Boomerang","floor":7},{"not_picked":["Pummel","Berserk"],"picked":"Feel No Pain","floor":10},{"not_picked":["Dual Wield","Sentinel","Blood for Blood"],"picked":"SKIP","floor":11},{"not_picked":["Dual Wield","Sentinel","Blood for Blood"],"picked":"SKIP","floor":11},{"not_picked":["Pommel Strike","Clash"],"picked":"Pummel","floor":13},{"not_picked":["Immolate","Exhume"],"picked":"Impervious","floor":16},{"not_picked":["Pommel Strike","Perfected Strike"],"picked":"Heavy Blade","floor":18},{"not_picked":["Metallicize","Perfected Strike"],"picked":"Armaments","floor":22},{"not_picked":["Pommel Strike","Clash","Havoc"],"picked":"SKIP","floor":24},{"not_picked":["Carnage","Berserk","Perfected Strike+1"],"picked":"SKIP","floor":28},{"not_picked":["Entrench","Ghostly Armor"],"picked":"Shrug It Off","floor":30},{"not_picked":["Flex","Headbutt","Searing Blow"],"picked":"SKIP","floor":31},{"not_picked":["Fiend Fire","Dark Embrace"],"picked":"Immolate","floor":33},{"not_picked":["Armaments+1","Twin Strike+1"],"picked":"Pummel","floor":35},{"not_picked":["Clothesline","Havoc+1","Combust"],"picked":"SKIP","floor":37},{"not_picked":["True Grit","Shrug It Off"],"picked":"Shockwave","floor":38},{"not_picked":["Iron Wave","Armaments","Cleave+1"],"picked":"SKIP","floor":39},{"not_picked":["Iron Wave","Twin Strike"],"picked":"Sword Boomerang+1","floor":41},{"not_picked":["Twin Strike+1","Dual Wield"],"picked":"Barricade","floor":44},{"not_picked":["Intimidate","Havoc"],"picked":"Body Slam","floor":47},{"not_picked":["Combust","Fire Breathing","Heavy Blade"],"picked":"SKIP","floor":48},{"not_picked":["Sentinel","Immolate","Warcry"],"picked":"SKIP","floor":54}],"player_experience":2655741,"relics_obtained":[{"floor":7,"key":"Pen Nib"},{"floor":9,"key":"Whetstone"},{"floor":13,"key":"Du-Vu Doll"},{"floor":24,"key":"War Paint"},{"floor":26,"key":"Bottled Tornado"},{"floor":30,"key":"Turnip"},{"floor":41,"key":"Pocketwatch"},{"floor":47,"key":"Ice Cream"},{"floor":48,"key":"Omamori"},{"floor":54,"key":"Magic Flower"}],"event_choices":[{"cards_removed":["Strike_R"],"damage_healed":0,"gold_gain":0,"player_choice":"Offered Basic","damage_taken":0,"max_hp_gain":0,"max_hp_loss":0,"event_name":"Bonfire Elementals","floor":3,"gold_loss":0},{"damage_healed":0,"gold_gain":30,"player_choice":"Searched \u00272\u0027 times","damage_taken":0,"max_hp_gain":0,"max_hp_loss":0,"event_name":"Dead Adventurer","floor":14,"gold_loss":0},{"damage_healed":0,"gold_gain":0,"player_choice":"Opened","damage_taken":0,"relics_obtained":["Bag of Marbles"],"max_hp_gain":0,"max_hp_loss":0,"event_name":"The Mausoleum","floor":20,"gold_loss":0,"cards_obtained":["Writhe"]},{"damage_healed":0,"gold_gain":0,"player_choice":"Simplicity","damage_taken":0,"max_hp_gain":0,"max_hp_loss":0,"event_name":"Back to Basics","floor":21,"gold_loss":0,"cards_upgraded":["Strike_R","Strike_R","Strike_R","Defend_R","Defend_R","Defend_R","Defend_R"]},{"damage_healed":0,"gold_gain":0,"player_choice":"Ignored","damage_taken":0,"max_hp_gain":0,"max_hp_loss":0,"event_name":"Ghosts","floor":27,"gold_loss":0},{"damage_healed":0,"gold_gain":0,"player_choice":"Max HP","damage_taken":0,"max_hp_gain":0,"max_hp_loss":4,"event_name":"Winding Halls","floor":45,"gold_loss":0},{"damage_healed":0,"gold_gain":0,"player_choice":"Fight","damage_taken":0,"max_hp_gain":0,"max_hp_loss":0,"event_name":"Mysterious Sphere","floor":47,"gold_loss":0}],"is_beta":false,"boss_relics":[{"not_picked":["Eternal Feather","Ectoplasm"],"picked":"Snecko Eye"},{"not_picked":["Velvet Choker","Astrolabe"],"picked":"Fusion Hammer"}],"items_purged_floors":[53],"is_endless":false,"potions_floor_spawned":[13,16,22,24,38,41,44,47,54],"killed_by":"The Heart","ascension_level":15}