{"gold_per_floor":[114,114,11,86,105,105,131,144,144,144,144,49,59,76,76,177,227,244,263,282,298,86,112,112,65,118,118,118],"floor_reached":28,"playtime":1922,"items_purged":[],"score":238,"play_id":"2041e338-375f-467f-a9fb-d6ce5d2378fb","local_time":"20190824031347","is_ascension_mode":false,"campfire_choices":[{"data":"Juggernaut","floor":6,"key":"SMITH"},{"floor":10,"key":"REST"},{"data":"Shrug It Off","floor":15,"key":"SMITH"},{"floor":24,"key":"REST"}],"neow_cost":"NONE","seed_source_timestamp":14772331402900,"circlet_count":0,"master_deck":["Strike_R","Strike_R+1","Strike_R+1","Strike_R","Strike_R","Defend_R","Defend_R","Defend_R","Defend_R+1","Bash+1","Juggernaut+1","Pummel","Anger+1","Shrug It Off+1","Pommel Strike+1","Clothesline+1","Feel No Pain+1","Cleave+1","Shrug It Off","Fire Breathing+1","Juggernaut+1","Offering","Rage","Armaments","Pommel Strike+1","Flame Barrier","Body Slam+1","Reaper+1","Feel No Pain+1","Dark Embrace+1","Body Slam+1"],"relics":["Burning Blood","Molten Egg 2","Frozen Egg 2","Pantograph","Tiny House","Meat on the Bone","Whetstone","Nilry\u0027s Codex"],"potions_floor_usage":[16],"damage_taken":[{"damage":1,"enemies":"2 Louse","floor":1,"turns":3},{"damage":6,"enemies":"Cultist","floor":5,"turns":4},{"damage":20,"enemies":"Gremlin Nob","floor":7,"turns":4},{"damage":0,"enemies":"Small Slimes","floor":8,"turns":3},{"damage":2,"enemies":"Looter","floor":13,"turns":2},{"damage":4,"enemies":"3 Louse","floor":14,"turns":4},{"damage":50,"enemies":"Hexaghost","floor":16,"turns":8},{"damage":19,"enemies":"Shell Parasite","floor":18,"turns":5},{"damage":2,"enemies":"Chosen","floor":19,"turns":5},{"damage":6,"enemies":"Snecko","floor":20,"turns":4},{"damage":22,"enemies":"Snake Plant","floor":21,"turns":3},{"damage":46,"enemies":"Book of Stabbing","floor":23,"turns":6},{"damage":43,"enemies":"Cultist and Chosen","floor":28,"turns":5}],"seed_played":"1745914597572264005","potions_obtained":[{"floor":1,"key":"Explosive Potion"},{"floor":8,"key":"Weak Potion"},{"floor":14,"key":"Strength Potion"},{"floor":17,"key":"FairyPotion"},{"floor":18,"key":"Regen Potion"},{"floor":20,"key":"Strength Potion"}],"is_trial":false,"path_per_floor":["M","?","$","?","M","R","E","M","T","R","?","$","M","M","R","B",null,"M","M","M","M","$","E","R","$","T","?","M"],"character_chosen":"IRONCLAD","items_purchased":["Anger+1","Shrug It Off","Cleave+1","Shrug It Off","Reaper+1","Feel No Pain+1","Body Slam+1"],"campfire_rested":2,"item_purchase_floors":[3,3,12,12,22,22,25],"current_hp_per_floor":[80,68,68,57,57,57,43,49,49,73,73,73,77,79,79,36,85,72,76,76,60,60,20,45,45,45,29,0],"gold":118,"neow_bonus":"ONE_RANDOM_RARE_CARD","is_prod":false,"is_daily":false,"chose_seed":false,"campfire_upgraded":2,"win_rate":0.0,"timestamp":1566630827,"path_taken":["M","?","$","?","M","R","E","M","T","R","?","$","M","M","R","BOSS","M","M","M","?","$","E","R","?","T","?","M"],"build_version":"2019-07-17","purchased_purges":0,"victory":false,"max_hp_per_floor":[80,80,80,80,80,80,80,80,80,80,80,80,80,80,80,80,85,85,85,85,85,85,85,85,85,85,85,85],"card_choices":[{"not_picked":["Sword Boomerang","Flex"],"picked":"Pummel","floor":1},{"not_picked":["Disarm","Intimidate"],"picked":"Pommel Strike+1","floor":5},{"not_picked":["Armaments","Sever Soul+1"],"picked":"Clothesline+1","floor":7},{"not_picked":["Perfected Strike+1","Armaments"],"picked":"Feel No Pain+1","floor":8},{"not_picked":["Clash+1","Armaments"],"picked":"Fire Breathing+1","floor":13},{"not_picked":["Burning Pact","Hemokinesis+1"],"picked":"Juggernaut+1","floor":14},{"not_picked":["Barricade+1","Fiend Fire+1"],"picked":"Offering","floor":16},{"not_picked":["Clash+1","Ghostly Armor"],"picked":"Rage","floor":17},{"not_picked":["Warcry","True Grit"],"picked":"Armaments","floor":18},{"not_picked":["Carnage+1","Warcry"],"picked":"Pommel Strike+1","floor":19},{"not_picked":["Feel No Pain+1","Carnage+1"],"picked":"Flame Barrier","floor":20},{"not_picked":["Warcry","Flex"],"picked":"Body Slam+1","floor":21},{"not_picked":["Combust+1","Shockwave"],"picked":"Dark Embrace+1","floor":23}],"player_experience":38060,"relics_obtained":[{"floor":7,"key":"Frozen Egg 2"},{"floor":9,"key":"Pantograph"},{"floor":23,"key":"Meat on the Bone"},{"floor":26,"key":"Whetstone"},{"floor":27,"key":"Nilry\u0027s Codex"}],"event_choices":[{"damage_healed":0,"gold_gain":0,"player_choice":"Success","damage_taken":12,"relics_obtained":["Molten Egg 2"],"max_hp_gain":0,"max_hp_loss":0,"event_name":"Scrap Ooze","floor":2,"gold_loss":0},{"damage_healed":0,"gold_gain":75,"player_choice":"Gather Gold","damage_taken":11,"max_hp_gain":0,"max_hp_loss":0,"event_name":"World of Goop","floor":4,"gold_loss":0},{"damage_healed":0,"gold_gain":0,"player_choice":"Upgraded","damage_taken":0,"max_hp_gain":0,"max_hp_loss":0,"event_name":"Upgrade Shrine","floor":11,"gold_loss":0,"cards_upgraded":["Bash"]},{"damage_healed":0,"gold_gain":0,"player_choice":"Obtained Book","damage_taken":16,"max_hp_gain":0,"max_hp_loss":0,"event_name":"Cursed Tome","floor":27,"gold_loss":0}],"is_beta":false,"boss_relics":[{"not_picked":["Astrolabe","Runic Pyramid"],"picked":"Tiny House"}],"items_purged_floors":[],"is_endless":false,"potions_floor_spawned":[1,8,14,18,20],"killed_by":"Cultist and Chosen","ascension_level":0}