{"gold_per_floor":[110,128,128,148,148,148,181,42,66,66,85,85,106,106,106,234,234,259,272,288,306,325,325,325,348,399,49,70,70,70,86,86,86],"floor_reached":33,"playtime":2930,"items_purged":["Strike_R"],"score":251,"play_id":"ed53b233-1c2b-48ac-b19b-6344c6c317e4","local_time":"20190824232358","is_ascension_mode":false,"campfire_choices":[{"floor":6,"key":"REST"},{"floor":10,"key":"REST"},{"floor":12,"key":"REST"},{"data":"Carnage","floor":15,"key":"SMITH"},{"floor":23,"key":"REST"},{"floor":29,"key":"REST"},{"floor":32,"key":"REST"}],"neow_cost":"","seed_source_timestamp":298768040068200,"circlet_count":0,"master_deck":["Strike_R","Strike_R","Strike_R","Defend_R","Defend_R","Defend_R","Defend_R","Bash","Twin Strike","Fire Breathing","Sword Boomerang","Anger","Pommel Strike","Shrug It Off","Carnage+1","Iron Wave","Seeing Red","Berserk","Pommel Strike+1","Headbutt+1","Iron Wave","Power Through+1","Perfected Strike+1","Feel No Pain+1","Blood for Blood","Thunderclap","Metallicize","Iron Wave","Rage"],"relics":["Burning Blood","Golden Idol","Red Skull","Ancient Tea Set","Unceasing Top","Philosopher\u0027s Stone","Orichalcum","Lantern"],"potions_floor_usage":[28],"damage_taken":[{"damage":4,"enemies":"2 Louse","floor":1,"turns":4},{"damage":1,"enemies":"Cultist","floor":2,"turns":3},{"damage":1,"enemies":"Jaw Worm","floor":4,"turns":5},{"damage":53,"enemies":"Gremlin Nob","floor":7,"turns":6},{"damage":0,"enemies":"Red Slaver","floor":11,"turns":2},{"damage":1,"enemies":"Exordium Wildlife","floor":13,"turns":2},{"damage":61,"enemies":"The Guardian","floor":16,"turns":10},{"damage":32,"enemies":"Spheric Guardian","floor":18,"turns":4},{"damage":2,"enemies":"Chosen","floor":19,"turns":3},{"damage":19,"enemies":"Centurion and Healer","floor":20,"turns":4},{"damage":25,"enemies":"Snake Plant","floor":21,"turns":3},{"damage":3,"enemies":"Snecko","floor":22,"turns":4},{"damage":31,"enemies":"Shelled Parasite and Fungi","floor":25,"turns":4},{"damage":3,"enemies":"Centurion and Healer","floor":28,"turns":4},{"damage":14,"enemies":"Snake Plant","floor":31,"turns":2},{"damage":66,"enemies":"Champ","floor":33,"turns":10}],"seed_played":"8861218512079517360","potions_obtained":[{"floor":1,"key":"Poison Potion"},{"floor":4,"key":"AttackPotion"},{"floor":11,"key":"Dexterity Potion"},{"floor":19,"key":"SkillPotion"},{"floor":22,"key":"Dexterity Potion"},{"floor":28,"key":"Block Potion"}],"is_trial":false,"path_per_floor":["M","M","?","M","?","R","E","$","T","R","M","R","M","?","R","B",null,"M","M","M","M","M","R","?","M","T","$","M","R","?","M","R","B"],"character_chosen":"IRONCLAD","items_purchased":["Pommel Strike","Shrug It Off","Carnage","Blood for Blood","Thunderclap","Lantern"],"campfire_rested":6,"item_purchase_floors":[8,8,8,27,27,27],"current_hp_per_floor":[80,80,80,80,60,80,33,33,33,57,63,80,80,80,80,25,80,54,58,45,26,29,53,45,20,20,20,23,47,47,39,63,0],"gold":86,"neow_bonus":"","is_prod":false,"is_daily":false,"chose_seed":false,"campfire_upgraded":1,"win_rate":0.0,"timestamp":1566685438,"path_taken":["M","M","?","M","?","R","E","$","T","R","M","R","M","?","R","BOSS","M","?","M","M","M","R","?","M","T","$","?","R","?","M","R","BOSS"],"build_version":"2019-07-17","purchased_purges":1,"victory":false,"max_hp_per_floor":[80,80,80,80,80,80,80,80,80,80,80,80,80,80,80,80,80,80,80,80,80,80,80,80,80,80,80,80,80,80,80,80,80],"card_choices":[{"not_picked":["Sword Boomerang","Dual Wield"],"picked":"Twin Strike","floor":1},{"not_picked":["Clash","Whirlwind"],"picked":"Fire Breathing","floor":2},{"not_picked":["Armaments","Clash"],"picked":"Sword Boomerang","floor":4},{"not_picked":["Shockwave","Brutality"],"picked":"Anger","floor":7},{"not_picked":["Armaments","Warcry"],"picked":"Iron Wave","floor":11},{"not_picked":["Armaments","Clothesline"],"picked":"Seeing Red","floor":13},{"not_picked":["Reaper","Fiend Fire"],"picked":"Berserk","floor":16},{"not_picked":["Clash","Shockwave+1"],"picked":"Pommel Strike+1","floor":18},{"not_picked":["Clash","Anger"],"picked":"Headbutt+1","floor":19},{"not_picked":["Sword Boomerang","Pummel"],"picked":"Iron Wave","floor":20},{"not_picked":["Clothesline","Whirlwind+1"],"picked":"Power Through+1","floor":21},{"not_picked":["Reckless Charge","Offering"],"picked":"Perfected Strike+1","floor":22},{"not_picked":["Power Through","Second Wind"],"picked":"Feel No Pain+1","floor":25},{"not_picked":["Carnage","Shockwave"],"picked":"Metallicize","floor":28},{"not_picked":["Hemokinesis","Corruption+1"],"picked":"Rage","floor":31}],"player_experience":0,"relics_obtained":[{"floor":7,"key":"Red Skull"},{"floor":9,"key":"Ancient Tea Set"},{"floor":26,"key":"Orichalcum"}],"event_choices":[{"damage_healed":0,"gold_gain":0,"player_choice":"Ignored","damage_taken":0,"max_hp_gain":0,"max_hp_loss":0,"event_name":"Liars Game","floor":3,"gold_loss":0},{"damage_healed":0,"gold_gain":0,"player_choice":"Take Damage","damage_taken":20,"relics_obtained":["Golden Idol"],"max_hp_gain":0,"max_hp_loss":0,"event_name":"Golden Idol","floor":5,"gold_loss":0},{"damage_healed":0,"gold_gain":0,"player_choice":"Gave Potion","damage_taken":0,"relics_obtained":["Unceasing Top"],"max_hp_gain":0,"max_hp_loss":0,"event_name":"WeMeetAgain","floor":14,"gold_loss":0},{"damage_healed":0,"gold_gain":0,"player_choice":"Damaged","damage_taken":8,"max_hp_gain":0,"max_hp_loss":0,"event_name":"Wheel of Change","floor":24,"gold_loss":0},{"cards_removed":["Strike_R"],"damage_healed":0,"gold_gain":0,"player_choice":"Took Card","damage_taken":0,"max_hp_gain":0,"max_hp_loss":0,"event_name":"NoteForYourself","floor":30,"gold_loss":0,"cards_obtained":["Iron Wave"]}],"is_beta":false,"boss_relics":[{"not_picked":["Snecko Eye","White Beast Statue"],"picked":"Philosopher\u0027s Stone"}],"items_purged_floors":[27],"is_endless":false,"potions_floor_spawned":[1,4,11,19,22,28,31],"killed_by":"Champ","ascension_level":0}