{"gold_per_floor":[113,132,142,162,162,188,202,202,253,253,266,266,266,266,266,369,369,369,369,14,0,0,0,0,0,0,0,0,0,0,0,0,0,0,0,0,0,0,0,0,0,0],"floor_reached":42,"playtime":2473,"items_purged":["Defend_R"],"score":424,"play_id":"7cdc50bd-9a20-43f7-8399-eebd98f36250","local_time":"20190821191840","is_ascension_mode":false,"campfire_choices":[{"data":"Metallicize","floor":10.0,"key":"SMITH"},{"floor":12.0,"key":"REST"},{"floor":15.0,"key":"REST"},{"data":"Immolate","floor":23.0,"key":"SMITH"},{"floor":32.0,"key":"REST"},{"floor":40,"key":"REST"}],"neow_cost":"NONE","seed_source_timestamp":0,"circlet_count":0,"master_deck":["Strike_R","Strike_R","Strike_R","Strike_R","Strike_R","Defend_R+1","Defend_R+1","Perfected Strike","Rage+1","Battle Trance","Dropkick","Perfected Strike","Metallicize+1","Pommel Strike","Pommel Strike","Immolate+1","Wild Strike","Finesse","Metallicize","Evolve","Burning Pact+1","True Grit","Anger","Armaments+1","Brutality","Pommel Strike","Whirlwind","Spot Weakness","Armaments+1","Perfected Strike"],"special_seed":0,"relics":["Burning Blood","NeowsBlessing","Smiling Mask","Orichalcum","Ectoplasm","Dead Branch","Question Card","War Paint","Orrery","Red Mask"],"potions_floor_usage":[],"damage_taken":[{"damage":0.0,"enemies":"Cultist","floor":1.0,"turns":1.0},{"damage":0.0,"enemies":"Jaw Worm","floor":2.0,"turns":1.0},{"damage":0.0,"enemies":"2 Louse","floor":3.0,"turns":1.0},{"damage":7.0,"enemies":"2 Fungi Beasts","floor":4.0,"turns":5.0},{"damage":49.0,"enemies":"Gremlin Nob","floor":6.0,"turns":5.0},{"damage":8.0,"enemies":"3 Louse","floor":7.0,"turns":3.0},{"damage":6.0,"enemies":"Exordium Thugs","floor":11.0,"turns":5.0},{"damage":39.0,"enemies":"The Guardian","floor":16.0,"turns":11.0},{"damage":12.0,"enemies":"3 Byrds","floor":18.0,"turns":5.0},{"damage":0.0,"enemies":"2 Thieves","floor":21.0,"turns":4.0},{"damage":6.0,"enemies":"Snecko","floor":22.0,"turns":4.0},{"damage":17.0,"enemies":"Gremlin Leader","floor":24.0,"turns":5.0},{"damage":4.0,"enemies":"Chosen and Byrds","floor":27.0,"turns":5.0},{"damage":0.0,"enemies":"Cultist and Chosen","floor":28.0,"turns":5.0},{"damage":16.0,"enemies":"Snake Plant","floor":29.0,"turns":4.0},{"damage":2.0,"enemies":"Centurion and Healer","floor":30.0,"turns":7.0},{"damage":33.0,"enemies":"Shelled Parasite and Fungi","floor":31.0,"turns":6.0},{"damage":42.0,"enemies":"Automaton","floor":33.0,"turns":12.0},{"damage":15,"enemies":"3 Darklings","floor":35,"turns":4},{"damage":16,"enemies":"3 Shapes","floor":36,"turns":7},{"damage":29,"enemies":"3 Darklings","floor":41,"turns":6},{"damage":67,"enemies":"2 Orb Walkers","floor":42,"turns":5}],"seed_played":"-3480997919203029762","potions_obtained":[{"floor":4.0,"key":"Block Potion"},{"floor":6.0,"key":"Strength Potion"},{"floor":11.0,"key":"Dexterity Potion"},{"floor":22.0,"key":"Block Potion"},{"floor":33.0,"key":"FairyPotion"},{"floor":41,"key":"SpeedPotion"}],"is_trial":false,"path_per_floor":["M","M","M","M","?","E","M","?","T","R","M","R","?","?","R","B",null,"M","?","$","M","M","R","E","$","T","M","M","M","M","M","R","B",null,"M","M","$","?","?","R","M","?"],"character_chosen":"IRONCLAD","items_purchased":["Dead Branch"],"campfire_rested":4,"item_purchase_floors":[20],"current_hp_per_floor":[80,80,80,79,79,36,34,34,34,34,34,58,51,35,59,26,80,74,58,58,64,64,64,53,53,53,55,61,51,55,28,52,16,80,71,61,61,61,53,77,54,0],"gold":0,"neow_bonus":"THREE_ENEMY_KILL","is_prod":false,"is_daily":false,"chose_seed":false,"campfire_upgraded":2,"win_rate":0,"timestamp":1566407920,"path_taken":["M","?","M","M","?","E","M","?","T","R","M","R","?","?","R","BOSS","M","?","$","M","?","R","E","$","T","M","M","M","M","M","R","BOSS","M","M","$","?","?","R","?","?"],"build_version":"2019-07-17","purchased_purges":1,"victory":false,"max_hp_per_floor":[80,80,80,80,80,80,80,80,80,80,80,80,80,80,80,80,80,80,80,80,80,80,80,80,80,80,80,80,80,80,80,80,80,80,80,80,80,80,80,80,80,80],"card_choices":[{"not_picked":["Clothesline","Dual Wield"],"picked":"Perfected Strike","floor":1.0},{"not_picked":["Headbutt","Pummel"],"picked":"Rage","floor":2.0},{"not_picked":["Body Slam","Twin Strike"],"picked":"Battle Trance","floor":3.0},{"not_picked":["Clothesline","Feel No Pain"],"picked":"Dropkick","floor":4.0},{"not_picked":["Impervious","Clash"],"picked":"Perfected Strike","floor":6.0},{"not_picked":["Cleave","Whirlwind"],"picked":"Metallicize","floor":7.0},{"not_picked":["Cleave","Sword Boomerang"],"picked":"Pommel Strike","floor":11.0},{"not_picked":["Feed","Limit Break"],"picked":"Immolate","floor":16.0},{"not_picked":["Dual Wield+1","Iron Wave"],"picked":"Wild Strike","floor":18.0},{"not_picked":["Body Slam","Flame Barrier"],"picked":"Metallicize","floor":21.0},{"not_picked":["Cleave","Second Wind"],"picked":"Evolve","floor":22.0},{"not_picked":["Twin Strike","Cleave"],"picked":"Burning Pact","floor":24.0},{"not_picked":["Wild Strike","Havoc","Feed","Thunderclap"],"picked":"SKIP","floor":27.0},{"not_picked":["Sword Boomerang","Heavy Blade","Cleave"],"picked":"True Grit","floor":28.0},{"not_picked":["Iron Wave","Clothesline","Body Slam","Cleave"],"picked":"SKIP","floor":29.0},{"not_picked":["Feed","Clash","Pommel Strike"],"picked":"Anger","floor":30.0},{"not_picked":["Shockwave","Sword Boomerang","Body Slam"],"picked":"Armaments+1","floor":31.0},{"not_picked":["Juggernaut","Reaper","Dark Embrace"],"picked":"Brutality","floor":33.0},{"not_picked":["Searing Blow+1","Heavy Blade","Rampage"],"picked":"Pommel Strike","floor":34},{"not_picked":["Feel No Pain","Armaments","Exhume"],"picked":"Whirlwind","floor":34},{"not_picked":["Twin Strike","Thunderclap","Flame Barrier"],"picked":"Spot Weakness","floor":34},{"not_picked":["Wild Strike+1","Searing Blow","Iron Wave"],"picked":"Armaments+1","floor":35},{"not_picked":["Heavy Blade","Clash+1","Wild Strike+1","Dark Embrace"],"picked":"SKIP","floor":36},{"not_picked":["Dual Wield","Hemokinesis","Entrench"],"picked":"Perfected Strike","floor":41}],"player_experience":332630,"relics_obtained":[{"floor":6.0,"key":"Smiling Mask"},{"floor":9.0,"key":"Orichalcum"},{"floor":24.0,"key":"Question Card"},{"floor":26.0,"key":"War Paint"}],"event_choices":[{"damage_healed":0.0,"max_hp_gain":0.0,"max_hp_loss":0.0,"gold_gain":0.0,"event_name":"Golden Idol","player_choice":"Ignored","floor":5.0,"gold_loss":0.0,"damage_taken":0.0},{"damage_healed":0.0,"max_hp_gain":0.0,"max_hp_loss":0.0,"gold_gain":0.0,"cards_transformed":["Defend_R"],"event_name":"Living Wall","player_choice":"Change","floor":8.0,"gold_loss":0.0,"damage_taken":0.0,"cards_obtained":["Pommel Strike"]},{"cards_removed":["Bash"],"damage_healed":0.0,"max_hp_gain":0.0,"max_hp_loss":0.0,"gold_gain":0.0,"event_name":"Golden Wing","player_choice":"Card Removal","floor":13.0,"gold_loss":0.0,"damage_taken":7.0},{"damage_healed":0.0,"max_hp_gain":0.0,"max_hp_loss":0.0,"gold_gain":0.0,"event_name":"Shining Light","player_choice":"Entered Light","floor":14.0,"gold_loss":0.0,"damage_taken":16.0,"cards_upgraded":["Defend_R","Defend_R"]},{"damage_healed":0.0,"max_hp_gain":0.0,"max_hp_loss":0.0,"gold_gain":0.0,"event_name":"Knowing Skull","player_choice":"CARD ","floor":19.0,"potions_obtained":[],"gold_loss":0.0,"damage_taken":16.0,"cards_obtained":["Finesse"]},{"damage_healed":0.0,"max_hp_gain":0.0,"max_hp_loss":0.0,"gold_gain":0.0,"event_name":"Knowing Skull","player_choice":"CARD ","floor":19.0,"potions_obtained":[],"gold_loss":0.0,"damage_taken":16.0,"cards_obtained":["Finesse"]},{"damage_healed":0,"gold_gain":0,"player_choice":"Paid","damage_taken":0,"relics_obtained":["Red Mask"],"max_hp_gain":0,"max_hp_loss":0,"event_name":"Tomb of Lord Red Mask","floor":38,"gold_loss":0},{"damage_healed":0,"gold_gain":75,"player_choice":"Touch","damage_taken":8,"max_hp_gain":0,"max_hp_loss":0,"event_name":"FaceTrader","floor":39,"gold_loss":0},{"damage_healed":0,"gold_gain":0,"player_choice":"Fight","damage_taken":0,"max_hp_gain":0,"max_hp_loss":0,"event_name":"Mysterious Sphere","floor":42,"gold_loss":0}],"is_beta":false,"boss_relics":[{"not_picked":["Runic Pyramid","Tiny House"],"picked":"Ectoplasm"},{"not_picked":["Eternal Feather","Coffee Dripper"],"picked":"Orrery"}],"items_purged_floors":[20],"is_endless":false,"potions_floor_spawned":[4,6,11,16,22,27,29,30,33,41],"killed_by":"2 Orb Walkers","ascension_level":0}