{"gold_per_floor":[114,114,389,407,339,374,386,386,386,400,400,340,372,392,392,465,465,480,480,405,421,421,421,347,374,399,399,411,442,442,454,454,525,525,537,556,456,456,480,493,332,360,437,482,517,362,390,400,400,400,400,400,0,33,33],"floor_reached":56,"playtime":2869,"items_purged":["Regret","Strike_B","Strike_B"],"score":2104,"play_id":"434761c1-014f-4b50-9275-9216ce2ab8ae","local_time":"20190621233934","is_ascension_mode":true,"campfire_choices":[{"data":"Sunder","floor":8.0,"key":"SMITH"},{"data":"Zap","floor":11.0,"key":"SMITH"},{"floor":15.0,"key":"REST"},{"floor":23.0,"key":"REST"},{"floor":27,"key":"REST"},{"data":"Loop","floor":30,"key":"SMITH"},{"data":"Recycle","floor":32,"key":"SMITH"},{"floor":49,"key":"RECALL"},{"data":"Panacea","floor":52,"key":"SMITH"}],"neow_cost":"NONE","seed_source_timestamp":702282613950613,"circlet_count":0,"master_deck":["AscendersBane","Strike_B","Defend_B","Defend_B","Defend_B","Defend_B","Zap+1","Dualcast","Loop+1","Sunder+1","Glacier","Chill","Compile Driver","Coolheaded","Glacier","Doom and Gloom","Electrodynamics+1","Gash","Biased Cognition+1","Capacitor+1","Biased Cognition+1","Self Repair+1","Glacier","Recycle+1","Force Field","Conserve Battery","Echo Form+1","Turbo","Panacea+1","Blizzard","Static Discharge+1"],"special_seed":0,"relics":["Cracked Core","NeowsBlessing","Prayer Wheel","Question Card","Bird Faced Urn","Frozen Egg 2","Runic Pyramid","Dream Catcher","Art of War","Pantograph","Inserter","Pear","Singing Bowl","Pocketwatch","Meat on the Bone","PreservedInsect","Boot","OrangePellets","Anchor"],"potions_floor_usage":[25,29,44,50,55],"damage_taken":[{"damage":0.0,"enemies":"Jaw Worm","floor":1.0,"turns":1.0},{"damage":0.0,"enemies":"Cultist","floor":4.0,"turns":1.0},{"damage":0.0,"enemies":"Gremlin Nob","floor":6.0,"turns":1.0},{"damage":0.0,"enemies":"2 Louse","floor":7.0,"turns":1.0},{"damage":22.0,"enemies":"Lots of Slimes","floor":10.0,"turns":5.0},{"damage":10.0,"enemies":"3 Sentries","floor":13.0,"turns":7.0},{"damage":5.0,"enemies":"Blue Slaver","floor":14.0,"turns":5.0},{"damage":26.0,"enemies":"The Guardian","floor":16.0,"turns":15.0},{"damage":22.0,"enemies":"Shell Parasite","floor":18.0,"turns":7.0},{"damage":7.0,"enemies":"3 Byrds","floor":21.0,"turns":2.0},{"damage":44,"enemies":"Slavers","floor":25,"turns":5},{"damage":24,"enemies":"Shelled Parasite and Fungi","floor":28,"turns":5},{"damage":35,"enemies":"Book of Stabbing","floor":29,"turns":5},{"damage":7,"enemies":"Centurion and Healer","floor":31,"turns":3},{"damage":15,"enemies":"Champ","floor":33,"turns":17},{"damage":13,"enemies":"3 Shapes","floor":35,"turns":5},{"damage":0,"enemies":"Orb Walker","floor":36,"turns":4},{"damage":43,"enemies":"Transient","floor":40,"turns":5},{"damage":21,"enemies":"Nemesis","floor":42,"turns":7},{"damage":67,"enemies":"2 Orb Walkers","floor":44,"turns":4},{"damage":0,"enemies":"Giant Head","floor":45,"turns":15},{"damage":6,"enemies":"Reptomancer","floor":47,"turns":6},{"damage":0,"enemies":"Spire Growth","floor":48,"turns":6},{"damage":63,"enemies":"Time Eater","floor":50,"turns":15},{"damage":38,"enemies":"Shield and Spear","floor":54,"turns":5},{"damage":62,"enemies":"The Heart","floor":55,"turns":11}],"seed_played":"8986254786218607205","potions_obtained":[{"floor":4.0,"key":"Fire Potion"},{"floor":14.0,"key":"LiquidBronze"},{"floor":16.0,"key":"SteroidPotion"},{"floor":25,"key":"FearPotion"},{"floor":33,"key":"SteroidPotion"},{"floor":35,"key":"Ancient Potion"},{"floor":44,"key":"Strength Potion"},{"floor":45,"key":"GamblersBrew"}],"is_trial":false,"path_per_floor":["M","?","?","M","?","E","M","R","T","M","R","?","E","M","R","B",null,"M","?","$","M","?","R","$","E","T","R","M","E","R","M","R","B",null,"M","M","$","?","T","M","$","E","T","?","E","$","E","M","R","B",null,"R","$","E","B",null],"character_chosen":"DEFECT","items_purchased":["Self Repair+1","Panacea","Ancient Potion","PreservedInsect","OrangePellets","FocusPotion"],"campfire_rested":3,"item_purchase_floors":[24,41,41,46,53,53],"current_hp_per_floor":[64,57,57,57,57,57,57,57,57,37,37,37,29,26,47,23,59,41,41,41,36,36,57,57,35,35,56,54,41,41,40,40,71,71,71,71,71,71,71,50,50,75,75,28,68,68,85,87,87,66,82,82,82,82,64],"gold":33,"neow_bonus":"THREE_ENEMY_KILL","is_prod":false,"is_daily":false,"chose_seed":false,"campfire_upgraded":5,"win_rate":0,"timestamp":1561174774,"path_taken":["M","?","?","?","?","E","M","R","T","?","R","?","E","M","R","BOSS","M","?","$","M","?","R","$","E","T","R","?","E","R","M","R","BOSS","M","M","$","?","?","M","$","E","T","?","E","$","E","M","R","BOSS","R","$","E","BOSS"],"build_version":"2019-06-21","purchased_purges":3,"victory":true,"max_hp_per_floor":[71,71,71,71,71,71,71,71,71,71,71,71,71,71,71,71,71,71,71,71,71,71,71,71,71,71,71,71,71,71,71,71,71,71,71,71,71,71,71,71,71,81,81,81,83,83,85,87,87,87,87,87,87,89,89],"card_choices":[{"not_picked":["Turbo","Streamline"],"picked":"Loop","floor":1.0},{"not_picked":["Turbo","Lockon"],"picked":"Sunder","floor":4.0},{"not_picked":["Steam","Consume"],"picked":"Glacier","floor":6.0},{"not_picked":["Skim","Lockon","Beam Cell"],"picked":"Chill","floor":7.0},{"not_picked":["Gash","Double Energy","Leap"],"picked":"Compile Driver","floor":7.0},{"not_picked":["Auto Shields","Gash","Tempest"],"picked":"Coolheaded","floor":10.0},{"not_picked":["Scrape","Hologram","Chaos"],"picked":"Glacier","floor":10.0},{"not_picked":["Hologram","Coolheaded","Consume","Leap"],"picked":"SKIP","floor":13.0},{"not_picked":["White Noise","Redo","Sweeping Beam"],"picked":"Doom and Gloom","floor":14.0},{"not_picked":["Melter","Compile Driver","Barrage","Hologram"],"picked":"SKIP","floor":14.0},{"not_picked":["Rainbow","Reboot","Meteor Strike"],"picked":"Electrodynamics+1","floor":16.0},{"not_picked":["Doom and Gloom","White Noise","Coolheaded"],"picked":"Gash","floor":18.0},{"not_picked":["Streamline","Ball Lightning","Consume","Cold Snap"],"picked":"SKIP","floor":18.0},{"not_picked":["Compile Driver","Barrage","BootSequence"],"picked":"Biased Cognition+1","floor":21.0},{"not_picked":["Melter","Redo","Force Field"],"picked":"Capacitor+1","floor":21.0},{"not_picked":["Skim","Redo","Reprogram"],"picked":"Glacier","floor":25},{"not_picked":["Chaos","Rebound+1","Streamline"],"picked":"Recycle","floor":28},{"not_picked":["Self Repair+1","White Noise","Rip and Tear+1"],"picked":"Force Field","floor":28},{"not_picked":["Cold Snap","Storm+1","Hello World+1","Glacier"],"picked":"SKIP","floor":29},{"not_picked":["Hologram","Lockon","Leap"],"picked":"Conserve Battery","floor":31},{"not_picked":["Rebound","Beam Cell+1","Chill","Go for the Eyes"],"picked":"SKIP","floor":31},{"not_picked":["Core Surge","Rainbow","Electrodynamics+1"],"picked":"Echo Form+1","floor":33},{"not_picked":["Streamline","Force Field","Hologram+1","Go for the Eyes"],"picked":"SKIP","floor":35},{"not_picked":["Streamline","Cold Snap","Genetic Algorithm","Gash+1"],"picked":"SKIP","floor":35},{"not_picked":["Redo","Aggregate","Beam Cell","Cold Snap"],"picked":"SKIP","floor":36},{"not_picked":["Streamline+1","Sweeping Beam","Capacitor+1","Cold Snap"],"picked":"SKIP","floor":36},{"not_picked":["Melter","Go for the Eyes","Hyperbeam"],"picked":"Turbo","floor":40},{"not_picked":["White Noise","Cold Snap+1","Beam Cell","Stack+1"],"picked":"SKIP","floor":40},{"not_picked":["Go for the Eyes+1","Turbo","Thunder Strike","Darkness"],"picked":"SKIP","floor":42},{"not_picked":["Scrape+1","Capacitor+1","Ball Lightning"],"picked":"Blizzard","floor":44},{"not_picked":["Doom and Gloom","Chaos+1","Reinforced Body","Cold Snap+1"],"picked":"Singing Bowl","floor":45},{"not_picked":["Hello World+1","Rebound","Go for the Eyes","Reinforced Body"],"picked":"Singing Bowl","floor":47},{"not_picked":["Sweeping Beam","Stack","Hologram","Auto Shields"],"picked":"Singing Bowl","floor":48},{"not_picked":["Turbo","Hello World+1","Capacitor+1"],"picked":"Static Discharge+1","floor":48},{"not_picked":["Conserve Battery+1","Turbo","Auto Shields","Barrage"],"picked":"Singing Bowl","floor":54}],"player_experience":2555685,"relics_obtained":[{"floor":6.0,"key":"Question Card"},{"floor":9.0,"key":"Bird Faced Urn"},{"floor":13.0,"key":"Frozen Egg 2"},{"floor":25,"key":"Dream Catcher"},{"floor":26,"key":"Art of War"},{"floor":29,"key":"Pantograph"},{"floor":42,"key":"Pear"},{"floor":43,"key":"Singing Bowl"},{"floor":44,"key":"Pocketwatch"},{"floor":45,"key":"Meat on the Bone"},{"floor":47,"key":"Boot"},{"floor":54,"key":"Anchor"}],"event_choices":[{"cards_removed":["Strike_B"],"damage_healed":0.0,"max_hp_gain":0.0,"max_hp_loss":0.0,"gold_gain":0.0,"event_name":"Golden Wing","player_choice":"Card Removal","floor":2.0,"gold_loss":0.0,"damage_taken":7.0},{"damage_healed":0.0,"max_hp_gain":0.0,"max_hp_loss":0.0,"gold_gain":275.0,"event_name":"Golden Shrine","player_choice":"Desecrate","floor":3.0,"gold_loss":0.0,"damage_taken":0.0,"cards_obtained":["Regret"]},{"damage_healed":0.0,"max_hp_gain":0.0,"max_hp_loss":0.0,"gold_gain":0.0,"event_name":"WeMeetAgain","player_choice":"Paid Gold","floor":5.0,"gold_loss":68.0,"damage_taken":0.0,"relics_obtained":["Prayer Wheel"]},{"damage_healed":0.0,"max_hp_gain":0.0,"max_hp_loss":0.0,"gold_gain":0.0,"event_name":"World of Goop","player_choice":"Left Gold","floor":12.0,"gold_loss":60.0,"damage_taken":0.0},{"damage_healed":0.0,"max_hp_gain":0.0,"max_hp_loss":0.0,"gold_gain":0.0,"event_name":"Ghosts","player_choice":"Ignored","floor":19.0,"gold_loss":0.0,"damage_taken":0.0},{"damage_healed":0.0,"max_hp_gain":0.0,"max_hp_loss":0.0,"gold_gain":0.0,"event_name":"Duplicator","player_choice":"Copied","floor":22.0,"gold_loss":0.0,"damage_taken":0.0,"cards_obtained":["Biased Cognition"]},{"damage_healed":0,"gold_gain":0,"player_choice":"Ignored","damage_taken":0,"max_hp_gain":0,"max_hp_loss":0,"event_name":"Tomb of Lord Red Mask","floor":38,"gold_loss":0},{"damage_healed":0,"gold_gain":0,"player_choice":"Fight","damage_taken":0,"max_hp_gain":0,"max_hp_loss":0,"event_name":"Mysterious Sphere","floor":44,"gold_loss":0}],"is_beta":true,"boss_relics":[{"not_picked":["Nuclear Battery","Astrolabe"],"picked":"Runic Pyramid"},{"not_picked":["Snecko Eye","Eternal Feather"],"picked":"Inserter"}],"items_purged_floors":[20,37,53],"is_endless":false,"potions_floor_spawned":[4,14,16,25,33,35,44,45,47,54],"ascension_level":15}