{"gold_per_floor":[114,133,8,25,35,35,35,35,61,14,33,33,33,54,54,178,178,197,272,18,33,46,46,1,19,19,19,19],"floor_reached":28,"playtime":2031,"items_purged":["Strike_B"],"score":210,"play_id":"e2c95542-33fb-4fc5-bc19-6e77f7549f28","local_time":"20181228155323","is_ascension_mode":false,"campfire_choices":[{"data":"Conserve Battery","floor":8.0,"key":"SMITH"},{"floor":12.0,"key":"REST"},{"data":"Go for the Eyes","floor":15,"key":"SMITH"},{"data":"Chaos","floor":23,"key":"SMITH"},{"floor":27,"key":"REST"}],"neow_cost":"NONE","seed_source_timestamp":0,"circlet_count":0,"master_deck":["Strike_B","Strike_B","Strike_B","Defend_B","Defend_B","Defend_B","Defend_B","Zap+1","Dualcast","Conserve Battery+1","Go for the Eyes+1","Lockon","Cold Snap","Redo","Go for the Eyes","Chaos+1","Hologram","Machine Learning","Conserve Battery+1","Streamline","Rebound","Stack","Coolheaded","Cold Snap+1"],"special_seed":0,"relics":["Cracked Core","Golden Idol","Juzu Bracelet","PreservedInsect","Runic Pyramid","Happy Flower","StoneCalendar"],"potions_floor_usage":[22,25,28,28],"damage_taken":[{"damage":1.0,"enemies":"Jaw Worm","floor":1.0,"turns":3.0},{"damage":1.0,"enemies":"2 Louse","floor":2.0,"turns":3.0},{"damage":0.0,"enemies":"Cultist","floor":4.0,"turns":2.0},{"damage":13.0,"enemies":"Gremlin Gang","floor":5.0,"turns":5.0},{"damage":0.0,"enemies":"Looter","floor":11.0,"turns":2.0},{"damage":0.0,"enemies":"3 Louse","floor":14.0,"turns":3.0},{"damage":27,"enemies":"The Guardian","floor":16,"turns":18},{"damage":3,"enemies":"Shell Parasite","floor":18,"turns":5},{"damage":3,"enemies":"Spheric Guardian","floor":21,"turns":4},{"damage":24,"enemies":"Snake Plant","floor":22,"turns":4},{"damage":12,"enemies":"Centurion and Healer","floor":25,"turns":7},{"damage":23,"enemies":"Colosseum Slavers","floor":28,"turns":4},{"damage":53,"enemies":"Colosseum Nobs","floor":28,"turns":5}],"seed_played":"-3341995510604550862","potions_obtained":[{"floor":2.0,"key":"Regen Potion"},{"floor":13.0,"key":"Dexterity Potion"},{"floor":13.0,"key":"Weak Potion"},{"floor":22,"key":"Swift Potion"}],"is_trial":false,"path_per_floor":["M","M","$","M","M","?","?","R","T","$","M","R","?","M","M","R","B",null,"M","?","$","M","M","R","$","M","T","R","?"],"character_chosen":"DEFECT","items_purchased":["Lockon","Explosive Potion","Go for the Eyes","Happy Flower","Streamline","Coolheaded"],"campfire_rested":2,"item_purchase_floors":[3,3,10,20,20,24],"current_hp_per_floor":[74,73,73,73,60,42,39,39,39,39,39,61,61,61,61,34,75,72,65,65,62,43,43,43,31,31,53,0],"gold":19,"neow_bonus":"UPGRADE_CARD","is_prod":false,"is_daily":false,"chose_seed":false,"campfire_upgraded":3,"win_rate":0,"timestamp":1546008803,"path_taken":["M","M","$","M","M","?","?","R","T","$","M","R","?","M","R","BOSS","M","?","$","M","M","R","$","M","T","R","?"],"build_version":"2018-12-20","purchased_purges":1,"victory":false,"max_hp_per_floor":[75,75,75,75,75,75,75,75,75,75,75,75,75,75,75,75,75,75,75,75,75,75,75,75,75,75,75,75],"card_choices":[{"not_picked":["Gash","Capacitor"],"picked":"Conserve Battery","floor":1.0},{"not_picked":["Gash","Ball Lightning"],"picked":"Go for the Eyes","floor":2.0},{"not_picked":["Barrage","Hologram"],"picked":"Cold Snap","floor":4.0},{"not_picked":["Heatsinks","Streamline"],"picked":"Redo","floor":5.0},{"not_picked":["Barrage","Static Discharge"],"picked":"Chaos","floor":11.0},{"not_picked":["Go for the Eyes","Coolheaded"],"picked":"Hologram","floor":14},{"not_picked":["Meteor Strike","Creative AI"],"picked":"Machine Learning","floor":16},{"not_picked":["Steam+1","Streamline"],"picked":"Conserve Battery+1","floor":18},{"not_picked":["Gash","Hologram"],"picked":"Rebound","floor":21},{"not_picked":["Amplify","Streamline+1"],"picked":"Stack","floor":22},{"not_picked":["Redo","Force Field"],"picked":"Cold Snap+1","floor":25}],"player_experience":67036,"relics_obtained":[{"floor":9.0,"key":"PreservedInsect"},{"floor":26,"key":"StoneCalendar"}],"event_choices":[{"damage_healed":0.0,"max_hp_gain":0.0,"max_hp_loss":0.0,"gold_gain":0.0,"event_name":"Golden Idol","player_choice":"Take Damage","floor":6.0,"gold_loss":0.0,"damage_taken":18.0,"relics_obtained":["Golden Idol"]},{"damage_healed":0.0,"max_hp_gain":0.0,"max_hp_loss":0.0,"gold_gain":0.0,"event_name":"Scrap Ooze","player_choice":"Success","floor":7.0,"gold_loss":0.0,"damage_taken":3.0,"relics_obtained":["Juzu Bracelet"]},{"damage_healed":0.0,"max_hp_gain":0.0,"max_hp_loss":0.0,"gold_gain":0.0,"event_name":"Lab","player_choice":"Got Potions","floor":13.0,"gold_loss":0.0,"damage_taken":0.0},{"damage_healed":0,"gold_gain":75,"player_choice":"Touch","damage_taken":7,"max_hp_gain":0,"max_hp_loss":0,"event_name":"FaceTrader","floor":19,"gold_loss":0},{"damage_healed":0,"gold_gain":0,"player_choice":"Fight","damage_taken":0,"max_hp_gain":0,"max_hp_loss":0,"event_name":"Colosseum","floor":28,"gold_loss":0},{"damage_healed":0,"gold_gain":0,"player_choice":"Fought Nobs","damage_taken":0,"max_hp_gain":0,"max_hp_loss":0,"event_name":"Colosseum","floor":28,"gold_loss":0}],"is_beta":false,"boss_relics":[{"not_picked":["Black Star","Empty Cage"],"picked":"Runic Pyramid"}],"items_purged_floors":[20],"is_endless":false,"potions_floor_spawned":[2,14,18,22],"killed_by":"Colosseum Nobs","ascension_level":0}