{"gold_per_floor":[112,112,82,97,112,140,140,169,261,298,322,352,364,392,404,495,507,534,546,572,125,125,125,153,153,153,179,179,206,220,248,248,322,322,341,341,351,364,377,406,417,450,522,442,453,453,482,498,498,498,498,498,8,42,42],"floor_reached":56,"playtime":2746,"items_purged":["Shame","Decay"],"score":2490,"play_id":"d9a8ad00-cc25-41c8-a3f0-35876640ed0c","local_time":"20190812201522","is_ascension_mode":true,"campfire_choices":[{"data":"Armaments","floor":7.0,"key":"SMITH"},{"data":"Juggernaut","floor":15,"key":"SMITH"},{"floor":23,"key":"REST"},{"data":"Battle Trance","floor":25,"key":"SMITH"},{"floor":32,"key":"REST"},{"floor":46,"key":"RECALL"},{"data":"Feel No Pain","floor":49,"key":"SMITH"},{"data":"Flame Barrier","floor":52,"key":"SMITH"}],"neow_cost":"NONE","seed_source_timestamp":2857062752520561,"circlet_count":0,"master_deck":["AscendersBane","Strike_R","Strike_R","Strike_R","Strike_R","Defend_R","Defend_R+1","Defend_R","Defend_R+1","Bash","Clothesline","Uppercut","Armaments+1","Anger","Juggernaut+1","Flame Barrier","Battle Trance+1","Shrug It Off","Body Slam","Fiend Fire","Entrench","Corruption","True Grit","Clumsy","Decay","Infernal Blade+1","Feel No Pain+1","Impervious","Flame Barrier+1","Disarm","Corruption","Second Wind+1","Feel No Pain","Burning Pact+1"],"special_seed":0,"relics":["Burning Blood","Ginger","MawBank","Sundial","Bottled Lightning","Cursed Key","Bronze Scales","Dead Branch","FossilizedHelix","The Courier","Incense Burner","Paper Frog","Lantern","Red Skull","Snecko Eye","Matryoshka","Gremlin Horn","Bag of Preparation","Toxic Egg 2","Pear","Letter Opener","Art of War"],"potions_floor_usage":[10,24,29,29,33,55,55],"damage_taken":[{"damage":5.0,"enemies":"2 Louse","floor":1.0,"turns":3.0},{"damage":2.0,"enemies":"Jaw Worm","floor":4.0,"turns":5.0},{"damage":0.0,"enemies":"Cultist","floor":5.0,"turns":3.0},{"damage":21.0,"enemies":"Gremlin Nob","floor":6.0,"turns":5.0},{"damage":14.0,"enemies":"3 Sentries","floor":8.0,"turns":7.0},{"damage":18,"enemies":"Gremlin Nob","floor":10,"turns":4},{"damage":7,"enemies":"Exordium Wildlife","floor":11,"turns":6},{"damage":2,"enemies":"2 Fungi Beasts","floor":12,"turns":3},{"damage":3,"enemies":"Looter","floor":14,"turns":4},{"damage":39,"enemies":"Hexaghost","floor":16,"turns":12},{"damage":4,"enemies":"Shell Parasite","floor":18,"turns":6},{"damage":16,"enemies":"Spheric Guardian","floor":20,"turns":4},{"damage":33,"enemies":"Book of Stabbing","floor":24,"turns":5},{"damage":0,"enemies":"Gremlin Leader","floor":27,"turns":6},{"damage":27,"enemies":"Book of Stabbing","floor":29,"turns":5},{"damage":0,"enemies":"Centurion and Healer","floor":30,"turns":4},{"damage":0,"enemies":"Slavers","floor":31,"turns":2},{"damage":12,"enemies":"Automaton","floor":33,"turns":6},{"damage":0,"enemies":"3 Darklings","floor":35,"turns":1},{"damage":0,"enemies":"Orb Walker","floor":37,"turns":2},{"damage":0,"enemies":"Transient","floor":38,"turns":5},{"damage":0,"enemies":"Sphere and 2 Shapes","floor":39,"turns":3},{"damage":16,"enemies":"Nemesis","floor":40,"turns":7},{"damage":0,"enemies":"4 Shapes","floor":41,"turns":3},{"damage":0,"enemies":"Giant Head","floor":42,"turns":2},{"damage":0,"enemies":"Transient","floor":45,"turns":5},{"damage":0,"enemies":"Reptomancer","floor":47,"turns":1},{"damage":0,"enemies":"Maw","floor":48,"turns":3},{"damage":0,"enemies":"Donu and Deca","floor":50,"turns":4},{"damage":0,"enemies":"Shield and Spear","floor":54,"turns":3},{"damage":19,"enemies":"The Heart","floor":55,"turns":5}],"seed_played":"7230572192720992449","potions_obtained":[{"floor":1.0,"key":"Ancient Potion"},{"floor":3.0,"key":"Regen Potion"},{"floor":4.0,"key":"Fire Potion"},{"floor":8.0,"key":"SkillPotion"},{"floor":12,"key":"SmokeBomb"},{"floor":16,"key":"SteroidPotion"},{"floor":18,"key":"Fruit Juice"},{"floor":27,"key":"FearPotion"},{"floor":31,"key":"SkillPotion"},{"floor":39,"key":"Block Potion"},{"floor":41,"key":"Regen Potion"},{"floor":47,"key":"Regen Potion"}],"is_trial":false,"path_per_floor":["M","?","?","M","M","E","R","E","T","E","M","M","?","M","R","B",null,"M","?","M","$","?","R","E","R","T","E","T","E","M","E","R","B",null,"M","?","M","M","M","E","M","E","T","$","M","R","E","M","R","B",null,"R","$","E","B",null],"character_chosen":"IRONCLAD","items_purchased":["Dead Branch","Corruption","Feel No Pain","Burning Pact+1","Pear","Letter Opener"],"campfire_rested":2,"item_purchase_floors":[21,21,53,53,53,53],"current_hp_per_floor":[69,46,46,64,70,55,55,47,47,35,34,38,38,41,41,8,58,60,60,50,50,29,53,31,31,31,37,37,16,22,28,53,47,76,82,82,85,85,85,75,81,85,85,85,85,85,85,85,85,85,85,85,95,95,95],"gold":42,"neow_bonus":"THREE_CARDS","is_prod":false,"is_daily":false,"chose_seed":false,"campfire_upgraded":5,"win_rate":0,"timestamp":1565655322,"path_taken":["M","?","?","M","M","E","R","E","T","E","M","?","?","M","R","BOSS","M","?","M","$","?","R","E","R","T","E","?","E","M","E","R","BOSS","M","?","M","M","M","E","M","E","T","$","M","R","E","M","R","BOSS","R","$","E","BOSS"],"build_version":"2019-07-17","purchased_purges":2,"victory":true,"max_hp_per_floor":[75,75,75,75,75,75,75,75,75,75,75,75,75,75,75,75,75,75,75,75,75,80,80,85,85,85,85,85,85,85,85,85,85,85,85,85,85,85,85,85,85,85,85,85,85,85,85,85,85,85,85,85,95,95,95],"card_choices":[{"not_picked":["Thunderclap","Corruption"],"picked":"Clothesline","floor":0.0},{"not_picked":["Evolve","Wild Strike"],"picked":"Uppercut","floor":1.0},{"not_picked":["Second Wind","Heavy Blade"],"picked":"Armaments","floor":4.0},{"not_picked":["Sword Boomerang","Iron Wave"],"picked":"Anger","floor":5.0},{"not_picked":["Anger","Armaments"],"picked":"Juggernaut","floor":6.0},{"not_picked":["Corruption","Pommel Strike"],"picked":"Flame Barrier","floor":8.0},{"not_picked":["Pommel Strike","Thunderclap"],"picked":"Battle Trance","floor":10},{"not_picked":["Warcry","Hemokinesis"],"picked":"Shrug It Off","floor":11},{"not_picked":["Perfected Strike","Rupture","Clash"],"picked":"SKIP","floor":12},{"not_picked":["Thunderclap","Rage"],"picked":"Body Slam","floor":14},{"not_picked":["Demon Form","Juggernaut"],"picked":"Fiend Fire","floor":16},{"not_picked":["Anger+1","Rage","Dropkick"],"picked":"SKIP","floor":18},{"not_picked":["Whirlwind","Heavy Blade"],"picked":"Entrench","floor":20},{"not_picked":["Spot Weakness","Perfected Strike"],"picked":"True Grit","floor":24},{"not_picked":["Cleave","Twin Strike","Anger+1"],"picked":"SKIP","floor":27},{"not_picked":["Flex","Twin Strike"],"picked":"Infernal Blade+1","floor":29},{"not_picked":["Exhume","Wild Strike"],"picked":"Feel No Pain","floor":30},{"not_picked":["Searing Blow+1","Headbutt","Bloodletting"],"picked":"SKIP","floor":31},{"not_picked":["Feed","Reaper"],"picked":"Impervious","floor":33},{"not_picked":["Heavy Blade","Perfected Strike"],"picked":"Flame Barrier","floor":35},{"not_picked":["Body Slam","Sword Boomerang","Iron Wave"],"picked":"SKIP","floor":37},{"not_picked":["Headbutt","Havoc","Iron Wave"],"picked":"SKIP","floor":38},{"not_picked":["Pummel","Uppercut","Thunderclap"],"picked":"SKIP","floor":39},{"not_picked":["Armaments","Anger+1","Reckless Charge"],"picked":"SKIP","floor":40},{"not_picked":["Havoc","Bloodletting+1"],"picked":"Disarm","floor":41},{"not_picked":["Berserk","Entrench"],"picked":"Corruption","floor":42},{"not_picked":["Hemokinesis","Rage","Headbutt"],"picked":"SKIP","floor":45},{"not_picked":["Perfected Strike+1","Armaments","Havoc"],"picked":"SKIP","floor":47},{"not_picked":["Clothesline+1","Seeing Red+1"],"picked":"Second Wind+1","floor":48},{"not_picked":["Demon Form","Thunderclap","Perfected Strike"],"picked":"SKIP","floor":54}],"player_experience":2671976,"relics_obtained":[{"floor":6.0,"key":"Ginger"},{"floor":8.0,"key":"MawBank"},{"floor":9.0,"key":"Sundial"},{"floor":10,"key":"Bottled Lightning"},{"floor":24,"key":"FossilizedHelix"},{"floor":26,"key":"The Courier"},{"floor":27,"key":"Incense Burner"},{"floor":28,"key":"Paper Frog"},{"floor":29,"key":"Lantern"},{"floor":31,"key":"Red Skull"},{"floor":40,"key":"Matryoshka"},{"floor":42,"key":"Gremlin Horn"},{"floor":43,"key":"Bag of Preparation"},{"floor":47,"key":"Toxic Egg 2"},{"floor":54,"key":"Art of War"}],"event_choices":[{"damage_healed":0.0,"max_hp_gain":0.0,"max_hp_loss":0.0,"gold_gain":0.0,"event_name":"Shining Light","player_choice":"Entered Light","floor":2.0,"gold_loss":0.0,"damage_taken":23.0,"cards_upgraded":["Defend_R","Defend_R"]},{"damage_healed":0.0,"max_hp_gain":0.0,"max_hp_loss":0.0,"gold_gain":0.0,"event_name":"The Woman in Blue","player_choice":"Bought 2 Potions","floor":3.0,"gold_loss":0.0,"damage_taken":0.0},{"damage_healed":0,"gold_gain":0,"player_choice":"Ignored","damage_taken":0,"max_hp_gain":0,"max_hp_loss":0,"event_name":"Liars Game","floor":13,"gold_loss":0},{"damage_healed":0,"gold_gain":0,"player_choice":"Stole Relic","damage_taken":0,"relics_obtained":["Bronze Scales"],"max_hp_gain":0,"max_hp_loss":0,"event_name":"Addict","floor":19,"gold_loss":0,"cards_obtained":["Shame"]},{"damage_healed":0,"gold_gain":0,"player_choice":"Shed Blood","damage_taken":26,"max_hp_gain":5,"max_hp_loss":0,"event_name":"Forgotten Altar","floor":22,"gold_loss":0},{"cards_removed":["Strike_R"],"damage_healed":0,"gold_gain":0,"player_choice":"Purged","damage_taken":0,"max_hp_gain":0,"max_hp_loss":0,"event_name":"Purifier","floor":36,"gold_loss":0}],"is_beta":false,"boss_relics":[{"not_picked":["Calling Bell","Black Blood"],"picked":"Cursed Key"},{"not_picked":["Fusion Hammer","Orrery"],"picked":"Snecko Eye"}],"items_purged_floors":[21,44],"is_endless":false,"potions_floor_spawned":[1,4,8,12,16,18,27,31,39,41,42,47,54],"ascension_level":15}