{"gold_per_floor":[113,38,38,48,1,1,27,39,94,94,94,114,114,127,127,232,232,249,267,267,281,296,296,313,163,163,181,181,198,198,218,218,315,315,332,332,432,37,54,54,88,88,114,130,141,141,156,6,6,6],"floor_reached":51,"playtime":2627,"items_purged":["Strike_G","Strike_G","Strike_G","Regret"],"score":731,"play_id":"06a27b69-7983-4831-a140-162683346d94","local_time":"20190824001927","is_ascension_mode":false,"campfire_choices":[{"data":"Blade Dance","floor":6,"key":"SMITH"},{"floor":11,"key":"REST"},{"data":"A Thousand Cuts","floor":13,"key":"SMITH"},{"data":"Dodge and Roll","floor":15,"key":"SMITH"},{"floor":23,"key":"REST"},{"floor":28,"key":"REST"},{"floor":30,"key":"REST"},{"data":"Neutralize","floor":32,"key":"SMITH"},{"data":"After Image","floor":40,"key":"SMITH"},{"floor":42,"key":"REST"},{"floor":46,"key":"REST"},{"data":"Footwork","floor":49,"key":"SMITH"}],"neow_cost":"NONE","seed_source_timestamp":596956225460900,"circlet_count":0,"master_deck":["Strike_G","Defend_G","Defend_G","Defend_G","Defend_G","Defend_G","Survivor","Neutralize+1","Dodge and Roll+1","Blade Dance+1","A Thousand Cuts+1","Deadly Poison","Finisher","Acrobatics","Adrenaline","Blade Dance+1","Footwork+1","Noxious Fumes+1","Deflect","Dodge and Roll","Slice","Dodge and Roll","Well Laid Plans","After Image+1","Outmaneuver+1","Parasite","Cloak And Dagger","Infinite Blades","Cloak And Dagger+1","Deflect+1","Cloak And Dagger","Footwork+1","Tools of the Trade","Prepared+1","Deflect+1","Deflect+1"],"relics":["Ring of the Snake","Orichalcum","Bag of Marbles","Potion Belt","Sozu","Sundial","Cursed Key","Prayer Wheel","Mango","Medical Kit","Blood Vial","Happy Flower"],"potions_floor_usage":[50,50],"damage_taken":[{"damage":0,"enemies":"Cultist","floor":1,"turns":5},{"damage":0,"enemies":"Small Slimes","floor":4,"turns":4},{"damage":28,"enemies":"Gremlin Nob","floor":7,"turns":5},{"damage":0,"enemies":"2 Louse","floor":8,"turns":2},{"damage":4,"enemies":"Red Slaver","floor":12,"turns":3},{"damage":0,"enemies":"Gremlin Gang","floor":14,"turns":4},{"damage":36,"enemies":"The Guardian","floor":16,"turns":12},{"damage":11,"enemies":"Spheric Guardian","floor":18,"turns":4},{"damage":9,"enemies":"Shell Parasite","floor":19,"turns":3},{"damage":12,"enemies":"Snake Plant","floor":21,"turns":4},{"damage":6,"enemies":"3 Cultists","floor":22,"turns":6},{"damage":1,"enemies":"Cultist and Chosen","floor":24,"turns":4},{"damage":14,"enemies":"Centurion and Healer","floor":27,"turns":5},{"damage":16,"enemies":"Snake Plant","floor":29,"turns":4},{"damage":0,"enemies":"3 Cultists","floor":31,"turns":4},{"damage":15,"enemies":"Automaton","floor":33,"turns":8},{"damage":15,"enemies":"3 Shapes","floor":35,"turns":5},{"damage":0,"enemies":"Mind Bloom Boss Battle","floor":37,"turns":6},{"damage":8,"enemies":"Orb Walker","floor":39,"turns":5},{"damage":27,"enemies":"Reptomancer","floor":41,"turns":9},{"damage":2,"enemies":"3 Darklings","floor":44,"turns":3},{"damage":5,"enemies":"Maw","floor":45,"turns":7},{"damage":1,"enemies":"Jaw Worm Horde","floor":47,"turns":6},{"damage":19,"enemies":"Donu and Deca","floor":50,"turns":12}],"seed_played":"-8381778418320214474","potions_obtained":[{"floor":4,"key":"GamblersBrew"},{"floor":7,"key":"GamblersBrew"},{"floor":8,"key":"Ancient Potion"},{"floor":12,"key":"AttackPotion"}],"is_trial":false,"path_per_floor":["M","$","?","M","$","R","E","M","T","?","R","M","R","M","R","B",null,"M","M","?","M","M","R","M","$","T","M","R","M","R","M","R","B",null,"M","T","?","$","M","R","E","R","T","M","M","R","M","$","R","B",null],"character_chosen":"THE_SILENT","items_purchased":["Deadly Poison","Dodge and Roll","Infinite Blades","Medical Kit"],"campfire_rested":6,"item_purchase_floors":[5,25,38,38],"current_hp_per_floor":[70,70,58,58,58,58,30,30,30,23,44,40,40,40,40,4,70,59,50,43,31,25,46,45,45,45,31,52,36,57,57,57,42,70,55,55,69,69,61,61,34,59,59,59,56,81,82,82,82,65],"gold":6,"neow_bonus":"THREE_CARDS","is_prod":false,"is_daily":false,"chose_seed":false,"campfire_upgraded":6,"win_rate":0,"timestamp":1566598767,"path_taken":["M","$","?","M","$","R","E","M","T","?","R","M","R","M","R","BOSS","M","M","?","M","?","R","M","$","T","?","R","M","R","M","R","BOSS","M","?","?","$","M","R","E","R","T","M","M","R","M","?","R","BOSS"],"build_version":"2019-07-17","purchased_purges":4,"victory":true,"max_hp_per_floor":[70,70,70,70,70,70,70,70,70,70,70,70,70,70,70,70,70,70,70,70,70,70,70,70,70,70,70,70,70,70,70,70,70,70,70,70,84,84,84,84,84,84,84,84,84,84,84,84,84,84],"card_choices":[{"not_picked":["Terror","Outmaneuver"],"picked":"Dodge and Roll","floor":0},{"not_picked":["Quick Slash","Bane"],"picked":"Blade Dance","floor":1},{"not_picked":["Quick Slash","Acrobatics"],"picked":"A Thousand Cuts","floor":4},{"not_picked":["Dagger Throw","Dash","Reflex"],"picked":"SKIP","floor":7},{"not_picked":["Dagger Spray","Poisoned Stab"],"picked":"Finisher","floor":8},{"not_picked":["Quick Slash","Poisoned Stab"],"picked":"Acrobatics","floor":12},{"not_picked":["Prepared","Dagger Spray","Reflex"],"picked":"SKIP","floor":14},{"not_picked":["Night Terror","Tools of the Trade"],"picked":"Adrenaline","floor":16},{"not_picked":["Escape Plan","Outmaneuver"],"picked":"Blade Dance+1","floor":18},{"not_picked":["Deadly Poison+1","Bane+1"],"picked":"Footwork","floor":19},{"not_picked":["Quick Slash+1","Finisher"],"picked":"Noxious Fumes+1","floor":21},{"not_picked":["Dagger Throw+1","Acrobatics+1"],"picked":"Deflect","floor":22},{"not_picked":["Choke","Dash","All Out Attack"],"picked":"SKIP","floor":24},{"not_picked":["Quick Slash","Bane"],"picked":"Slice","floor":27},{"not_picked":["Bane+1","Malaise"],"picked":"Dodge and Roll","floor":29},{"not_picked":["Distraction","Flechettes"],"picked":"Well Laid Plans","floor":31},{"not_picked":["Malaise","Tools of the Trade"],"picked":"After Image","floor":33},{"not_picked":["Eviscerate+1","Bane+1"],"picked":"Outmaneuver+1","floor":35},{"not_picked":["Setup","Sucker Punch+1"],"picked":"Cloak And Dagger","floor":37},{"not_picked":["Prepared","Noxious Fumes+1"],"picked":"Cloak And Dagger+1","floor":39},{"not_picked":["Riddle With Holes","Leg Sweep+1"],"picked":"Deflect+1","floor":39},{"not_picked":["Flying Knee+1","PiercingWail+1","Dagger Spray"],"picked":"SKIP","floor":41},{"not_picked":["Dagger Spray","Outmaneuver+1"],"picked":"Cloak And Dagger","floor":44},{"not_picked":["Bouncing Flask+1","Bane"],"picked":"Footwork+1","floor":44},{"not_picked":["Distraction","Dagger Spray+1"],"picked":"Tools of the Trade","floor":45},{"not_picked":["Crippling Poison+1","Choke+1"],"picked":"Prepared+1","floor":45},{"not_picked":["Bane","Masterful Stab"],"picked":"Deflect+1","floor":47},{"not_picked":["Underhanded Strike+1","Quick Slash"],"picked":"Deflect+1","floor":47}],"player_experience":354731,"relics_obtained":[{"floor":7,"key":"Bag of Marbles"},{"floor":9,"key":"Potion Belt"},{"floor":26,"key":"Sundial"},{"floor":36,"key":"Prayer Wheel"},{"floor":37,"key":"Mango"},{"floor":41,"key":"Blood Vial"},{"floor":43,"key":"Happy Flower"}],"event_choices":[{"damage_healed":0,"gold_gain":0,"player_choice":"Success","damage_taken":12,"relics_obtained":["Orichalcum"],"max_hp_gain":0,"max_hp_loss":0,"event_name":"Scrap Ooze","floor":3,"gold_loss":0},{"cards_removed":["Strike_G"],"damage_healed":0,"gold_gain":0,"player_choice":"Card Removal","damage_taken":7,"max_hp_gain":0,"max_hp_loss":0,"event_name":"Golden Wing","floor":10,"gold_loss":0},{"damage_healed":0,"gold_gain":0,"player_choice":"","damage_taken":7,"max_hp_gain":0,"max_hp_loss":0,"event_name":"Knowing Skull","floor":20,"potions_obtained":[],"gold_loss":0,"cards_obtained":[]},{"damage_healed":0,"gold_gain":0,"player_choice":"Fight","damage_taken":0,"max_hp_gain":0,"max_hp_loss":0,"event_name":"MindBloom","floor":37,"gold_loss":0}],"is_beta":false,"boss_relics":[{"not_picked":["Coffee Dripper","Velvet Choker"],"picked":"Sozu"},{"not_picked":["Philosopher\u0027s Stone","Runic Pyramid"],"picked":"Cursed Key"}],"items_purged_floors":[2,25,38,48],"is_endless":false,"potions_floor_spawned":[4,7,8,12,22,24,27,39,45,47],"ascension_level":0}