{"gold_per_floor":[117,39,39,59,76,76,90,424,424,424,458,473,473,473,473,473],"floor_reached":16,"playtime":425,"items_purged":[],"score":280,"play_id":"820369e0-a21d-40ed-8b97-ad0feea26b97","local_time":"20190809183303","is_ascension_mode":true,"campfire_choices":[{"data":"Armaments","floor":6.0,"key":"SMITH"},{"data":"Strike_R","floor":10.0,"key":"PURGE"},{"data":"Strike_R","floor":15.0,"key":"PURGE"}],"neow_cost":"TEN_PERCENT_HP_LOSS","seed_source_timestamp":2593947277211777,"circlet_count":0,"master_deck":["AscendersBane","Strike_R","Defend_R","Defend_R","Defend_R","Defend_R","Bash","Armaments+1","Offering","Sword Boomerang","Headbutt","Clothesline","Reaper"],"special_seed":0,"relics":["Burning Blood","Peace Pipe","Old Coin","Bird Faced Urn","Torii","Oddly Smooth Stone"],"potions_floor_usage":[16,16],"damage_taken":[{"damage":5.0,"enemies":"2 Louse","floor":1.0,"turns":3.0},{"damage":6.0,"enemies":"Cultist","floor":4.0,"turns":4.0},{"damage":9.0,"enemies":"Small Slimes","floor":5.0,"turns":3.0},{"damage":6.0,"enemies":"Red Slaver","floor":7.0,"turns":3.0},{"damage":22.0,"enemies":"Lagavulin","floor":8.0,"turns":7.0},{"damage":29.0,"enemies":"Gremlin Nob","floor":11.0,"turns":4.0},{"damage":15.0,"enemies":"Lots of Slimes","floor":12.0,"turns":4.0},{"damage":52,"enemies":"Slime Boss","floor":16,"turns":5}],"seed_played":"4676642461050890087","potions_obtained":[{"floor":5.0,"key":"SkillPotion"},{"floor":7.0,"key":"Swift Potion"},{"floor":12.0,"key":"Swift Potion"}],"is_trial":false,"path_per_floor":["M","$","?","M","M","R","M","E","T","R","E","M","?","?","R","B"],"character_chosen":"IRONCLAD","items_purchased":["Offering"],"campfire_rested":0,"item_purchase_floors":[2],"current_hp_per_floor":[68,68,68,68,65,65,65,49,49,49,26,42,37,37,37,0],"gold":473,"neow_bonus":"ONE_RARE_RELIC","is_prod":false,"is_daily":false,"chose_seed":false,"campfire_upgraded":1,"win_rate":0,"timestamp":1565389983,"path_taken":["M","$","?","M","M","R","M","E","T","R","E","?","?","?","R","BOSS"],"build_version":"2019-07-17","purchased_purges":0,"victory":false,"max_hp_per_floor":[68,68,68,68,68,68,68,68,68,68,68,68,68,68,68,68],"card_choices":[{"not_picked":["Flex","Perfected Strike"],"picked":"Armaments","floor":1.0},{"not_picked":["Flex","Rupture"],"picked":"Sword Boomerang","floor":4.0},{"not_picked":["Clothesline","Flex"],"picked":"Headbutt","floor":5.0},{"not_picked":["Dual Wield","Heavy Blade"],"picked":"Clothesline","floor":7.0},{"not_picked":["Headbutt","Heavy Blade","Havoc"],"picked":"SKIP","floor":8.0},{"not_picked":["Clothesline","Shockwave"],"picked":"Reaper","floor":11.0},{"not_picked":["Heavy Blade","True Grit","Clash"],"picked":"SKIP","floor":12.0}],"player_experience":2652071,"relics_obtained":[{"floor":8.0,"key":"Old Coin"},{"floor":9.0,"key":"Bird Faced Urn"},{"floor":11.0,"key":"Torii"}],"event_choices":[{"cards_removed":["Strike_R"],"damage_healed":0.0,"max_hp_gain":0.0,"max_hp_loss":0.0,"gold_gain":0.0,"event_name":"Bonfire Elementals","player_choice":"Offered Basic","floor":3.0,"gold_loss":0.0,"damage_taken":0.0},{"damage_healed":0.0,"max_hp_gain":0.0,"max_hp_loss":0.0,"gold_gain":0.0,"event_name":"Scrap Ooze","player_choice":"Success","floor":13.0,"gold_loss":0.0,"damage_taken":5.0,"relics_obtained":["Oddly Smooth Stone"]},{"cards_removed":["Strike_R"],"damage_healed":0.0,"max_hp_gain":0.0,"max_hp_loss":0.0,"gold_gain":0.0,"event_name":"Purifier","player_choice":"Purged","floor":14.0,"gold_loss":0.0,"damage_taken":0.0}],"is_beta":false,"boss_relics":[],"items_purged_floors":[],"is_endless":false,"potions_floor_spawned":[5,7,12],"killed_by":"Slime Boss","ascension_level":15}