{"gold_per_floor":[113,113,136,151,22,22,22,60,60,60,81,81,117,132,132,258,258,279,20,39,63,87,87,111,111,134,134,173,194,194,207,207,332,332,355,375,375,375,399,399,419,419],"floor_reached":42,"playtime":3754,"items_purged":[],"score":583,"play_id":"8203dd61-1214-4e7e-a6d6-be0c7ec0840e","local_time":"20190222170907","is_ascension_mode":true,"campfire_choices":[{"data":"Metallicize","floor":6,"key":"SMITH"},{"data":"Armaments","floor":10,"key":"SMITH"},{"data":"Disarm","floor":12,"key":"SMITH"},{"data":"Offering","floor":15,"key":"SMITH"},{"data":"Heavy Blade","floor":23,"key":"SMITH"},{"data":"Demon Form","floor":32,"key":"SMITH"},{"data":"Madness","floor":40,"key":"SMITH"}],"neow_cost":"NONE","seed_source_timestamp":349511838626600,"circlet_count":0,"master_deck":["Strike_R","Strike_R","Strike_R","Strike_R","Strike_R","Defend_R","Defend_R","Bash","Headbutt","Ghostly Armor","Disarm+1","Shrug It Off","Metallicize+1","Armaments+1","Shrug It Off","Wild Strike","Offering+1","Demon Form+1","Headbutt","Intimidate+1","Heavy Blade+1","Second Wind+1","Bash","RitualDagger","Heavy Blade","Exhume","Madness+1","Madness","Blood for Blood"],"relics":["Burning Blood","Golden Idol","Pantograph","Juzu Bracelet","Vajra","Red Skull","Busted Crown","Pear","War Paint","Bottled Tornado","Cursed Key"],"potions_floor_usage":[13,16,22,22,33,33],"damage_taken":[{"damage":9,"enemies":"2 Louse","floor":1,"turns":2},{"damage":0,"enemies":"Small Slimes","floor":3,"turns":4},{"damage":0,"enemies":"Cultist","floor":4,"turns":4},{"damage":30,"enemies":"Lagavulin","floor":8,"turns":11},{"damage":3,"enemies":"Red Slaver","floor":11,"turns":5},{"damage":6,"enemies":"3 Sentries","floor":13,"turns":8},{"damage":5,"enemies":"3 Louse","floor":14,"turns":3},{"damage":6,"enemies":"Hexaghost","floor":16,"turns":14},{"damage":9,"enemies":"Chosen","floor":18,"turns":4},{"damage":19,"enemies":"2 Thieves","floor":20,"turns":4},{"damage":26,"enemies":"Shelled Parasite and Fungi","floor":21,"turns":7},{"damage":22,"enemies":"Chosen and Byrds","floor":22,"turns":7},{"damage":20,"enemies":"Sentry and Sphere","floor":24,"turns":7},{"damage":15,"enemies":"Slavers","floor":28,"turns":10},{"damage":0,"enemies":"Centurion and Healer","floor":29,"turns":5},{"damage":0,"enemies":"Cultist and Chosen","floor":31,"turns":4},{"damage":12,"enemies":"Champ","floor":33,"turns":9},{"damage":15,"enemies":"Orb Walker","floor":35,"turns":4},{"damage":26,"enemies":"3 Darklings","floor":36,"turns":6},{"damage":18,"enemies":"Maw","floor":39,"turns":6},{"damage":12,"enemies":"Writhing Mass","floor":41,"turns":7},{"damage":34,"enemies":"Reptomancer","floor":42,"turns":5}],"seed_played":"1276410566954883983","potions_obtained":[{"floor":3,"key":"PowerPotion"},{"floor":8,"key":"Poison Potion"},{"floor":14,"key":"EssenceOfSteel"},{"floor":24,"key":"Swift Potion"},{"floor":29,"key":"FearPotion"},{"floor":31,"key":"Fire Potion"},{"floor":33,"key":"SpeedPotion"},{"floor":35,"key":"SpeedPotion"}],"is_trial":false,"path_per_floor":["M","?","M","M","$","R","?","E","T","R","M","R","E","M","R","B",null,"M","$","M","M","M","R","M","?","T","?","E","M","?","M","R","B",null,"M","M","?","?","M","R","M","E"],"character_chosen":"IRONCLAD","items_purchased":["Metallicize","Fire Potion","Pear"],"campfire_rested":0,"item_purchase_floors":[5,5,19],"current_hp_per_floor":[77,57,63,69,69,69,69,45,45,45,48,48,48,49,49,74,80,77,87,74,54,38,38,24,24,24,54,45,51,45,51,51,70,90,81,61,61,50,38,38,32,0],"gold":419,"neow_bonus":"TRANSFORM_CARD","is_prod":false,"is_daily":false,"chose_seed":false,"campfire_upgraded":7,"win_rate":0,"timestamp":1550851747,"path_taken":["M","?","M","M","$","R","?","E","T","R","M","R","E","M","R","BOSS","M","$","M","M","M","R","M","?","T","?","E","M","?","M","R","BOSS","M","M","?","?","M","R","M","E"],"build_version":"2019-01-23","purchased_purges":0,"victory":false,"max_hp_per_floor":[80,80,80,80,80,80,80,80,80,80,80,80,80,80,80,80,80,80,90,90,90,90,90,90,90,90,90,90,90,90,90,90,90,90,90,90,90,90,90,90,90,90],"card_choices":[{"not_picked":["True Grit","Sever Soul"],"picked":"Ghostly Armor","floor":1},{"not_picked":["Flex","Body Slam"],"picked":"Disarm","floor":3},{"not_picked":["Disarm","Heavy Blade"],"picked":"Shrug It Off","floor":4},{"not_picked":["Heavy Blade","Clothesline"],"picked":"Armaments","floor":8},{"not_picked":["Hemokinesis","Perfected Strike"],"picked":"Shrug It Off","floor":11},{"not_picked":["Flex","Whirlwind"],"picked":"Wild Strike","floor":13},{"not_picked":["Pommel Strike","Spot Weakness"],"picked":"Offering","floor":14},{"not_picked":["Limit Break","Bludgeon"],"picked":"Demon Form","floor":16},{"not_picked":[],"picked":"Headbutt","floor":18},{"not_picked":[],"picked":"Intimidate","floor":20},{"not_picked":["Armaments"],"picked":"SKIP","floor":21},{"not_picked":[],"picked":"Heavy Blade","floor":22},{"not_picked":[],"picked":"Second Wind","floor":24},{"not_picked":["Sever Soul"],"picked":"SKIP","floor":28},{"not_picked":["Armaments"],"picked":"SKIP","floor":29},{"not_picked":[],"picked":"Heavy Blade","floor":31},{"not_picked":[],"picked":"Exhume","floor":33},{"not_picked":["Fire Breathing+1"],"picked":"SKIP","floor":35},{"not_picked":["Hemokinesis+1"],"picked":"SKIP","floor":36},{"not_picked":["Cleave+1"],"picked":"SKIP","floor":39},{"not_picked":[],"picked":"Blood for Blood","floor":41}],"player_experience":236966,"relics_obtained":[{"floor":7,"key":"Pantograph"},{"floor":8,"key":"Juzu Bracelet"},{"floor":9,"key":"Vajra"},{"floor":13,"key":"Red Skull"},{"floor":26,"key":"War Paint"},{"floor":28,"key":"Bottled Tornado"}],"event_choices":[{"damage_healed":0,"gold_gain":0,"player_choice":"Take Damage","damage_taken":20,"relics_obtained":["Golden Idol"],"max_hp_gain":0,"max_hp_loss":0,"event_name":"Golden Idol","floor":2,"gold_loss":0},{"damage_healed":0,"gold_gain":0,"player_choice":"Relic","damage_taken":0,"max_hp_gain":0,"max_hp_loss":0,"event_name":"Wheel of Change","floor":7,"gold_loss":0},{"damage_healed":0,"gold_gain":0,"player_choice":"1 cards matched","damage_taken":0,"max_hp_gain":0,"max_hp_loss":0,"event_name":"Match and Keep!","floor":25,"gold_loss":0,"cards_obtained":["Bash"]},{"damage_healed":30,"gold_gain":0,"player_choice":"Heal","damage_taken":0,"max_hp_gain":0,"max_hp_loss":0,"event_name":"The Library","floor":27,"gold_loss":0},{"damage_healed":0,"gold_gain":0,"player_choice":"Joined the Cult","damage_taken":6,"max_hp_gain":0,"max_hp_loss":0,"event_name":"Nest","floor":30,"gold_loss":0,"cards_obtained":["RitualDagger"]},{"cards_removed":["Defend_R"],"damage_healed":0,"gold_gain":0,"player_choice":"Removed Skill","damage_taken":0,"max_hp_gain":0,"max_hp_loss":0,"event_name":"Falling","floor":37,"gold_loss":0},{"damage_healed":0,"gold_gain":0,"player_choice":"Embrace Madness","damage_taken":11,"max_hp_gain":0,"max_hp_loss":0,"event_name":"Winding Halls","floor":38,"gold_loss":0,"cards_obtained":["Madness","Madness"]}],"is_beta":false,"boss_relics":[{"not_picked":["Snecko Eye","Tiny House"],"picked":"Busted Crown"},{"not_picked":["Philosopher\u0027s Stone","Black Star"],"picked":"Cursed Key"}],"items_purged_floors":[],"is_endless":false,"potions_floor_spawned":[3,8,14,24,29,31,33,35],"killed_by":"Reptomancer","ascension_level":3}