{"gold_per_floor":[116,191,205,221,221,221,255,255,301,319,23,23,38,38,38,168,168,188,188,181,196,211,211,246,271,271,50,65,90,113,128,128,259,259,283,283,243,261,282,282,322,345,345,345,365,404,5,25,25,25,25,25,25,60,60],"floor_reached":55,"playtime":4213,"items_purged":["Strike_R","Strike_R"],"score":980,"play_id":"8053bbb4-86f9-40bb-9628-24741a1c2476","local_time":"20190225211204","is_ascension_mode":false,"campfire_choices":[{"data":"Seeing Red","floor":6,"key":"SMITH"},{"data":"Power Through","floor":8,"key":"SMITH"},{"data":"Pommel Strike","floor":12,"key":"SMITH"},{"data":"Wild Strike","floor":15,"key":"SMITH"},{"data":"Demon Form","floor":23,"key":"SMITH"},{"floor":32,"key":"REST"},{"floor":40,"key":"RECALL"},{"data":"Juggernaut","floor":49,"key":"SMITH"},{"data":"Strike_R","floor":52,"key":"PURGE"}],"neow_cost":"NONE","seed_source_timestamp":622846563684300,"circlet_count":0,"master_deck":["Strike_R+1","Strike_R+1","Defend_R+1","Defend_R","Defend_R","Defend_R","Bash+1","Purity","Seeing Red+1","Pommel Strike+1","Power Through+1","Injury","Wild Strike+1","Battle Trance","Corruption+1","Demon Form+1","Second Wind","Dark Shackles","Pommel Strike+1","True Grit+1","Spot Weakness","Shrug It Off+1","Sword Boomerang+1","Juggernaut+1","Rage+1","Feel No Pain+1","Double Tap+1","Heavy Blade","Reaper","Feel No Pain+1","Seeing Red+1","Feel No Pain+1","Sentinel+1","Burning Pact+1"],"relics":["Burning Blood","Golden Idol","Lantern","Happy Flower","Dead Branch","Mark of Pain","Toxic Egg 2","Sundial","Sozu","Centennial Puzzle","Peace Pipe","Charon\u0027s Ashes","Whetstone"],"potions_floor_usage":[7,7,24,24,28,31,41,41],"damage_taken":[{"damage":8,"enemies":"2 Louse","floor":1,"turns":4},{"damage":20,"enemies":"Jaw Worm","floor":3,"turns":4},{"damage":0,"enemies":"Small Slimes","floor":4,"turns":3},{"damage":34,"enemies":"3 Sentries","floor":7,"turns":13},{"damage":3,"enemies":"3 Louse","floor":10,"turns":3},{"damage":3,"enemies":"Lots of Slimes","floor":13,"turns":2},{"damage":23,"enemies":"Hexaghost","floor":16,"turns":8},{"damage":0,"enemies":"Spheric Guardian","floor":18,"turns":3},{"damage":10,"enemies":"2 Thieves","floor":20,"turns":4},{"damage":0,"enemies":"Chosen and Byrds","floor":21,"turns":4},{"damage":7,"enemies":"Snecko","floor":22,"turns":5},{"damage":32,"enemies":"Slavers","floor":24,"turns":3},{"damage":0,"enemies":"Sentry and Sphere","floor":25,"turns":4},{"damage":14,"enemies":"3 Cultists","floor":28,"turns":5},{"damage":12,"enemies":"Centurion and Healer","floor":29,"turns":3},{"damage":10,"enemies":"Shelled Parasite and Fungi","floor":30,"turns":4},{"damage":3,"enemies":"Cultist and Chosen","floor":31,"turns":6},{"damage":0,"enemies":"Champ","floor":33,"turns":7},{"damage":0,"enemies":"3 Shapes","floor":35,"turns":4},{"damage":5,"enemies":"Orb Walker","floor":38,"turns":2},{"damage":0,"enemies":"4 Shapes","floor":39,"turns":5},{"damage":77,"enemies":"Reptomancer","floor":41,"turns":6},{"damage":0,"enemies":"3 Darklings","floor":42,"turns":5},{"damage":15,"enemies":"Jaw Worm Horde","floor":45,"turns":3},{"damage":16,"enemies":"Giant Head","floor":46,"turns":5},{"damage":2,"enemies":"Maw","floor":48,"turns":4},{"damage":10,"enemies":"Awakened One","floor":50,"turns":9},{"damage":43,"enemies":"Shield and Spear","floor":54,"turns":4}],"seed_played":"6161813961809684818","potions_obtained":[{"floor":1,"key":"Poison Potion"},{"floor":4,"key":"GamblersBrew"},{"floor":10,"key":"Dexterity Potion"},{"floor":22,"key":"Explosive Potion"},{"floor":24,"key":"FearPotion"},{"floor":30,"key":"Strength Potion"},{"floor":31,"key":"Explosive Potion"}],"is_trial":false,"path_per_floor":["M","?","M","M","?","R","E","R","T","M","$","R","M","?","R","B",null,"M","?","M","M","M","R","E","M","T","$","M","M","M","M","R","B",null,"M","?","?","M","M","R","E","M","T","?","M","E","$","M","R","B",null,"R","$","E","B"],"character_chosen":"IRONCLAD","items_purchased":["Dead Branch","Juggernaut","Charon\u0027s Ashes"],"campfire_rested":1,"item_purchase_floors":[11,27,47],"current_hp_per_floor":[78,67,53,59,59,59,31,31,31,34,34,34,37,37,37,20,80,80,56,52,58,57,57,31,37,37,37,29,23,19,22,46,52,80,80,80,80,80,80,80,25,43,43,43,64,71,71,75,75,76,80,80,80,73,0],"gold":60,"neow_bonus":"RANDOM_COLORLESS","is_prod":false,"is_daily":false,"chose_seed":false,"campfire_upgraded":6,"win_rate":0,"timestamp":1551125524,"path_taken":["M","?","M","M","?","R","E","R","T","M","?","R","M","?","R","BOSS","M","?","M","M","M","R","E","M","T","$","?","?","M","M","R","BOSS","M","?","?","M","?","R","E","M","T","?","M","E","$","M","R","BOSS","R","$","E","BOSS"],"build_version":"2019-01-23","purchased_purges":2,"victory":false,"max_hp_per_floor":[80,80,80,80,80,80,80,80,80,80,80,80,80,80,80,80,80,80,80,80,80,80,80,80,80,80,80,80,80,80,80,80,80,80,80,80,80,80,80,80,80,80,80,80,80,80,80,80,80,80,80,80,80,80,80],"card_choices":[{"not_picked":["Shockwave","Sever Soul"],"picked":"Seeing Red","floor":1},{"not_picked":["Sword Boomerang","Shockwave"],"picked":"Pommel Strike","floor":3},{"not_picked":["Sword Boomerang","Battle Trance"],"picked":"Power Through","floor":4},{"not_picked":["Iron Wave","Headbutt"],"picked":"Wild Strike","floor":7},{"not_picked":["Searing Blow","Sword Boomerang"],"picked":"Battle Trance","floor":10},{"not_picked":["Twin Strike","Wild Strike"],"picked":"Corruption","floor":13},{"not_picked":["Bludgeon","Berserk"],"picked":"Demon Form","floor":16},{"not_picked":["Uppercut","Battle Trance"],"picked":"Second Wind","floor":18},{"not_picked":["Wild Strike","Power Through"],"picked":"Pommel Strike+1","floor":20},{"not_picked":["Flex","Shrug It Off"],"picked":"True Grit+1","floor":21},{"not_picked":["Thunderclap+1","Wild Strike"],"picked":"Spot Weakness","floor":22},{"not_picked":["Flex+1","Pommel Strike"],"picked":"Shrug It Off","floor":24},{"not_picked":["Dual Wield+1","Rupture+1"],"picked":"Sword Boomerang+1","floor":25},{"not_picked":["Seeing Red+1","Armaments+1"],"picked":"Rage+1","floor":28},{"not_picked":["Sword Boomerang","Clothesline","Entrench+1"],"picked":"SKIP","floor":29},{"not_picked":["Dropkick","Corruption","Anger"],"picked":"SKIP","floor":30},{"not_picked":["Warcry+1","Perfected Strike"],"picked":"Feel No Pain+1","floor":31},{"not_picked":["Juggernaut","Brutality"],"picked":"Double Tap+1","floor":33},{"not_picked":["Clothesline+1","Havoc+1"],"picked":"Heavy Blade","floor":35},{"not_picked":["Corruption","Twin Strike+1","Sword Boomerang"],"picked":"SKIP","floor":38},{"not_picked":["Bloodletting+1","Headbutt+1"],"picked":"Reaper","floor":39},{"not_picked":["Anger+1","Havoc+1"],"picked":"Feel No Pain+1","floor":41},{"not_picked":["Reckless Charge","Shrug It Off+1","Wild Strike+1"],"picked":"SKIP","floor":42},{"not_picked":["Heavy Blade","Spot Weakness+1"],"picked":"Seeing Red+1","floor":45},{"not_picked":["Clash","Sword Boomerang"],"picked":"Feel No Pain+1","floor":46},{"not_picked":["Wild Strike","Bloodletting+1"],"picked":"Sentinel+1","floor":48},{"not_picked":["Thunderclap","Bludgeon"],"picked":"Burning Pact+1","floor":54}],"player_experience":243884,"relics_obtained":[{"floor":7,"key":"Lantern"},{"floor":9,"key":"Happy Flower"},{"floor":24,"key":"Toxic Egg 2"},{"floor":26,"key":"Sundial"},{"floor":41,"key":"Centennial Puzzle"},{"floor":46,"key":"Peace Pipe"},{"floor":54,"key":"Whetstone"}],"event_choices":[{"damage_healed":0,"gold_gain":75,"player_choice":"Gather Gold","damage_taken":11,"max_hp_gain":0,"max_hp_loss":0,"event_name":"World of Goop","floor":2,"gold_loss":0},{"damage_healed":0,"gold_gain":0,"player_choice":"Take Wound","damage_taken":0,"relics_obtained":["Golden Idol"],"max_hp_gain":0,"max_hp_loss":0,"event_name":"Golden Idol","floor":5,"gold_loss":0,"cards_obtained":["Injury"]},{"damage_healed":0,"gold_gain":0,"player_choice":"Grow","damage_taken":0,"max_hp_gain":0,"max_hp_loss":0,"event_name":"Living Wall","floor":14,"gold_loss":0,"cards_upgraded":["Corruption"]},{"damage_healed":0,"gold_gain":0,"player_choice":"CARD POTION ","damage_taken":24,"max_hp_gain":0,"max_hp_loss":0,"event_name":"Knowing Skull","floor":19,"potions_obtained":["AttackPotion"],"gold_loss":0,"cards_obtained":["Dark Shackles"]},{"damage_healed":0,"gold_gain":0,"player_choice":"Ignored","damage_taken":0,"max_hp_gain":0,"max_hp_loss":0,"event_name":"Tomb of Lord Red Mask","floor":36,"gold_loss":0},{"damage_healed":0,"gold_gain":0,"player_choice":"Upgraded Two","damage_taken":0,"max_hp_gain":0,"max_hp_loss":0,"event_name":"Designer","floor":37,"gold_loss":40,"cards_upgraded":["Strike_R","Defend_R"]},{"damage_healed":0,"gold_gain":0,"player_choice":"Ignored","damage_taken":0,"max_hp_gain":0,"max_hp_loss":0,"event_name":"Mysterious Sphere","floor":44,"gold_loss":0}],"is_beta":false,"boss_relics":[{"not_picked":["Black Blood","Velvet Choker"],"picked":"Mark of Pain"},{"not_picked":["White Beast Statue","Empty Cage"],"picked":"Sozu"}],"items_purged_floors":[27,47],"is_endless":false,"potions_floor_spawned":[1,4,10,22,24,30,31,35,39,41,42,46],"killed_by":"The Heart","ascension_level":0}