{"gold_per_floor":[117,127,127,127,127,127,54,54,99,126,142,142,142,177,177,276,276,294,294,1,1,14,54,54,69,94,94,128,128,172,195,195,291,291,307,332,355,355,373,373,417,417,417,440,440,481,547,343,343,343,343,343,55,86,86],"floor_reached":56,"playtime":1958,"items_purged":["Writhe","Parasite","Defend_R"],"score":2036,"play_id":"543b0eed-3199-4265-9d40-2a2f3f51cb19","local_time":"20190817181220","is_ascension_mode":true,"campfire_choices":[{"data":"Pommel Strike","floor":6.0,"key":"SMITH"},{"data":"Whirlwind","floor":8.0,"key":"SMITH"},{"data":"Spot Weakness","floor":12.0,"key":"SMITH"},{"data":"Headbutt","floor":15.0,"key":"SMITH"},{"floor":24.0,"key":"REST"},{"floor":27.0,"key":"REST"},{"data":"Flame Barrier","floor":29.0,"key":"SMITH"},{"floor":32,"key":"REST"},{"data":"Disarm","floor":40,"key":"SMITH"},{"floor":42,"key":"RECALL"},{"data":"Offering","floor":45,"key":"SMITH"},{"data":"Sword Boomerang","floor":49,"key":"SMITH"},{"data":"PanicButton","floor":52,"key":"SMITH"}],"neow_cost":"NONE","seed_source_timestamp":252044133468083,"circlet_count":0,"master_deck":["AscendersBane","Strike_R","Strike_R","Strike_R","Strike_R","Strike_R","Defend_R+1","Defend_R+1","Defend_R","Bash+1","Pommel Strike+1","Whirlwind+1","Spot Weakness+1","Headbutt+1","Offering+1","Flame Barrier+1","Sword Boomerang+1","Disarm+1","Shrug It Off","Reaper","Sword Boomerang+1","PanicButton+1"],"special_seed":0,"relics":["Burning Blood","Red Skull","Juzu Bracelet","PreservedInsect","War Paint","Golden Idol","Smiling Mask","White Beast Statue","Happy Flower","Ornamental Fan","Nilry\u0027s Codex","Shuriken","Thread and Needle","Bronze Scales","Bag of Marbles","Busted Crown","Bag of Preparation","Bottled Lightning","Pen Nib","Ginger","Orichalcum","ClockworkSouvenir","Sundial"],"potions_floor_usage":[30,30,33,37,41,55,55],"damage_taken":[{"damage":14.0,"enemies":"Jaw Worm","floor":1.0,"turns":6.0},{"damage":1.0,"enemies":"2 Louse","floor":2.0,"turns":4.0},{"damage":10.0,"enemies":"3 Sentries","floor":10.0,"turns":4.0},{"damage":6.0,"enemies":"Cultist","floor":11.0,"turns":3.0},{"damage":14.0,"enemies":"Lagavulin","floor":14.0,"turns":5.0},{"damage":0.0,"enemies":"Slime Boss","floor":16.0,"turns":4.0},{"damage":28.0,"enemies":"2 Thieves","floor":18.0,"turns":3.0},{"damage":0.0,"enemies":"Spheric Guardian","floor":22.0,"turns":3.0},{"damage":31.0,"enemies":"Slavers","floor":23.0,"turns":3.0},{"damage":6.0,"enemies":"Snecko","floor":25.0,"turns":3.0},{"damage":17.0,"enemies":"Book of Stabbing","floor":28.0,"turns":3.0},{"damage":17,"enemies":"Slavers","floor":30,"turns":4},{"damage":17,"enemies":"Champ","floor":33,"turns":12},{"damage":0,"enemies":"3 Shapes","floor":35,"turns":4},{"damage":6,"enemies":"3 Darklings","floor":36,"turns":3},{"damage":31,"enemies":"Sphere and 2 Shapes","floor":37,"turns":5},{"damage":48,"enemies":"Writhing Mass","floor":39,"turns":4},{"damage":13,"enemies":"Nemesis","floor":41,"turns":3},{"damage":6,"enemies":"Transient","floor":44,"turns":5},{"damage":29,"enemies":"Reptomancer","floor":46,"turns":4},{"damage":20,"enemies":"2 Orb Walkers","floor":47,"turns":3},{"damage":33,"enemies":"Time Eater","floor":50,"turns":8},{"damage":59,"enemies":"Shield and Spear","floor":54,"turns":5},{"damage":80,"enemies":"The Heart","floor":55,"turns":6}],"seed_played":"-5312584387238335429","potions_obtained":[{"floor":1.0,"key":"Explosive Potion"},{"floor":2.0,"key":"Explosive Potion"},{"floor":11.0,"key":"SpeedPotion"},{"floor":22.0,"key":"Weak Potion"},{"floor":23.0,"key":"Dexterity Potion"},{"floor":28.0,"key":"Strength Potion"},{"floor":30,"key":"Dexterity Potion"},{"floor":33,"key":"Ancient Potion"},{"floor":35,"key":"Poison Potion"},{"floor":37,"key":"Swift Potion"},{"floor":39,"key":"AttackPotion"},{"floor":41,"key":"EssenceOfSteel"},{"floor":44,"key":"Dexterity Potion"},{"floor":46,"key":"PowerPotion"}],"is_trial":false,"path_per_floor":["M","M","?","?","?","R","$","R","T","E","M","R","?","E","R","B",null,"M","?","$","?","M","E","R","M","T","R","E","R","E","T","R","B",null,"M","M","M","?","M","R","E","R","T","M","R","E","?","$","R","B",null,"R","$","E","B",null],"character_chosen":"IRONCLAD","items_purchased":["Whirlwind","Ornamental Fan","Orichalcum","ClockworkSouvenir","PowerPotion"],"campfire_rested":3,"item_purchase_floors":[7,20,48,53,53],"current_hp_per_floor":[67,72,67,67,67,67,67,67,67,63,63,63,35,27,27,33,70,48,48,48,27,33,8,32,32,32,56,45,45,34,34,58,47,73,79,79,77,72,54,54,59,59,59,59,59,58,56,56,56,45,71,71,71,62,11],"gold":86,"neow_bonus":"TEN_PERCENT_HP_BONUS","is_prod":false,"is_daily":false,"chose_seed":false,"campfire_upgraded":9,"win_rate":0,"timestamp":1566079940,"path_taken":["M","M","?","?","?","R","?","R","T","E","M","R","?","E","R","BOSS","M","?","$","?","M","E","R","M","T","R","E","R","E","?","R","BOSS","M","M","M","?","M","R","E","R","T","M","R","E","?","$","R","BOSS","R","$","E","BOSS"],"build_version":"2019-07-17","purchased_purges":3,"victory":true,"max_hp_per_floor":[82,82,82,82,82,82,82,82,82,82,82,82,82,82,82,82,82,82,82,82,82,82,82,82,82,82,82,82,82,82,82,82,82,82,82,82,82,82,82,82,82,82,82,82,82,82,82,79,79,79,79,79,79,79,79],"card_choices":[{"not_picked":["Dual Wield","Shrug It Off"],"picked":"Pommel Strike","floor":1.0},{"not_picked":["Heavy Blade","Pommel Strike","Shockwave"],"picked":"SKIP","floor":2.0},{"not_picked":["Rupture","Thunderclap"],"picked":"Spot Weakness","floor":10.0},{"not_picked":["Body Slam","Armaments","Havoc"],"picked":"SKIP","floor":11.0},{"not_picked":["Sentinel","Pommel Strike"],"picked":"Headbutt","floor":14.0},{"not_picked":["Double Tap","Brutality"],"picked":"Offering","floor":16.0},{"not_picked":["Hemokinesis","Armaments","Seeing Red"],"picked":"SKIP","floor":18.0},{"not_picked":["Carnage+1","Anger"],"picked":"Flame Barrier","floor":22.0},{"not_picked":["True Grit","Bludgeon","Sever Soul"],"picked":"SKIP","floor":23.0},{"not_picked":["Perfected Strike","Heavy Blade"],"picked":"Sword Boomerang","floor":25.0},{"not_picked":["Entrench+1","Dark Embrace"],"picked":"Disarm","floor":28.0},{"not_picked":["Flex","Pommel Strike"],"picked":"Shrug It Off","floor":30},{"not_picked":["Impervious","Dark Embrace"],"picked":"Reaper","floor":33},{"not_picked":[],"picked":"Sword Boomerang+1","floor":35},{"not_picked":["Anger"],"picked":"SKIP","floor":36},{"not_picked":["Heavy Blade+1"],"picked":"SKIP","floor":37},{"not_picked":[],"picked":"PanicButton","floor":38},{"not_picked":["Havoc"],"picked":"SKIP","floor":39},{"not_picked":["Juggernaut"],"picked":"SKIP","floor":41},{"not_picked":["Bloodletting"],"picked":"SKIP","floor":44},{"not_picked":["Havoc"],"picked":"SKIP","floor":46},{"not_picked":["True Grit"],"picked":"SKIP","floor":54}],"player_experience":2693782,"relics_obtained":[{"floor":9.0,"key":"PreservedInsect"},{"floor":10.0,"key":"War Paint"},{"floor":14.0,"key":"Smiling Mask"},{"floor":21.0,"key":"Nilry\u0027s Codex"},{"floor":23.0,"key":"Shuriken"},{"floor":28.0,"key":"Thread and Needle"},{"floor":30,"key":"Bronze Scales"},{"floor":31,"key":"Bag of Marbles"},{"floor":41,"key":"Bag of Preparation"},{"floor":43,"key":"Bottled Lightning"},{"floor":46,"key":"Pen Nib"},{"floor":47,"key":"Ginger"},{"floor":54,"key":"Sundial"}],"event_choices":[{"damage_healed":0.0,"max_hp_gain":0.0,"max_hp_loss":0.0,"gold_gain":0.0,"event_name":"Scrap Ooze","player_choice":"Success","floor":3.0,"gold_loss":0.0,"damage_taken":5.0,"relics_obtained":["Red Skull"]},{"damage_healed":0.0,"max_hp_gain":0.0,"max_hp_loss":0.0,"gold_gain":0.0,"event_name":"WeMeetAgain","player_choice":"Gave Potion","floor":4.0,"gold_loss":0.0,"damage_taken":0.0,"relics_obtained":["Juzu Bracelet"]},{"damage_healed":0.0,"max_hp_gain":0.0,"max_hp_loss":0.0,"gold_gain":0.0,"event_name":"Upgrade Shrine","player_choice":"Upgraded","floor":5.0,"gold_loss":0.0,"damage_taken":0.0,"cards_upgraded":["Bash"]},{"damage_healed":0.0,"max_hp_gain":0.0,"max_hp_loss":0.0,"gold_gain":0.0,"event_name":"Golden Idol","player_choice":"Take Damage","floor":13.0,"gold_loss":0.0,"damage_taken":28.0,"relics_obtained":["Golden Idol"]},{"damage_healed":0.0,"max_hp_gain":0.0,"max_hp_loss":0.0,"gold_gain":0.0,"event_name":"The Mausoleum","player_choice":"Opened","floor":19.0,"gold_loss":0.0,"damage_taken":0.0,"relics_obtained":["Happy Flower"],"cards_obtained":["Writhe"]},{"damage_healed":0.0,"max_hp_gain":0.0,"max_hp_loss":0.0,"gold_gain":0.0,"event_name":"Cursed Tome","player_choice":"Obtained Book","floor":21.0,"gold_loss":0.0,"damage_taken":21.0},{"damage_healed":0,"gold_gain":0,"player_choice":"Memory 2","damage_taken":5,"max_hp_gain":0,"max_hp_loss":0,"event_name":"SensoryStone","floor":38,"gold_loss":0},{"damage_healed":0,"gold_gain":0,"player_choice":"Fight","damage_taken":0,"max_hp_gain":0,"max_hp_loss":0,"event_name":"Mysterious Sphere","floor":47,"gold_loss":0}],"is_beta":false,"boss_relics":[{"not_picked":["Tiny House","Orrery"],"picked":"White Beast Statue"},{"not_picked":["Calling Bell","Black Star"],"picked":"Busted Crown"}],"items_purged_floors":[20,48,53],"is_endless":false,"potions_floor_spawned":[1,2,11,18,22,23,25,28,30,33,35,36,37,39,41,44,46,47,54],"ascension_level":15}