{"gold_per_floor":[117,129,8,8,22,22,57,57,83,83,13,33,33,45,45,143,143,156,49,76,90,45,45,62,94,94,94,104,104,104,118,118,213,213,230,5,5,17,33,33,52,52,52,52,52,72,90,90],"floor_reached":48,"playtime":3903,"items_purged":["Defend_R","Strike_R"],"score":500,"play_id":"06d74fdb-f37b-4a1b-ad9b-eee88448b70b","local_time":"20181231144316","is_ascension_mode":true,"campfire_choices":[{"data":"Armaments","floor":6,"key":"SMITH"},{"data":"Metallicize","floor":8,"key":"SMITH"},{"data":"Intimidate","floor":13,"key":"SMITH"},{"data":"Whirlwind","floor":15,"key":"SMITH"},{"data":"Flame Barrier","floor":23,"key":"SMITH"},{"data":"Barricade","floor":27,"key":"SMITH"},{"data":"Whirlwind","floor":32,"key":"SMITH"},{"data":"Impervious","floor":40,"key":"SMITH"},{"data":"Carnage","floor":42,"key":"SMITH"}],"neow_cost":"NONE","seed_source_timestamp":177630374971700,"circlet_count":0,"master_deck":["Strike_R","Strike_R+1","Strike_R+1","Defend_R","Defend_R","Bash+1","Armaments+1","Metallicize+1","Armaments+1","Pommel Strike","Ghostly Armor","Whirlwind+1","Intimidate+1","Pommel Strike","Barricade+1","Pommel Strike","Flame Barrier+1","Whirlwind+1","Battle Trance","Armaments","Flex","Feed","Twin Strike","Flex+1","Dramatic Entrance","Impervious+1","Headbutt+1","Carnage+1","Cleave","Heavy Blade","Seeing Red+1","Armaments+1","Panache+1"],"relics":["Burning Blood","Whetstone","Regal Pillow","Snecko Eye","Red Mask","Blood Vial","Mercury Hourglass","Sozu","Frozen Egg 2"],"potions_floor_usage":[16,33,33,33,39],"damage_taken":[{"damage":0,"enemies":"2 Louse","floor":1,"turns":3},{"damage":6,"enemies":"Jaw Worm","floor":2,"turns":3},{"damage":0,"enemies":"Cultist","floor":5,"turns":4},{"damage":25,"enemies":"Gremlin Nob","floor":7,"turns":6},{"damage":0,"enemies":"Exordium Wildlife","floor":12,"turns":2},{"damage":11,"enemies":"Large Slime","floor":14,"turns":4},{"damage":35,"enemies":"Slime Boss","floor":16,"turns":14},{"damage":0,"enemies":"Shell Parasite","floor":18,"turns":7},{"damage":1,"enemies":"Masked Bandits","floor":20,"turns":3},{"damage":0,"enemies":"3 Byrds","floor":21,"turns":2},{"damage":0,"enemies":"Snecko","floor":24,"turns":6},{"damage":20,"enemies":"Slavers","floor":25,"turns":4},{"damage":9,"enemies":"Snake Plant","floor":28,"turns":3},{"damage":0,"enemies":"3 Cultists","floor":31,"turns":3},{"damage":46,"enemies":"Champ","floor":33,"turns":13},{"damage":7,"enemies":"3 Shapes","floor":35,"turns":5},{"damage":0,"enemies":"Orb Walker","floor":38,"turns":3},{"damage":29,"enemies":"Jaw Worm Horde","floor":39,"turns":5},{"damage":18,"enemies":"3 Darklings","floor":41,"turns":5},{"damage":39,"enemies":"4 Shapes","floor":46,"turns":1},{"damage":14,"enemies":"Maw","floor":47,"turns":9},{"damage":29,"enemies":"Transient","floor":48,"turns":5}],"seed_played":"-1175350860235378207","potions_obtained":[{"floor":2,"key":"GamblersBrew"},{"floor":12,"key":"GamblersBrew"},{"floor":14,"key":"SneckoOil"},{"floor":16,"key":"BloodPotion"},{"floor":20,"key":"PowerPotion"},{"floor":24,"key":"Block Potion"},{"floor":33,"key":"PowerPotion"}],"is_trial":false,"path_per_floor":["M","M","$","?","M","R","E","R","T","?","$","M","R","M","R","B",null,"M","$","?","M","$","R","M","E","T","R","M","?","?","M","R","B",null,"M","$","?","M","M","R","M","R","T","?","?","M","M","M"],"character_chosen":"IRONCLAD","items_purchased":["Armaments","Whirlwind","Flame Barrier","Whirlwind","Flex","Carnage","Cleave"],"campfire_rested":0,"item_purchase_floors":[3,11,19,19,22,36,36],"current_hp_per_floor":[80,80,80,80,80,80,61,61,61,54,54,60,60,55,55,26,80,80,80,80,80,80,80,80,66,66,66,65,65,65,73,73,35,80,82,82,82,83,60,60,50,50,50,50,45,14,12,0],"gold":90,"neow_bonus":"UPGRADE_CARD","is_prod":false,"is_daily":false,"chose_seed":false,"campfire_upgraded":9,"win_rate":0,"timestamp":1546263796,"path_taken":["M","M","$","?","M","R","E","R","T","?","?","M","R","M","R","BOSS","M","?","?","M","$","R","M","E","T","R","M","?","?","?","R","BOSS","M","$","?","?","M","R","M","R","T","?","?","M","M","M"],"build_version":"2018-12-20","purchased_purges":2,"victory":false,"max_hp_per_floor":[80,80,80,80,80,80,80,80,80,80,80,80,80,80,80,80,80,80,80,80,80,80,80,80,80,80,80,80,80,80,80,80,80,80,83,83,83,83,83,83,83,83,83,83,83,83,87,87],"card_choices":[{"not_picked":["Twin Strike","Ghostly Armor"],"picked":"Armaments","floor":1},{"not_picked":["Heavy Blade","Flex"],"picked":"Metallicize","floor":2},{"not_picked":["Flex","Clothesline"],"picked":"Pommel Strike","floor":5},{"not_picked":["Sever Soul","Sword Boomerang"],"picked":"Ghostly Armor","floor":7},{"not_picked":["Pommel Strike","Infernal Blade"],"picked":"Intimidate","floor":12},{"not_picked":["Clothesline","Pummel"],"picked":"Pommel Strike","floor":14},{"not_picked":["Bludgeon","Impervious"],"picked":"Barricade","floor":16},{"not_picked":["Flex","Wild Strike+1"],"picked":"Pommel Strike","floor":18},{"not_picked":["Anger","Burning Pact"],"picked":"Battle Trance","floor":20},{"not_picked":["Twin Strike","Blood for Blood"],"picked":"Armaments","floor":21},{"not_picked":["Pommel Strike","Inflame"],"picked":"Feed","floor":24},{"not_picked":["Armaments","Bloodletting+1"],"picked":"Twin Strike","floor":25},{"not_picked":["Sever Soul","Dropkick"],"picked":"Flex+1","floor":28},{"not_picked":["Anger","Heavy Blade+1","Battle Trance"],"picked":"SKIP","floor":31},{"not_picked":["Berserk","Feed"],"picked":"Impervious","floor":33},{"not_picked":["Armaments+1","Pommel Strike"],"picked":"Headbutt+1","floor":35},{"not_picked":["Sword Boomerang+1","Sever Soul"],"picked":"Seeing Red+1","floor":38},{"not_picked":["Sword Boomerang+1","Hemokinesis","Flex+1"],"picked":"SKIP","floor":39},{"not_picked":["Clash","Wild Strike+1"],"picked":"Armaments+1","floor":41},{"not_picked":["Apotheosis","Sadistic Nature+1"],"picked":"Panache+1","floor":45},{"not_picked":["Hemokinesis","Heavy Blade+1","Perfected Strike+1"],"picked":"SKIP","floor":46},{"not_picked":["Flex+1","Heavy Blade+1","Power Through+1"],"picked":"SKIP","floor":47}],"player_experience":85404,"relics_obtained":[{"floor":7,"key":"Whetstone"},{"floor":9,"key":"Regal Pillow"},{"floor":20,"key":"Red Mask"},{"floor":25,"key":"Blood Vial"},{"floor":26,"key":"Mercury Hourglass"},{"floor":43,"key":"Frozen Egg 2"}],"event_choices":[{"damage_healed":0,"gold_gain":0,"player_choice":"Grow","damage_taken":0,"max_hp_gain":0,"max_hp_loss":0,"event_name":"Living Wall","floor":4,"gold_loss":0,"cards_upgraded":["Armaments"]},{"cards_removed":["Defend_R"],"damage_healed":0,"gold_gain":0,"player_choice":"Card Removal","damage_taken":7,"max_hp_gain":0,"max_hp_loss":0,"event_name":"Golden Wing","floor":10,"gold_loss":0},{"damage_healed":0,"gold_gain":0,"player_choice":"Fought Bandits","damage_taken":0,"max_hp_gain":0,"max_hp_loss":0,"event_name":"Masked Bandits","floor":20,"gold_loss":0},{"damage_healed":0,"gold_gain":0,"player_choice":"Ignored","damage_taken":0,"max_hp_gain":0,"max_hp_loss":0,"event_name":"Ghosts","floor":29,"gold_loss":0},{"damage_healed":0,"gold_gain":0,"player_choice":"1 cards matched","damage_taken":0,"max_hp_gain":0,"max_hp_loss":0,"event_name":"Match and Keep!","floor":30,"gold_loss":0,"cards_obtained":["Dramatic Entrance"]},{"damage_healed":0,"gold_gain":0,"cards_transformed":["Strike_R"],"player_choice":"Transformed","damage_taken":0,"max_hp_gain":0,"max_hp_loss":0,"event_name":"Transmorgrifier","floor":37,"gold_loss":0,"cards_obtained":["Heavy Blade"]},{"damage_healed":0,"gold_gain":0,"player_choice":"Ignored","damage_taken":0,"max_hp_gain":0,"max_hp_loss":0,"event_name":"Mysterious Sphere","floor":44,"gold_loss":0},{"damage_healed":0,"gold_gain":0,"player_choice":"Memory 2","damage_taken":5,"max_hp_gain":0,"max_hp_loss":0,"event_name":"SensoryStone","floor":45,"gold_loss":0}],"is_beta":false,"boss_relics":[{"not_picked":["Eternal Feather","Velvet Choker"],"picked":"Snecko Eye"},{"not_picked":["Philosopher\u0027s Stone","Runic Dome"],"picked":"Sozu"}],"items_purged_floors":[3,36],"is_endless":false,"potions_floor_spawned":[2,12,14,16,20,24,31,33,35,38,39,46],"killed_by":"Transient","ascension_level":1}