{"gold_per_floor":[115,115,131,53,53,53,66,66,66,85,61,89,100,100,100,196,246,262,34,38,58,31,57,57,88,88,117,117,133,164,164,164,262,262,273,273,57,70,70,70,80,80,80,93,93,112,112,112,112,112],"floor_reached":51,"playtime":4659,"items_purged":["Decay"],"score":734,"play_id":"e9ff15da-98d7-42a2-80af-9336356c7f13","local_time":"20190101200531","is_ascension_mode":true,"campfire_choices":[{"data":"Burst","floor":6,"key":"SMITH"},{"data":"Caltrops","floor":8,"key":"SMITH"},{"floor":15,"key":"REST"},{"data":"Adrenaline","floor":24,"key":"SMITH"},{"floor":28,"key":"DIG"},{"floor":32,"key":"REST"},{"data":"Venomology","floor":40,"key":"SMITH"},{"data":"Leg Sweep","floor":42,"key":"SMITH"},{"floor":45,"key":"DIG"},{"data":"Footwork","floor":47,"key":"SMITH"},{"floor":49,"key":"REST"}],"neow_cost":"NONE","seed_source_timestamp":282596694020000,"circlet_count":0,"master_deck":["Defend_G","Defend_G","Defend_G","Defend_G","Strike_G","Strike_G+1","Strike_G","Strike_G","Survivor","Neutralize+1","Burst+1","Dagger Throw+1","Dodge and Roll+1","Caltrops+1","Dodge and Roll","Venomology+1","Leg Sweep+1","Malaise+1","Dagger Spray+1","Masterful Stab","Footwork+1","Quick Slash","Adrenaline+1","Flying Knee","Outmaneuver+1","Backflip+1","Caltrops+1","Corpse Explosion","Backflip+1","A Thousand Cuts","PiercingWail+1","Endless Agony+1","Choke+1"],"relics":["Ring of the Snake","Ornamental Fan","Anchor","Tiny House","Whetstone","Shovel","Blue Candle","Gremlin Horn","PreservedInsect","Potion Belt","Bag of Preparation","Cursed Key","Shuriken","Pen Nib","Spirit Poop"],"potions_floor_usage":[16,16,16,18,18,20,21,23,25,25,27,27,29,30,33,38,38,38,39,41,44,46,50,50,50,50],"damage_taken":[{"damage":0,"enemies":"Jaw Worm","floor":1,"turns":4},{"damage":0,"enemies":"2 Louse","floor":3,"turns":2},{"damage":0,"enemies":"Cultist","floor":7,"turns":3},{"damage":1,"enemies":"Looter","floor":10,"turns":4},{"damage":5,"enemies":"3 Sentries","floor":12,"turns":10},{"damage":0,"enemies":"Large Slime","floor":13,"turns":8},{"damage":77,"enemies":"Slime Boss","floor":16,"turns":23},{"damage":14,"enemies":"Spheric Guardian","floor":18,"turns":9},{"damage":2,"enemies":"2 Thieves","floor":20,"turns":5},{"damage":1,"enemies":"Centurion and Healer","floor":21,"turns":17},{"damage":0,"enemies":"Book of Stabbing","floor":23,"turns":8},{"damage":6,"enemies":"Gremlin Leader","floor":25,"turns":10},{"damage":4,"enemies":"Book of Stabbing","floor":27,"turns":7},{"damage":7,"enemies":"Sentry and Sphere","floor":29,"turns":11},{"damage":4,"enemies":"Gremlin Leader","floor":30,"turns":7},{"damage":25,"enemies":"Collector","floor":33,"turns":25},{"damage":1,"enemies":"Orb Walker","floor":35,"turns":5},{"damage":1,"enemies":"3 Darklings","floor":38,"turns":2},{"damage":0,"enemies":"Spire Growth","floor":39,"turns":3},{"damage":17,"enemies":"Transient","floor":41,"turns":5},{"damage":0,"enemies":"Writhing Mass","floor":44,"turns":7},{"damage":2,"enemies":"3 Darklings","floor":46,"turns":4},{"damage":21,"enemies":"Time Eater","floor":50,"turns":19}],"seed_played":"602492212564488118","potions_obtained":[{"floor":1,"key":"Regen Potion"},{"floor":13,"key":"Regen Potion"},{"floor":17,"key":"Fruit Juice"},{"floor":20,"key":"Swift Potion"},{"floor":21,"key":"Weak Potion"},{"floor":27,"key":"GamblersBrew"},{"floor":29,"key":"LiquidBronze"},{"floor":30,"key":"Weak Potion"},{"floor":44,"key":"Ancient Potion"},{"floor":46,"key":"SteroidPotion"}],"is_trial":false,"path_per_floor":["M","?","M","$","?","R","M","R","T","M","?","E","M","?","R","B",null,"M","$","M","M","$","E","R","E","T","E","R","M","E","?","R","B",null,"M","?","$","M","M","R","M","R","T","M","R","M","R","?","R","B",null],"character_chosen":"THE_SILENT","items_purchased":["Caltrops","Footwork","Whetstone","Quick Slash","A Thousand Cuts"],"campfire_rested":3,"item_purchase_floors":[4,19,19,22,37],"current_hp_per_floor":[70,56,56,56,56,56,56,56,56,55,55,50,50,43,64,21,75,66,66,64,63,63,63,63,57,57,53,53,61,57,57,80,55,80,79,79,79,78,78,78,61,61,61,61,61,59,59,59,80,59],"gold":112,"neow_bonus":"ONE_RANDOM_RARE_CARD","is_prod":false,"is_daily":false,"chose_seed":false,"campfire_upgraded":6,"win_rate":0,"timestamp":1546369531,"path_taken":["M","?","M","$","?","R","M","R","T","?","?","E","M","?","R","BOSS","M","$","M","M","$","E","R","E","T","E","R","M","E","?","R","BOSS","M","?","$","?","M","R","M","R","T","M","R","?","R","?","R","BOSS"],"build_version":"2018-12-20","purchased_purges":1,"victory":true,"max_hp_per_floor":[70,70,70,70,70,70,70,70,70,70,70,70,70,70,70,70,75,80,80,80,80,80,80,80,80,80,80,80,80,80,80,80,80,80,80,80,80,80,80,80,80,80,80,80,80,80,80,80,80,80],"card_choices":[{"not_picked":["Choke","Accuracy"],"picked":"Dagger Throw","floor":1},{"not_picked":["Slice","Flying Knee"],"picked":"Dodge and Roll","floor":3},{"not_picked":["Underhanded Strike","Slice","Heel Hook"],"picked":"SKIP","floor":7},{"not_picked":["Choke","Noxious Fumes"],"picked":"Dodge and Roll","floor":10},{"not_picked":["Outmaneuver","Catalyst"],"picked":"Venomology","floor":12},{"not_picked":["Poisoned Stab","Crippling Poison"],"picked":"Leg Sweep","floor":13},{"not_picked":["Venomology","Wraith Form v2"],"picked":"Malaise","floor":16},{"not_picked":["Quick Slash","Prepared"],"picked":"Dagger Spray","floor":17},{"not_picked":["Expertise","Blade Dance"],"picked":"Masterful Stab","floor":18},{"not_picked":["Skewer","Predator+1","Cloak And Dagger+1"],"picked":"SKIP","floor":20},{"not_picked":["Dagger Spray+1","Riddle With Holes","Deflect"],"picked":"SKIP","floor":21},{"not_picked":["Outmaneuver","Infinite Blades"],"picked":"Adrenaline","floor":23},{"not_picked":["Sucker Punch","Heel Hook"],"picked":"Flying Knee","floor":25},{"not_picked":["Venomology","Slice+1"],"picked":"Outmaneuver+1","floor":27},{"not_picked":["Distraction","Predator"],"picked":"Backflip+1","floor":29},{"not_picked":["Blade Dance","Prepared"],"picked":"Caltrops+1","floor":30},{"not_picked":["Phantasmal Killer","Venomology"],"picked":"Corpse Explosion","floor":33},{"not_picked":["Caltrops","Dodge and Roll+1"],"picked":"Backflip+1","floor":35},{"not_picked":["Crippling Poison+1","Bane+1"],"picked":"PiercingWail+1","floor":38},{"not_picked":["Finisher","Bane","Dodge and Roll+1"],"picked":"SKIP","floor":41},{"not_picked":["Caltrops","Prepared"],"picked":"Endless Agony+1","floor":44},{"not_picked":["Dodge and Roll","Crippling Poison"],"picked":"Choke+1","floor":46}],"player_experience":116433,"relics_obtained":[{"floor":9,"key":"Ornamental Fan"},{"floor":12,"key":"Anchor"},{"floor":23,"key":"Shovel"},{"floor":25,"key":"Blue Candle"},{"floor":26,"key":"Gremlin Horn"},{"floor":27,"key":"PreservedInsect"},{"floor":28,"key":"Potion Belt"},{"floor":30,"key":"Bag of Preparation"},{"floor":43,"key":"Shuriken"},{"floor":45,"key":"Pen Nib"}],"event_choices":[{"damage_healed":0,"gold_gain":0,"player_choice":"Entered Light","damage_taken":14,"max_hp_gain":0,"max_hp_loss":0,"event_name":"Shining Light","floor":2,"gold_loss":0,"cards_upgraded":["Neutralize","Strike_G"]},{"damage_healed":0,"gold_gain":0,"player_choice":"Upgraded","damage_taken":0,"max_hp_gain":0,"max_hp_loss":0,"event_name":"Upgrade Shrine","floor":5,"gold_loss":0,"cards_upgraded":["Dodge and Roll"]},{"damage_healed":0,"gold_gain":0,"player_choice":"Left Gold","damage_taken":0,"max_hp_gain":0,"max_hp_loss":0,"event_name":"World of Goop","floor":11,"gold_loss":24},{"cards_removed":["Defend_G"],"damage_healed":0,"gold_gain":0,"player_choice":"Card Removal","damage_taken":7,"max_hp_gain":0,"max_hp_loss":0,"event_name":"Golden Wing","floor":14,"gold_loss":0},{"cards_removed":["Strike_G"],"damage_healed":0,"gold_gain":0,"player_choice":"Elegance","damage_taken":0,"max_hp_gain":0,"max_hp_loss":0,"event_name":"Back to Basics","floor":31,"gold_loss":0},{"damage_healed":0,"gold_gain":0,"player_choice":"Cursed","damage_taken":0,"max_hp_gain":0,"max_hp_loss":0,"event_name":"Wheel of Change","floor":36,"gold_loss":0,"cards_obtained":["Decay"]},{"cards_removed":["Regret"],"damage_healed":0,"gold_gain":0,"player_choice":"Offered Curse","damage_taken":0,"relics_obtained":["Spirit Poop"],"max_hp_gain":0,"max_hp_loss":0,"event_name":"Bonfire Elementals","floor":48,"gold_loss":0}],"is_beta":false,"boss_relics":[{"not_picked":["Calling Bell","Black Star"],"picked":"Tiny House"},{"not_picked":["HoveringKite","Runic Dome"],"picked":"Cursed Key"}],"items_purged_floors":[37],"is_endless":false,"potions_floor_spawned":[1,13,20,21,27,29,30,44,46],"ascension_level":1}