{"gold_per_floor":[116,131,56,6,6,6,39,39,66,93,105,124,124,140,140,214,214,228,246,265,49,60,86,96,124,148,148,73,73,73,73,73,152,152,166,182,182,200,19,54,54,54,80,108,108,208,208,224,224,224,224,224,51,84,84],"floor_reached":56,"playtime":2515,"items_purged":["Strike_B","Defend_B","Strike_B"],"score":1968,"play_id":"b767758b-9442-4fa8-b804-44b7489b28ea","local_time":"20190806001944","is_ascension_mode":true,"campfire_choices":[{"data":"Ball Lightning","floor":6,"key":"SMITH"},{"data":"Biased Cognition","floor":8,"key":"SMITH"},{"data":"Genetic Algorithm","floor":15,"key":"SMITH"},{"floor":27,"key":"REST"},{"data":"Seek","floor":29,"key":"SMITH"},{"data":"Creative AI","floor":32,"key":"SMITH"},{"floor":41,"key":"RECALL"},{"data":"Storm","floor":45,"key":"SMITH"},{"data":"Static Discharge","floor":47,"key":"SMITH"},{"data":"Capacitor","floor":49,"key":"SMITH"},{"floor":52,"key":"REST"}],"neow_cost":"NONE","seed_source_timestamp":2267217304999178,"circlet_count":0,"master_deck":["AscendersBane","Defend_B","Defend_B","Defend_B+1","Zap+1","Dualcast+1","Ball Lightning+1","Cold Snap","Biased Cognition+1","Hologram","Glacier","Cold Snap","Genetic Algorithm+1","Echo Form","Genetic Algorithm","Conserve Battery+1","Glacier","Core Surge","Seek+1","Creative AI+1","Capacitor+1","Static Discharge+1","Force Field","Electrodynamics","Blizzard","Bandage Up","Self Repair+1","Storm+1","Recycle+1","Tempest","Buffer"],"relics":["Cracked Core","Regal Pillow","PreservedInsect","War Paint","Prayer Wheel","Velvet Choker","Mummified Hand","Turnip","Ancient Tea Set","Runic Pyramid","Sundial","Mango","Ice Cream","Du-Vu Doll"],"potions_floor_usage":[7,7,16,20,23,33,36,55,55],"damage_taken":[{"damage":7,"enemies":"Jaw Worm","floor":1,"turns":3},{"damage":4,"enemies":"Small Slimes","floor":2,"turns":3},{"damage":10,"enemies":"Gremlin Nob","floor":7,"turns":3},{"damage":15,"enemies":"3 Sentries","floor":10,"turns":6},{"damage":0,"enemies":"Cultist","floor":11,"turns":2},{"damage":4,"enemies":"Exordium Thugs","floor":12,"turns":4},{"damage":1,"enemies":"Blue Slaver","floor":14,"turns":3},{"damage":16,"enemies":"Slime Boss","floor":16,"turns":7},{"damage":0,"enemies":"3 Byrds","floor":18,"turns":6},{"damage":0,"enemies":"Chosen","floor":19,"turns":5},{"damage":0,"enemies":"Shelled Parasite and Fungi","floor":20,"turns":6},{"damage":3,"enemies":"Sentry and Sphere","floor":22,"turns":6},{"damage":16,"enemies":"Slavers","floor":23,"turns":3},{"damage":0,"enemies":"Centurion and Healer","floor":24,"turns":9},{"damage":6,"enemies":"Book of Stabbing","floor":25,"turns":6},{"damage":11,"enemies":"Champ","floor":33,"turns":11},{"damage":0,"enemies":"3 Shapes","floor":35,"turns":3},{"damage":16,"enemies":"3 Darklings","floor":36,"turns":4},{"damage":0,"enemies":"Maw","floor":38,"turns":9},{"damage":0,"enemies":"Nemesis","floor":40,"turns":7},{"damage":6,"enemies":"Reptomancer","floor":44,"turns":6},{"damage":0,"enemies":"Mind Bloom Boss Battle","floor":46,"turns":6},{"damage":0,"enemies":"Spire Growth","floor":48,"turns":5},{"damage":38,"enemies":"Time Eater","floor":50,"turns":9},{"damage":11,"enemies":"Shield and Spear","floor":54,"turns":3},{"damage":57,"enemies":"The Heart","floor":55,"turns":10}],"seed_played":"-8985706628618917669","potions_obtained":[{"floor":2,"key":"Regen Potion"},{"floor":11,"key":"Swift Potion"},{"floor":14,"key":"Fire Potion"},{"floor":16,"key":"Energy Potion"},{"floor":20,"key":"Fire Potion"},{"floor":25,"key":"Block Potion"},{"floor":33,"key":"EssenceOfSteel"},{"floor":40,"key":"FocusPotion"}],"is_trial":false,"path_per_floor":["M","M","?","$","?","R","E","R","T","E","M","M","T","M","R","B",null,"M","M","M","$","M","E","M","E","T","R","$","R","?","?","R","B",null,"M","M","?","M","$","E","R","?","T","E","R","?","R","M","R","B",null,"R","$","E","B",null],"character_chosen":"DEFECT","items_purchased":["Fire Potion","Core Surge","Seek","Storm","SkillPotion"],"campfire_rested":2,"item_purchase_floors":[4,21,21,39,53],"current_hp_per_floor":[57,53,53,53,53,53,52,52,52,37,37,33,33,32,32,16,57,57,57,57,57,54,38,38,32,32,68,68,68,68,68,68,57,68,68,52,42,46,46,71,71,71,71,85,85,85,85,85,85,55,78,85,85,74,31],"gold":84,"neow_bonus":"UPGRADE_CARD","is_prod":false,"is_daily":false,"chose_seed":false,"campfire_upgraded":8,"win_rate":0,"timestamp":1565065184,"path_taken":["M","M","?","$","?","R","E","R","T","E","?","M","?","M","R","BOSS","M","M","M","$","M","E","M","E","T","R","$","R","?","?","R","BOSS","M","?","?","M","$","E","R","?","T","E","R","?","R","?","R","BOSS","R","$","E","BOSS"],"build_version":"2019-07-17","purchased_purges":3,"victory":true,"max_hp_per_floor":[71,71,71,71,71,71,71,71,71,71,71,71,71,71,71,71,71,71,71,71,71,71,71,71,71,71,71,71,71,71,71,71,71,71,71,71,71,71,71,71,71,71,71,85,85,85,85,85,85,85,85,85,85,85,85],"card_choices":[{"not_picked":["Steam","Capacitor"],"picked":"Ball Lightning","floor":1},{"not_picked":["Coolheaded","Sweeping Beam"],"picked":"Cold Snap","floor":2},{"not_picked":["Chaos","Turbo"],"picked":"Biased Cognition","floor":7},{"not_picked":["Recycle","Force Field"],"picked":"Hologram","floor":10},{"not_picked":["Hologram","Capacitor"],"picked":"Glacier","floor":11},{"not_picked":["Storm","Conserve Battery"],"picked":"Cold Snap","floor":12},{"not_picked":["Sunder","Skim"],"picked":"Genetic Algorithm","floor":14},{"not_picked":["Stack","Rebound","Turbo"],"picked":"SKIP","floor":14},{"not_picked":["Creative AI","Reboot"],"picked":"Echo Form","floor":16},{"not_picked":["Skim","Storm"],"picked":"Genetic Algorithm","floor":18},{"not_picked":["Ball Lightning+1","Go for the Eyes","Aggregate"],"picked":"SKIP","floor":18},{"not_picked":["Compile Driver","Storm"],"picked":"Conserve Battery+1","floor":19},{"not_picked":["Skim","Undo","Turbo"],"picked":"SKIP","floor":19},{"not_picked":["Hello World","Rebound"],"picked":"Glacier","floor":20},{"not_picked":["Hologram","Rebound","Conserve Battery"],"picked":"SKIP","floor":20},{"not_picked":["Genetic Algorithm","Ball Lightning","Stack"],"picked":"SKIP","floor":22},{"not_picked":["Stack","Streamline","Heatsinks+1"],"picked":"SKIP","floor":22},{"not_picked":["Genetic Algorithm","Ball Lightning","Stack"],"picked":"SKIP","floor":22},{"not_picked":["Stack","Streamline","Heatsinks+1"],"picked":"SKIP","floor":22},{"not_picked":["Consume","Lockon"],"picked":"Creative AI","floor":23},{"not_picked":["Melter","Hologram"],"picked":"Capacitor","floor":24},{"not_picked":["Undo","Leap"],"picked":"Static Discharge","floor":24},{"not_picked":["Reinforced Body","Sunder","Redo"],"picked":"SKIP","floor":25},{"not_picked":["Multi-Cast","Meteor Strike"],"picked":"Electrodynamics","floor":33},{"not_picked":["Turbo+1","Hologram","Conserve Battery"],"picked":"SKIP","floor":35},{"not_picked":["Leap+1","Stack","Go for the Eyes"],"picked":"SKIP","floor":35},{"not_picked":["Hologram+1","Skim"],"picked":"Blizzard","floor":36},{"not_picked":["Coolheaded","Hyperbeam","Turbo+1"],"picked":"SKIP","floor":36},{"not_picked":["Mind Blast","Forethought"],"picked":"Bandage Up","floor":37},{"not_picked":["Steam Power","Ball Lightning"],"picked":"Self Repair+1","floor":38},{"not_picked":["Gash","Double Energy","Chill"],"picked":"SKIP","floor":38},{"not_picked":["Consume","Hologram+1","Tempest+1"],"picked":"SKIP","floor":40},{"not_picked":["Consume","Ball Lightning+1","Streamline"],"picked":"SKIP","floor":44},{"not_picked":["Consume","Ball Lightning+1","Streamline"],"picked":"SKIP","floor":44},{"not_picked":["Turbo+1","Leap"],"picked":"Recycle+1","floor":46},{"not_picked":["Go for the Eyes","Coolheaded"],"picked":"Tempest","floor":48},{"not_picked":["Barrage","Steam","Melter"],"picked":"SKIP","floor":48},{"not_picked":["Storm","Consume"],"picked":"Buffer","floor":54}],"player_experience":2643215,"relics_obtained":[{"floor":7,"key":"Regal Pillow"},{"floor":9,"key":"PreservedInsect"},{"floor":10,"key":"War Paint"},{"floor":13,"key":"Prayer Wheel"},{"floor":23,"key":"Mummified Hand"},{"floor":25,"key":"Turnip"},{"floor":26,"key":"Ancient Tea Set"},{"floor":40,"key":"Sundial"},{"floor":44,"key":"Mango"},{"floor":46,"key":"Ice Cream"},{"floor":54,"key":"Du-Vu Doll"}],"event_choices":[{"cards_removed":["Strike_B"],"damage_healed":0,"gold_gain":0,"player_choice":"Card Removal","damage_taken":0,"max_hp_gain":0,"max_hp_loss":0,"event_name":"The Cleric","floor":3,"gold_loss":75},{"damage_healed":0,"gold_gain":0,"player_choice":"Got Potions","damage_taken":0,"max_hp_gain":0,"max_hp_loss":0,"event_name":"Lab","floor":5,"gold_loss":0},{"damage_healed":0,"gold_gain":0,"player_choice":"Ignored","damage_taken":0,"max_hp_gain":0,"max_hp_loss":0,"event_name":"The Mausoleum","floor":30,"gold_loss":0},{"damage_healed":0,"gold_gain":0,"cards_transformed":["Strike_B"],"player_choice":"Transformed","damage_taken":0,"max_hp_gain":0,"max_hp_loss":0,"event_name":"Transmorgrifier","floor":31,"gold_loss":0,"cards_obtained":["Force Field"]},{"damage_healed":0,"gold_gain":0,"player_choice":"Memory 3","damage_taken":10,"max_hp_gain":0,"max_hp_loss":0,"event_name":"SensoryStone","floor":37,"gold_loss":0},{"damage_healed":0,"gold_gain":0,"player_choice":"Ignored","damage_taken":0,"max_hp_gain":0,"max_hp_loss":0,"event_name":"Tomb of Lord Red Mask","floor":42,"gold_loss":0},{"damage_healed":0,"gold_gain":0,"player_choice":"Fight","damage_taken":0,"max_hp_gain":0,"max_hp_loss":0,"event_name":"MindBloom","floor":46,"gold_loss":0}],"is_beta":false,"boss_relics":[{"not_picked":["Runic Dome","Tiny House"],"picked":"Velvet Choker"},{"not_picked":["White Beast Statue","FrozenCore"],"picked":"Runic Pyramid"}],"items_purged_floors":[28,39,53],"is_endless":false,"potions_floor_spawned":[2,11,14,16,20,22,25,33,35,40],"ascension_level":15}