{"gold_per_floor":[112,125,125,125,37,37,81,81,106,145,159,59,59,98,98,194,224,209,223,223,44,58,71,104,104],"floor_reached":25,"playtime":736,"items_purged":["Strike_B","Regret"],"score":418,"play_id":"480e2c18-f2c6-4794-a3eb-9d958bc4c88a","local_time":"20190819214620","is_ascension_mode":true,"campfire_choices":[{"floor":6,"key":"REST"},{"data":"Defragment","floor":8,"key":"SMITH"},{"floor":13,"key":"REST"},{"data":"Self Repair","floor":15,"key":"SMITH"}],"neow_cost":"NONE","seed_source_timestamp":438976374511925,"circlet_count":0,"master_deck":["AscendersBane","Strike_B","Strike_B","Strike_B","Defend_B","Defend_B","Defend_B","Defend_B","Zap+1","Dualcast","Sweeping Beam","Doom and Gloom","Defragment+1","Coolheaded","Coolheaded","Compile Driver","Conserve Battery","Rainbow","Self Repair+1","Rainbow","Writhe","Doubt","Steam Power","Capacitor","Glacier"],"relics":["Cracked Core","Golden Idol","Question Card","Mango","Dream Catcher","Regal Pillow","Emotion Chip","Calling Bell","Tiny Chest","Blue Candle","FossilizedHelix","Blood Vial"],"potions_floor_usage":[18,24,25],"damage_taken":[{"damage":0,"enemies":"Cultist","floor":1,"turns":3},{"damage":0,"enemies":"Small Slimes","floor":2,"turns":2},{"damage":36,"enemies":"Gremlin Nob","floor":7,"turns":4},{"damage":21,"enemies":"3 Sentries","floor":10,"turns":4},{"damage":3,"enemies":"Jaw Worm","floor":11,"turns":2},{"damage":9,"enemies":"Lagavulin","floor":14,"turns":5},{"damage":16,"enemies":"Slime Boss","floor":16,"turns":9},{"damage":11,"enemies":"2 Thieves","floor":18,"turns":4},{"damage":4,"enemies":"Spheric Guardian","floor":19,"turns":4},{"damage":23,"enemies":"Snecko","floor":22,"turns":8},{"damage":3,"enemies":"Sentry and Sphere","floor":23,"turns":7},{"damage":31,"enemies":"Book of Stabbing","floor":24,"turns":5},{"damage":45,"enemies":"Cultist and Chosen","floor":25,"turns":4}],"seed_played":"-8029609105602281892","potions_obtained":[{"floor":10,"key":"Ancient Potion"},{"floor":11,"key":"GamblersBrew"},{"floor":16,"key":"PowerPotion"},{"floor":24,"key":"PowerPotion"}],"is_trial":false,"path_per_floor":["M","M","?","?","$","R","E","R","T","E","M","$","R","E","R","B",null,"M","M","?","$","M","M","E","M"],"character_chosen":"DEFECT","items_purchased":["Defragment","Coolheaded","Conserve Battery","Capacitor"],"campfire_rested":2,"item_purchase_floors":[5,5,12,21],"current_hp_per_floor":[64,64,64,38,38,57,35,35,35,14,11,11,49,40,40,34,67,56,62,62,62,49,56,25,0],"gold":104,"neow_bonus":"UPGRADE_CARD","is_prod":false,"is_daily":false,"chose_seed":false,"campfire_upgraded":2,"win_rate":0,"timestamp":1566265580,"path_taken":["M","?","?","?","$","R","E","R","T","E","M","?","R","E","R","BOSS","M","M","?","$","M","M","E","M"],"build_version":"2019-07-17","purchased_purges":2,"victory":false,"max_hp_per_floor":[71,71,64,64,64,64,78,78,78,78,78,78,78,78,78,78,78,78,78,78,78,78,78,78,78],"card_choices":[{"not_picked":["Conserve Battery","Self Repair"],"picked":"Sweeping Beam","floor":1},{"not_picked":["Reprogram","Rip and Tear"],"picked":"Doom and Gloom","floor":2},{"not_picked":["Thunder Strike","Go for the Eyes","Hello World"],"picked":"Coolheaded","floor":7},{"not_picked":["Streamline","Cold Snap","Steam"],"picked":"Compile Driver","floor":10},{"not_picked":["Cold Snap","Steam","Streamline","Darkness"],"picked":"SKIP","floor":11},{"not_picked":["Turbo","Conserve Battery","Beam Cell"],"picked":"Rainbow","floor":13},{"not_picked":["Darkness","Recycle","Machine Learning"],"picked":"Self Repair","floor":14},{"not_picked":["Meteor Strike","All For One","Thunder Strike"],"picked":"Rainbow","floor":16},{"not_picked":["Streamline","Beam Cell","Barrage"],"picked":"Steam Power","floor":18},{"not_picked":["Redo","Steam","All For One","Barrage"],"picked":"SKIP","floor":19},{"not_picked":["Sweeping Beam+1","Beam Cell","Hologram+1"],"picked":"Glacier","floor":22},{"not_picked":["Rebound","Self Repair","Coolheaded","Redo"],"picked":"SKIP","floor":23},{"not_picked":["Rebound","Chaos","Doom and Gloom","Stack"],"picked":"SKIP","floor":24}],"player_experience":2711774,"relics_obtained":[{"floor":7,"key":"Mango"},{"floor":9,"key":"Dream Catcher"},{"floor":10,"key":"Regal Pillow"},{"floor":14,"key":"Emotion Chip"},{"floor":17,"key":"Tiny Chest"},{"floor":17,"key":"Blue Candle"},{"floor":17,"key":"FossilizedHelix"},{"floor":24,"key":"Blood Vial"}],"event_choices":[{"damage_healed":0,"gold_gain":0,"player_choice":"Lose Max HP","damage_taken":0,"relics_obtained":["Golden Idol"],"max_hp_gain":0,"max_hp_loss":7,"event_name":"Golden Idol","floor":3,"gold_loss":0},{"damage_healed":0,"gold_gain":0,"player_choice":"Success","damage_taken":26,"relics_obtained":["Question Card"],"max_hp_gain":0,"max_hp_loss":0,"event_name":"Scrap Ooze","floor":4,"gold_loss":0},{"damage_healed":0,"gold_gain":0,"player_choice":"Ignored","damage_taken":0,"max_hp_gain":0,"max_hp_loss":0,"event_name":"Vampires","floor":20,"gold_loss":0}],"is_beta":false,"boss_relics":[{"not_picked":["Lizard Tail","Eternal Feather"],"picked":"Calling Bell"}],"items_purged_floors":[12,21],"is_endless":false,"potions_floor_spawned":[10,11,16,24],"killed_by":"Cultist and Chosen","ascension_level":15}