{"gold_per_floor":[117,117,292,67,87,87,117,104,128,142,88,99,117,128,128,230,230,241,141,151,151,171,171,182,217,241,241,256,256,256,171,171,171],"floor_reached":33,"playtime":2550,"items_purged":["Doubt"],"score":267,"play_id":"a85590e0-d48e-49d1-919a-7fccb9ae4b76","local_time":"20190818234940","is_ascension_mode":false,"campfire_choices":[{"data":"Armaments","floor":6,"key":"SMITH"},{"data":"Armaments","floor":15,"key":"SMITH"},{"floor":23,"key":"REST"},{"floor":27,"key":"REST"},{"floor":32,"key":"REST"}],"neow_cost":"NONE","seed_source_timestamp":70386830004200,"circlet_count":0,"master_deck":["Strike_R+1","Strike_R+1","Strike_R+1","Strike_R+1","Strike_R+1","Defend_R+1","Defend_R+1","Defend_R+1","Defend_R+1","Bash","Headbutt","Warcry","Carnage","Armaments+1","Inflame","Warcry","Armaments+1","True Grit","Twin Strike","Cleave","Pummel","Juggernaut","Berserk","Anger","Rampage","Thunderclap","Iron Wave","Pommel Strike","Power Through","Impervious","Flex"],"relics":["Burning Blood","Anchor","MawBank","Vajra","Fusion Hammer","Red Skull","Ancient Tea Set","Bag of Preparation"],"potions_floor_usage":[16,16,22,25],"damage_taken":[{"damage":2,"enemies":"Small Slimes","floor":1,"turns":4},{"damage":1,"enemies":"Jaw Worm","floor":5,"turns":2},{"damage":34,"enemies":"Gremlin Nob","floor":7,"turns":5},{"damage":1,"enemies":"Cultist","floor":10,"turns":3},{"damage":1,"enemies":"Lots of Slimes","floor":12,"turns":4},{"damage":0,"enemies":"Blue Slaver","floor":13,"turns":3},{"damage":3,"enemies":"2 Fungi Beasts","floor":14,"turns":3},{"damage":18,"enemies":"Slime Boss","floor":16,"turns":10},{"damage":30,"enemies":"Spheric Guardian","floor":18,"turns":4},{"damage":35,"enemies":"2 Thieves","floor":20,"turns":4},{"damage":9,"enemies":"Centurion and Healer","floor":22,"turns":3},{"damage":18,"enemies":"Snake Plant","floor":24,"turns":5},{"damage":23,"enemies":"Slavers","floor":25,"turns":5},{"damage":0,"enemies":"Chosen and Byrds","floor":28,"turns":4},{"damage":65,"enemies":"Automaton","floor":33,"turns":8}],"seed_played":"1081769270000964981","potions_obtained":[{"floor":1,"key":"SmokeBomb"},{"floor":5,"key":"AttackPotion"},{"floor":12,"key":"Poison Potion"},{"floor":16,"key":"SkillPotion"},{"floor":21,"key":"Regen Potion"},{"floor":21,"key":"Fire Potion"},{"floor":25,"key":"FearPotion"}],"is_trial":false,"path_per_floor":["M","?","?","$","M","R","E","$","T","M","$","M","M","M","R","B",null,"M","$","M","?","M","R","M","E","T","R","M","?","?","?","R","B"],"character_chosen":"IRONCLAD","items_purchased":["Warcry","Carnage","Armaments","Armaments","Twin Strike","Rampage","Thunderclap"],"campfire_rested":3,"item_purchase_floors":[4,4,4,8,11,19,19],"current_hp_per_floor":[80,80,80,80,80,80,52,52,52,57,57,62,68,71,71,59,80,56,56,27,27,29,53,41,24,24,48,54,39,39,39,64,0],"gold":171,"neow_bonus":"RANDOM_COMMON_RELIC","is_prod":false,"is_daily":false,"chose_seed":false,"campfire_upgraded":2,"win_rate":0.0,"timestamp":1566168580,"path_taken":["M","?","?","$","M","R","E","?","T","?","$","M","M","M","R","BOSS","M","?","M","?","M","R","M","E","T","R","?","?","?","?","R","BOSS"],"build_version":"2019-07-17","purchased_purges":1,"victory":false,"max_hp_per_floor":[80,80,80,80,80,80,80,80,80,80,80,80,80,80,80,80,80,80,80,80,80,80,80,80,80,80,80,80,85,85,85,85,85],"card_choices":[{"not_picked":["Uppercut","Perfected Strike"],"picked":"Headbutt","floor":1},{"not_picked":["Body Slam","Clothesline"],"picked":"Inflame","floor":5},{"not_picked":["Thunderclap","Shrug It Off"],"picked":"Warcry","floor":7},{"not_picked":["Flex","Perfected Strike"],"picked":"True Grit","floor":10},{"not_picked":["Hemokinesis","Burning Pact"],"picked":"Cleave","floor":12},{"not_picked":["Hemokinesis","Uppercut"],"picked":"Pummel","floor":13},{"not_picked":["True Grit","Warcry"],"picked":"Juggernaut","floor":14},{"not_picked":["Fiend Fire","Reaper"],"picked":"Berserk","floor":16},{"not_picked":["Hemokinesis","Pummel"],"picked":"Anger","floor":18},{"not_picked":["Headbutt","Warcry"],"picked":"Iron Wave","floor":20},{"not_picked":["Combust+1","Thunderclap"],"picked":"Pommel Strike","floor":22},{"not_picked":["Armaments","Perfected Strike"],"picked":"Power Through","floor":24},{"not_picked":["Thunderclap","Shrug It Off"],"picked":"Impervious","floor":25},{"not_picked":["Bloodletting+1","Perfected Strike+1"],"picked":"Flex","floor":28}],"player_experience":9743,"relics_obtained":[{"floor":7,"key":"MawBank"},{"floor":9,"key":"Vajra"},{"floor":25,"key":"Red Skull"},{"floor":26,"key":"Ancient Tea Set"}],"event_choices":[{"damage_healed":0,"gold_gain":0,"player_choice":"Ignored","damage_taken":0,"max_hp_gain":0,"max_hp_loss":0,"event_name":"Golden Wing","floor":2,"gold_loss":0},{"damage_healed":0,"gold_gain":175,"player_choice":"AGREE","damage_taken":0,"max_hp_gain":0,"max_hp_loss":0,"event_name":"Liars Game","floor":3,"gold_loss":0,"cards_obtained":["Doubt"]},{"damage_healed":0,"gold_gain":0,"player_choice":"Got Potions","damage_taken":0,"max_hp_gain":0,"max_hp_loss":0,"event_name":"Lab","floor":21,"gold_loss":0},{"damage_healed":0,"gold_gain":0,"player_choice":"Shed Blood","damage_taken":20,"max_hp_gain":5,"max_hp_loss":0,"event_name":"Forgotten Altar","floor":29,"gold_loss":0},{"damage_healed":0,"gold_gain":0,"player_choice":"Simplicity","damage_taken":0,"max_hp_gain":0,"max_hp_loss":0,"event_name":"Back to Basics","floor":30,"gold_loss":0,"cards_upgraded":["Strike_R","Strike_R","Strike_R","Strike_R","Strike_R","Defend_R","Defend_R","Defend_R","Defend_R"]},{"damage_healed":0,"gold_gain":0,"player_choice":"Obtained Relic","damage_taken":0,"relics_obtained":["Bag of Preparation"],"max_hp_gain":0,"max_hp_loss":0,"event_name":"Addict","floor":31,"gold_loss":85}],"is_beta":false,"boss_relics":[{"not_picked":["Runic Dome","Ectoplasm"],"picked":"Fusion Hammer"}],"items_purged_floors":[4],"is_endless":false,"potions_floor_spawned":[1,5,12,16,24,25],"killed_by":"Automaton","ascension_level":0}