{"gold_per_floor":[119,119,119,130,143,173,173,196,267,286,298,308,341,355,355,459,459,469,27,37,55,70,70,86,86,86,86],"floor_reached":27,"playtime":2463,"items_purged":["Strike_B"],"score":229,"play_id":"59473989-2f30-47bb-a7f5-0fecfe0331ce","local_time":"20190813231433","is_ascension_mode":false,"campfire_choices":[{"floor":15,"key":"REST"},{"floor":23,"key":"REST"},{"data":"White Noise","floor":25,"key":"SMITH"}],"neow_cost":"NONE","seed_source_timestamp":368769690037100,"circlet_count":0,"master_deck":["Strike_B","Strike_B","Strike_B","Defend_B","Defend_B","Defend_B","Defend_B","Zap","Dualcast","Panacea","Darkness+1","BootSequence","Go for the Eyes","White Noise+1","Force Field","Coolheaded","Capacitor","Hello World","Redo","Echo Form","Double Energy","Good Instincts","FTL","Go for the Eyes+1","Leap","Stack+1","Reinforced Body+1"],"relics":["Cracked Core","Centennial Puzzle","Mercury Hourglass","Lantern","Mummified Hand","Torii","Philosopher\u0027s Stone","Toolbox","Happy Flower"],"potions_floor_usage":[13,13,18,21,27,27],"damage_taken":[{"damage":6,"enemies":"Jaw Worm","floor":1,"turns":3},{"damage":0,"enemies":"Cultist","floor":4,"turns":3},{"damage":10,"enemies":"Small Slimes","floor":5,"turns":3},{"damage":16,"enemies":"Lagavulin","floor":6,"turns":7},{"damage":14,"enemies":"Exordium Thugs","floor":10,"turns":4},{"damage":7,"enemies":"2 Fungi Beasts","floor":11,"turns":3},{"damage":4,"enemies":"Blue Slaver","floor":12,"turns":3},{"damage":17,"enemies":"Gremlin Nob","floor":13,"turns":5},{"damage":0,"enemies":"3 Louse","floor":14,"turns":1},{"damage":7,"enemies":"The Guardian","floor":16,"turns":10},{"damage":1,"enemies":"2 Thieves","floor":18,"turns":4},{"damage":2,"enemies":"Spheric Guardian","floor":20,"turns":4},{"damage":10,"enemies":"Shelled Parasite and Fungi","floor":21,"turns":5},{"damage":37,"enemies":"3 Cultists","floor":22,"turns":6},{"damage":1,"enemies":"Snake Plant","floor":24,"turns":6},{"damage":31,"enemies":"Colosseum Slavers","floor":27,"turns":5},{"damage":44,"enemies":"Colosseum Nobs","floor":27,"turns":5}],"seed_played":"5278636066810785469","potions_obtained":[{"floor":1,"key":"PowerPotion"},{"floor":4,"key":"Weak Potion"},{"floor":5,"key":"LiquidBronze"},{"floor":14,"key":"Fire Potion"},{"floor":16,"key":"Block Potion"},{"floor":21,"key":"Fruit Juice"},{"floor":22,"key":"SkillPotion"},{"floor":24,"key":"PowerPotion"}],"is_trial":false,"path_per_floor":["M","?","?","M","M","E","?","T","T","M","M","M","E","M","R","B",null,"M","$","M","M","M","R","M","R","T","?"],"character_chosen":"DEFECT","items_purchased":["Good Instincts","Toolbox","FTL"],"campfire_rested":2,"item_purchase_floors":[19,19,19],"current_hp_per_floor":[69,66,66,66,56,40,45,45,45,31,24,20,3,3,27,20,80,79,79,77,72,35,60,59,59,59,0],"gold":86,"neow_bonus":"RANDOM_COLORLESS","is_prod":false,"is_daily":false,"chose_seed":false,"campfire_upgraded":1,"win_rate":0.0,"timestamp":1565730873,"path_taken":["M","?","?","?","?","E","?","?","T","M","?","?","E","M","R","BOSS","M","$","M","M","M","R","M","R","T","?"],"build_version":"2019-07-17","purchased_purges":1,"victory":false,"max_hp_per_floor":[75,75,75,75,75,75,80,80,80,80,80,80,80,80,80,80,80,80,80,80,85,85,85,85,85,85,85],"card_choices":[{"not_picked":["Skim","Chaos"],"picked":"Darkness","floor":1},{"not_picked":["Streamline","Tempest"],"picked":"BootSequence","floor":4},{"not_picked":["Turbo","Barrage"],"picked":"Go for the Eyes","floor":5},{"not_picked":["Static Discharge","Stack"],"picked":"White Noise","floor":6},{"not_picked":["Redo","Chill"],"picked":"Force Field","floor":10},{"not_picked":["Doom and Gloom","Reprogram"],"picked":"Coolheaded","floor":11},{"not_picked":["Glacier","Beam Cell"],"picked":"Capacitor","floor":12},{"not_picked":["Rip and Tear","Auto Shields"],"picked":"Hello World","floor":13},{"not_picked":["Coolheaded","Rip and Tear"],"picked":"Redo","floor":14},{"not_picked":["Reboot","Biased Cognition"],"picked":"Echo Form","floor":16},{"not_picked":["Sweeping Beam","Beam Cell"],"picked":"Double Energy","floor":18},{"not_picked":["Redo+1","Hello World"],"picked":"Go for the Eyes+1","floor":20},{"not_picked":["Sunder","Streamline"],"picked":"Leap","floor":21},{"not_picked":["Turbo","Static Discharge"],"picked":"Stack+1","floor":22},{"not_picked":["Static Discharge","Cold Snap"],"picked":"Reinforced Body+1","floor":24}],"player_experience":58322,"relics_obtained":[{"floor":6,"key":"Mercury Hourglass"},{"floor":8,"key":"Lantern"},{"floor":9,"key":"Mummified Hand"},{"floor":13,"key":"Torii"},{"floor":26,"key":"Happy Flower"}],"event_choices":[{"damage_healed":0,"gold_gain":0,"player_choice":"Success","damage_taken":3,"relics_obtained":["Centennial Puzzle"],"max_hp_gain":0,"max_hp_loss":0,"event_name":"Scrap Ooze","floor":2,"gold_loss":0},{"damage_healed":0,"gold_gain":0,"player_choice":"Upgraded","damage_taken":0,"max_hp_gain":0,"max_hp_loss":0,"event_name":"Upgrade Shrine","floor":3,"gold_loss":0,"cards_upgraded":["Darkness"]},{"damage_healed":0,"gold_gain":0,"player_choice":"Donut","damage_taken":0,"max_hp_gain":5,"max_hp_loss":0,"event_name":"Big Fish","floor":7,"gold_loss":0},{"damage_healed":0,"gold_gain":0,"player_choice":"Fight","damage_taken":0,"max_hp_gain":0,"max_hp_loss":0,"event_name":"Colosseum","floor":27,"gold_loss":0},{"damage_healed":0,"gold_gain":0,"player_choice":"Fought Nobs","damage_taken":0,"max_hp_gain":0,"max_hp_loss":0,"event_name":"Colosseum","floor":27,"gold_loss":0}],"is_beta":false,"boss_relics":[{"not_picked":["Empty Cage","White Beast Statue"],"picked":"Philosopher\u0027s Stone"}],"items_purged_floors":[19],"is_endless":false,"potions_floor_spawned":[1,4,5,14,16,21,22,24,27],"killed_by":"Colosseum Nobs","ascension_level":0}