{"gold_per_floor":[16,16,39,39,62,62,102,102,102,138,63,98,121,140,140,234,234,249,262,262,276,314,314,358,358,358,358,396,296,311,134,134,228,228,251,271,335,335,359,392,392,442,442,465,3,47,65,78,78,78,78,78,26,62,62],"floor_reached":56,"playtime":3034,"items_purged":["Strike_R","Strike_R","Normality"],"score":2014,"play_id":"9faa5f67-4aba-4b2a-886d-e9b17f460ace","local_time":"20190820234955","is_ascension_mode":true,"campfire_choices":[{"data":"Carnage","floor":6,"key":"SMITH"},{"data":"Combust","floor":8,"key":"SMITH"},{"data":"Whirlwind","floor":15,"key":"SMITH"},{"data":"Flame Barrier","floor":23,"key":"SMITH"},{"data":"Feed","floor":25,"key":"SMITH"},{"data":"Inflame","floor":27,"key":"SMITH"},{"data":"Dual Wield","floor":32,"key":"SMITH"},{"floor":41,"key":"RECALL"},{"data":"Apotheosis","floor":49,"key":"SMITH"},{"data":"Shockwave","floor":52,"key":"SMITH"}],"neow_cost":"NO_GOLD","seed_source_timestamp":530474022449250,"circlet_count":0,"master_deck":["AscendersBane","Strike_R","Strike_R","Strike_R+1","Defend_R","Defend_R","Defend_R","Defend_R","Bash","Cleave","Flame Barrier+1","Carnage+1","Combust+1","Shrug It Off","Shockwave+1","Whirlwind+1","Feed+1","Inflame+1","Disarm","Dual Wield+1","Apotheosis+1","Reaper","Injury","Decay","Reaper","Disarm","Feel No Pain","True Grit","True Grit+1","Heavy Blade+1","Pummel"],"relics":["Burning Blood","Pocketwatch","Golden Idol","Strawberry","Calipers","Sundial","Bird Faced Urn","Velvet Choker","Red Mask","Bag of Preparation","Paper Frog","Blue Candle","Calling Bell","Darkstone Periapt","Ginger","Regal Pillow","Ice Cream","Nunchaku","Charon\u0027s Ashes","Brimstone","Vajra","Whetstone"],"potions_floor_usage":[16,37],"damage_taken":[{"damage":4,"enemies":"2 Louse","floor":1,"turns":4},{"damage":2,"enemies":"Jaw Worm","floor":3,"turns":3},{"damage":0,"enemies":"Small Slimes","floor":5,"turns":3},{"damage":8,"enemies":"Gremlin Nob","floor":7,"turns":3},{"damage":25,"enemies":"Lagavulin","floor":10,"turns":9},{"damage":18,"enemies":"3 Sentries","floor":12,"turns":5},{"damage":3,"enemies":"2 Fungi Beasts","floor":13,"turns":3},{"damage":1,"enemies":"Blue Slaver","floor":14,"turns":5},{"damage":23,"enemies":"Slime Boss","floor":16,"turns":6},{"damage":6,"enemies":"Chosen","floor":18,"turns":3},{"damage":7,"enemies":"2 Thieves","floor":19,"turns":4},{"damage":14,"enemies":"Centurion and Healer","floor":21,"turns":4},{"damage":14,"enemies":"Masked Bandits","floor":22,"turns":3},{"damage":12,"enemies":"Gremlin Leader","floor":24,"turns":6},{"damage":17,"enemies":"Book of Stabbing","floor":28,"turns":7},{"damage":5,"enemies":"Shelled Parasite and Fungi","floor":30,"turns":4},{"damage":68,"enemies":"Champ","floor":33,"turns":12},{"damage":19,"enemies":"3 Darklings","floor":35,"turns":5},{"damage":33,"enemies":"Orb Walker","floor":36,"turns":5},{"damage":48,"enemies":"2 Orb Walkers","floor":37,"turns":4},{"damage":14,"enemies":"Sphere and 2 Shapes","floor":39,"turns":5},{"damage":63,"enemies":"Giant Head","floor":40,"turns":8},{"damage":48,"enemies":"Spire Growth","floor":44,"turns":6},{"damage":19,"enemies":"Nemesis","floor":46,"turns":5},{"damage":6,"enemies":"Maw","floor":47,"turns":6},{"damage":23,"enemies":"Jaw Worm Horde","floor":48,"turns":3},{"damage":71,"enemies":"Time Eater","floor":50,"turns":9},{"damage":121,"enemies":"Shield and Spear","floor":54,"turns":6},{"damage":112,"enemies":"The Heart","floor":55,"turns":8}],"seed_played":"1931542835930675564","potions_obtained":[{"floor":7,"key":"Poison Potion"},{"floor":12,"key":"GamblersBrew"},{"floor":14,"key":"Explosive Potion"},{"floor":16,"key":"GamblersBrew"},{"floor":36,"key":"PowerPotion"},{"floor":44,"key":"Energy Potion"}],"is_trial":false,"path_per_floor":["M","?","M","T","M","R","E","R","T","E","$","E","M","M","R","B",null,"M","M","?","M","?","R","E","R","T","R","E","$","M","$","R","B",null,"M","M","?","?","M","E","R","?","T","M","$","E","M","M","R","B",null,"R","$","E","B",null],"character_chosen":"IRONCLAD","items_purchased":["Apotheosis","Brimstone","Feel No Pain","True Grit","Weak Potion"],"campfire_rested":0,"item_purchase_floors":[31,45,45,45,53],"current_hp_per_floor":[70,44,48,48,54,54,59,59,59,40,40,28,31,36,36,21,67,72,76,76,75,72,72,73,73,73,73,70,70,77,77,77,29,86,105,104,84,84,98,76,76,65,65,53,53,121,125,124,124,133,133,133,133,78,59],"gold":62,"neow_bonus":"ONE_RARE_RELIC","is_prod":false,"is_daily":false,"chose_seed":false,"campfire_upgraded":9,"win_rate":0,"timestamp":1566359395,"path_taken":["M","?","M","?","M","R","E","R","T","E","$","E","M","M","R","BOSS","M","M","?","M","?","R","E","R","T","R","E","$","M","?","R","BOSS","M","M","?","?","?","E","R","?","T","M","$","E","?","M","R","BOSS","R","$","E","BOSS"],"build_version":"2019-07-17","purchased_purges":3,"victory":true,"max_hp_per_floor":[75,75,75,75,75,75,82,82,82,82,82,82,82,82,82,82,82,85,88,88,91,94,94,97,97,97,97,101,101,105,105,105,105,105,105,109,113,113,117,117,117,117,117,117,117,121,125,133,133,133,133,133,133,133,133],"card_choices":[{"not_picked":["Headbutt","Seeing Red"],"picked":"Cleave","floor":1},{"not_picked":["Thunderclap","Dual Wield"],"picked":"Flame Barrier","floor":3},{"not_picked":["Thunderclap","True Grit"],"picked":"Carnage","floor":5},{"not_picked":["Rupture","Dark Embrace"],"picked":"Combust","floor":7},{"not_picked":["Power Through","Headbutt"],"picked":"Shrug It Off","floor":10},{"not_picked":["Searing Blow","Cleave"],"picked":"Shockwave","floor":12},{"not_picked":["Flex","Sword Boomerang"],"picked":"Whirlwind","floor":13},{"not_picked":["Pommel Strike","Anger","Shrug It Off"],"picked":"SKIP","floor":14},{"not_picked":["Barricade","Immolate"],"picked":"Feed","floor":16},{"not_picked":["Shrug It Off","Whirlwind+1"],"picked":"Inflame","floor":18},{"not_picked":["Warcry","Reckless Charge","Sentinel"],"picked":"SKIP","floor":19},{"not_picked":["Seeing Red","Hemokinesis","Headbutt"],"picked":"SKIP","floor":21},{"not_picked":["Havoc","Clash+1","Second Wind"],"picked":"SKIP","floor":24},{"not_picked":["Perfected Strike","Armaments","Power Through"],"picked":"SKIP","floor":28},{"not_picked":["Combust","Perfected Strike"],"picked":"Dual Wield","floor":30},{"not_picked":["Double Tap","Dark Embrace"],"picked":"Reaper","floor":33},{"not_picked":["Wild Strike","Thunderclap","Clash"],"picked":"SKIP","floor":35},{"not_picked":["Wild Strike","Thunderclap","Clash"],"picked":"SKIP","floor":35},{"not_picked":["Clash","Combust","Thunderclap"],"picked":"SKIP","floor":36},{"not_picked":["Warcry","Anger","Wild Strike+1"],"picked":"SKIP","floor":39},{"not_picked":["Power Through","Anger","Pummel"],"picked":"SKIP","floor":40},{"not_picked":["Wild Strike","Clothesline"],"picked":"Disarm","floor":44},{"not_picked":["True Grit","Clash","Barricade"],"picked":"SKIP","floor":46},{"not_picked":["Seeing Red+1","Cleave"],"picked":"True Grit+1","floor":47},{"not_picked":["Combust","Sentinel"],"picked":"Heavy Blade","floor":48},{"not_picked":["Ghostly Armor","Perfected Strike+1"],"picked":"Pummel","floor":54}],"player_experience":2718508,"relics_obtained":[{"floor":7,"key":"Strawberry"},{"floor":9,"key":"Calipers"},{"floor":10,"key":"Sundial"},{"floor":12,"key":"Bird Faced Urn"},{"floor":22,"key":"Red Mask"},{"floor":24,"key":"Bag of Preparation"},{"floor":26,"key":"Paper Frog"},{"floor":28,"key":"Blue Candle"},{"floor":34,"key":"Darkstone Periapt"},{"floor":34,"key":"Ginger"},{"floor":34,"key":"Regal Pillow"},{"floor":37,"key":"Ice Cream"},{"floor":40,"key":"Nunchaku"},{"floor":43,"key":"Charon\u0027s Ashes"},{"floor":46,"key":"Vajra"},{"floor":54,"key":"Whetstone"}],"event_choices":[{"damage_healed":0,"gold_gain":0,"player_choice":"Take Damage","damage_taken":26,"relics_obtained":["Golden Idol"],"max_hp_gain":0,"max_hp_loss":0,"event_name":"Golden Idol","floor":2,"gold_loss":0},{"damage_healed":0,"gold_gain":0,"player_choice":"Read","damage_taken":0,"max_hp_gain":0,"max_hp_loss":0,"event_name":"The Library","floor":20,"gold_loss":0,"cards_obtained":["Disarm"]},{"damage_healed":0,"gold_gain":0,"player_choice":"Fought Bandits","damage_taken":0,"max_hp_gain":0,"max_hp_loss":0,"event_name":"Masked Bandits","floor":22,"gold_loss":0},{"damage_healed":0,"gold_gain":0,"player_choice":"Fight","damage_taken":0,"max_hp_gain":0,"max_hp_loss":0,"event_name":"Mysterious Sphere","floor":37,"gold_loss":0},{"damage_healed":0,"gold_gain":0,"player_choice":"Copied","damage_taken":0,"max_hp_gain":0,"max_hp_loss":0,"event_name":"Duplicator","floor":38,"gold_loss":0,"cards_obtained":["Reaper"]},{"damage_healed":0,"gold_gain":50,"player_choice":"Touch","damage_taken":11,"max_hp_gain":0,"max_hp_loss":0,"event_name":"FaceTrader","floor":42,"gold_loss":0}],"is_beta":false,"boss_relics":[{"not_picked":["Empty Cage","White Beast Statue"],"picked":"Velvet Choker"},{"not_picked":["Eternal Feather","Orrery"],"picked":"Calling Bell"}],"items_purged_floors":[11,29,45],"is_endless":false,"potions_floor_spawned":[7,12,14,16,18,21,22,28,30,35,36,44,48],"ascension_level":15}