{"gold_per_floor":[209,224,224,224,77,112,112,139,191,220,220,237,237,253,253,324,324,340,265,265,265,91,116,166,166,166,166,116,116,116],"floor_reached":30,"playtime":604,"items_purged":["Strike_R","Strike_R"],"score":455,"play_id":"b87c058e-7b79-44e2-8072-c45cb9d767f5","local_time":"20190803230037","is_ascension_mode":true,"campfire_choices":[{"floor":7.0,"key":"REST"},{"floor":11.0,"key":"REST"},{"data":"Inflame","floor":13.0,"key":"SMITH"},{"data":"Bash","floor":15.0,"key":"SMITH"},{"floor":25.0,"key":"REST"},{"floor":27.0,"key":"REST"},{"data":"Fiend Fire","floor":29.0,"key":"SMITH"}],"neow_cost":"NONE","seed_source_timestamp":2091486817223020,"circlet_count":0,"master_deck":["AscendersBane","Strike_R","Strike_R+1","Defend_R","Defend_R+1","Defend_R+1","Defend_R","Bash+1","Sword Boomerang","Iron Wave","Inflame+1","Battle Trance+1","Sword Boomerang","Fiend Fire+1","Flame Barrier","Disarm","Demon Form","Flame Barrier+1","Anger+1","Armaments","Combust+1","Shrug It Off","Sword Boomerang+1"],"special_seed":0,"relics":["Burning Blood","Art of War","Omamori","Lantern","Dream Catcher","Calling Bell","Ancient Tea Set","Molten Egg 2","Torii","Frozen Egg 2","Nunchaku"],"potions_floor_usage":[30],"damage_taken":[{"damage":9.0,"enemies":"Jaw Worm","floor":1.0,"turns":6.0},{"damage":0.0,"enemies":"2 Louse","floor":2.0,"turns":3.0},{"damage":25.0,"enemies":"Lagavulin","floor":6.0,"turns":7.0},{"damage":24.0,"enemies":"Gremlin Nob","floor":8.0,"turns":4.0},{"damage":24.0,"enemies":"Lagavulin","floor":10.0,"turns":6.0},{"damage":0.0,"enemies":"Cultist","floor":12.0,"turns":3.0},{"damage":0.0,"enemies":"Large Slime","floor":14.0,"turns":4.0},{"damage":10.0,"enemies":"Hexaghost","floor":16.0,"turns":8.0},{"damage":6.0,"enemies":"Shell Parasite","floor":18.0,"turns":4.0},{"damage":67.0,"enemies":"Gremlin Leader","floor":23.0,"turns":7.0},{"damage":54,"enemies":"Slavers","floor":30,"turns":4}],"seed_played":"6242187011496445757","potions_obtained":[{"floor":2.0,"key":"PowerPotion"},{"floor":12.0,"key":"Regen Potion"},{"floor":18.0,"key":"Ancient Potion"}],"is_trial":false,"path_per_floor":["M","M","?","?","$","E","R","E","T","E","R","M","R","M","R","B",null,"M","?","$","?","$","E","?","R","T","R","?","R","E"],"character_chosen":"IRONCLAD","items_purchased":["Inflame","Armaments","Explosive Potion"],"campfire_rested":4,"item_purchase_floors":[5,22,22],"current_hp_per_floor":[65,71,48,41,41,22,44,26,26,8,30,36,36,42,42,53,70,70,70,70,70,70,9,9,31,31,53,53,53,0],"gold":116,"neow_bonus":"HUNDRED_GOLD","is_prod":false,"is_daily":false,"chose_seed":false,"campfire_upgraded":3,"win_rate":0,"timestamp":1564887637,"path_taken":["M","M","?","?","$","E","R","E","T","E","R","M","R","?","R","BOSS","M","?","$","?","$","E","?","R","T","R","?","R","E"],"build_version":"2019-07-17","purchased_purges":2,"victory":false,"max_hp_per_floor":[75,75,75,75,75,75,75,75,75,75,75,75,75,75,75,75,75,75,75,75,75,75,75,75,75,75,75,75,75,75],"card_choices":[{"not_picked":["Dropkick","True Grit"],"picked":"Sword Boomerang","floor":1.0},{"not_picked":["Armaments","Heavy Blade"],"picked":"Iron Wave","floor":2.0},{"not_picked":["Cleave","Shrug It Off"],"picked":"Battle Trance","floor":6.0},{"not_picked":["Searing Blow","Clothesline"],"picked":"Sword Boomerang","floor":8.0},{"not_picked":["Bloodletting","Dark Embrace"],"picked":"Fiend Fire","floor":10.0},{"not_picked":["Warcry","Combust"],"picked":"Flame Barrier","floor":11.0},{"not_picked":["Clash","Flex","Thunderclap"],"picked":"SKIP","floor":12.0},{"not_picked":["Blood for Blood","Ghostly Armor"],"picked":"Disarm","floor":14.0},{"not_picked":["Double Tap","Bludgeon"],"picked":"Demon Form","floor":16.0},{"not_picked":["Clothesline+1","Anger+1"],"picked":"Flame Barrier+1","floor":18.0},{"not_picked":["Havoc","Flame Barrier"],"picked":"Combust","floor":23.0},{"not_picked":["Sentinel","Headbutt+1"],"picked":"Shrug It Off","floor":25.0},{"not_picked":["Pommel Strike+1","True Grit"],"picked":"Sword Boomerang+1","floor":27.0}],"player_experience":2637751,"relics_obtained":[{"floor":6.0,"key":"Art of War"},{"floor":8.0,"key":"Omamori"},{"floor":9.0,"key":"Lantern"},{"floor":10.0,"key":"Dream Catcher"},{"floor":17.0,"key":"Ancient Tea Set"},{"floor":17.0,"key":"Molten Egg 2"},{"floor":17.0,"key":"Torii"},{"floor":23.0,"key":"Frozen Egg 2"},{"floor":26.0,"key":"Nunchaku"}],"event_choices":[{"damage_healed":0.0,"max_hp_gain":0.0,"max_hp_loss":0.0,"gold_gain":0.0,"event_name":"Shining Light","player_choice":"Entered Light","floor":3.0,"gold_loss":0.0,"damage_taken":23.0,"cards_upgraded":["Strike_R","Defend_R"]},{"cards_removed":["Strike_R"],"damage_healed":0.0,"max_hp_gain":0.0,"max_hp_loss":0.0,"gold_gain":0.0,"event_name":"Golden Wing","player_choice":"Card Removal","floor":4.0,"gold_loss":0.0,"damage_taken":7.0},{"cards_removed":["Pain"],"damage_healed":0.0,"max_hp_gain":0.0,"max_hp_loss":0.0,"gold_gain":0.0,"event_name":"Beggar","player_choice":"Gave Gold","floor":19.0,"gold_loss":75.0,"damage_taken":0.0},{"damage_healed":0.0,"max_hp_gain":0.0,"max_hp_loss":0.0,"gold_gain":0.0,"event_name":"The Library","player_choice":"Read","floor":21.0,"gold_loss":0.0,"damage_taken":0.0,"cards_obtained":["Anger"]},{"damage_healed":0.0,"max_hp_gain":0.0,"max_hp_loss":0.0,"gold_gain":50.0,"event_name":"Nest","player_choice":"Stole From Cult","floor":24.0,"gold_loss":0.0,"damage_taken":0.0},{"damage_healed":0.0,"max_hp_gain":0.0,"max_hp_loss":0.0,"gold_gain":0.0,"event_name":"Designer","player_choice":"Upgraded Two","floor":28.0,"gold_loss":50.0,"damage_taken":0.0,"cards_upgraded":["Battle Trance","Defend_R"]}],"is_beta":false,"boss_relics":[{"not_picked":["Eternal Feather","Busted Crown"],"picked":"Calling Bell"}],"items_purged_floors":[5,22],"is_endless":false,"potions_floor_spawned":[2,12,18],"killed_by":"Slavers","ascension_level":15}