{"gold_per_floor":[10,21,39,214,27,27,57,57,57,5,40,52,64,79,79,181,181,201,217,217,227,22,22,355,15,39,39,54,54,74,130,130,233,233,247,266,319,336,22,22,47,66,113,138,150,175,175,186,186,186],"floor_reached":51,"playtime":6017,"items_purged":["Doubt","Regret"],"score":798,"play_id":"7c9d2b72-8e72-4c41-a944-6f5421333230","local_time":"20181231171000","is_ascension_mode":true,"campfire_choices":[{"data":"True Grit","floor":6,"key":"SMITH"},{"data":"Bash","floor":15,"key":"SMITH"},{"data":"Spot Weakness","floor":23,"key":"SMITH"},{"data":"Limit Break","floor":27,"key":"SMITH"},{"data":"Intimidate","floor":29,"key":"SMITH"},{"data":"Iron Wave","floor":32,"key":"SMITH"},{"data":"Fire Breathing","floor":40,"key":"SMITH"},{"data":"Flame Barrier","floor":47,"key":"SMITH"},{"data":"Entrench","floor":49,"key":"SMITH"}],"neow_cost":"NO_GOLD","seed_source_timestamp":184291361020000,"circlet_count":0,"master_deck":["Strike_R+1","Strike_R","Strike_R","Strike_R+1","Strike_R","Defend_R","Defend_R","Defend_R","Bash+1","Demon Form","Thunderclap","Iron Wave+1","True Grit+1","Intimidate+1","Metallicize","Pummel","Warcry","Thunderclap+1","Body Slam+1","Shrug It Off","Spot Weakness+1","Reaper+1","Iron Wave+1","Pommel Strike+1","Metallicize","Body Slam+1","Limit Break+1","Inflame","Clothesline+1","Doubt","Flex","Entrench+1","Doubt","Exhume","Ghostly Armor+1","Clothesline+1","Twin Strike+1","Fire Breathing+1","Carnage+1","Flame Barrier+1","Doubt","Doubt","Exhume"],"relics":["Burning Blood","Shuriken","Molten Egg 2","Blood Vial","Cursed Key","Bag of Preparation","Oddly Smooth Stone","Old Coin","Self Forming Clay","Happy Flower","Tiny Chest","Runic Pyramid","Whetstone","PreservedInsect","Meat on the Bone","Strawberry","Bag of Marbles","Smiling Mask"],"potions_floor_usage":[7,11,21,30,50,50],"damage_taken":[{"damage":2,"enemies":"Cultist","floor":1,"turns":5},{"damage":2,"enemies":"Small Slimes","floor":2,"turns":4},{"damage":6,"enemies":"Jaw Worm","floor":3,"turns":4},{"damage":15,"enemies":"3 Sentries","floor":7,"turns":13},{"damage":34,"enemies":"Gremlin Nob","floor":11,"turns":6},{"damage":6,"enemies":"Gremlin Gang","floor":12,"turns":6},{"damage":6,"enemies":"Red Slaver","floor":13,"turns":5},{"damage":11,"enemies":"Exordium Thugs","floor":14,"turns":6},{"damage":4,"enemies":"The Guardian","floor":16,"turns":11},{"damage":26,"enemies":"Spheric Guardian","floor":18,"turns":6},{"damage":0,"enemies":"Chosen","floor":19,"turns":6},{"damage":20,"enemies":"Shelled Parasite and Fungi","floor":21,"turns":7},{"damage":14,"enemies":"Gremlin Leader","floor":24,"turns":8},{"damage":8,"enemies":"Centurion and Healer","floor":28,"turns":5},{"damage":14,"enemies":"Sentry and Sphere","floor":30,"turns":4},{"damage":56,"enemies":"Collector","floor":33,"turns":8},{"damage":8,"enemies":"3 Darklings","floor":35,"turns":6},{"damage":0,"enemies":"Orb Walker","floor":36,"turns":4},{"damage":30,"enemies":"Spire Growth","floor":38,"turns":6},{"damage":28,"enemies":"Giant Head","floor":41,"turns":8},{"damage":1,"enemies":"3 Darklings","floor":42,"turns":5},{"damage":11,"enemies":"Jaw Worm Horde","floor":45,"turns":4},{"damage":8,"enemies":"Nemesis","floor":46,"turns":5},{"damage":13,"enemies":"Transient","floor":48,"turns":5},{"damage":96,"enemies":"Donu and Deca","floor":50,"turns":13}],"seed_played":"541015706853633041","potions_obtained":[{"floor":1,"key":"SpeedPotion"},{"floor":2,"key":"BloodPotion"},{"floor":3,"key":"GamblersBrew"},{"floor":11,"key":"Weak Potion"},{"floor":18,"key":"SteroidPotion"},{"floor":19,"key":"SkillPotion"},{"floor":33,"key":"Swift Potion"},{"floor":35,"key":"Ancient Potion"},{"floor":38,"key":"Weak Potion"}],"is_trial":false,"path_per_floor":["M","M","M","?","$","R","E","?","T","$","E","M","M","M","R","B",null,"M","M","?","M","$","R","E","$","T","R","M","R","M","T","R","B",null,"M","M","T","M","$","R","E","M","T","T","M","E","R","M","R","B",null],"character_chosen":"IRONCLAD","items_purchased":["Intimidate","Metallicize","Warcry","Oddly Smooth Stone","Body Slam+1","Self Forming Clay","Inflame","Clothesline+1","Fire Breathing","PreservedInsect"],"campfire_rested":0,"item_purchase_floors":[5,5,10,22,22,25,25,25,39,39],"current_hp_per_floor":[80,80,80,80,80,80,71,71,71,71,43,45,47,44,44,48,80,69,77,77,80,80,80,80,80,80,80,78,78,72,72,72,24,80,80,80,80,59,59,59,80,80,87,87,87,85,85,80,80,60],"gold":186,"neow_bonus":"THREE_RARE_CARDS","is_prod":false,"is_daily":false,"chose_seed":false,"campfire_upgraded":9,"win_rate":0,"timestamp":1546272600,"path_taken":["M","M","?","?","$","R","E","?","T","$","E","?","M","M","R","BOSS","M","M","?","?","?","R","E","?","T","R","M","R","M","?","R","BOSS","M","M","?","M","$","R","E","M","T","?","M","E","R","?","R","BOSS"],"build_version":"2018-12-20","purchased_purges":2,"victory":true,"max_hp_per_floor":[80,80,80,80,80,80,80,80,80,80,80,80,80,80,80,80,80,80,80,80,80,80,80,80,80,80,80,80,80,80,80,80,80,80,80,80,80,80,80,80,80,80,87,87,87,87,87,87,87,87],"card_choices":[{"not_picked":["Brutality","Dark Embrace"],"picked":"Demon Form","floor":0},{"not_picked":["Reckless Charge","Fire Breathing"],"picked":"Thunderclap","floor":1},{"not_picked":["Corruption","Shrug It Off"],"picked":"Iron Wave","floor":2},{"not_picked":["Clash","Combust"],"picked":"True Grit","floor":3},{"not_picked":["Brutality","Sever Soul"],"picked":"Pummel","floor":7},{"not_picked":["Dual Wield","Pommel Strike+1"],"picked":"Thunderclap+1","floor":11},{"not_picked":["Clothesline+1","Blood for Blood+1"],"picked":"Body Slam+1","floor":12},{"not_picked":["True Grit","Warcry"],"picked":"Shrug It Off","floor":13},{"not_picked":["Combust","Burning Pact"],"picked":"Spot Weakness","floor":14},{"not_picked":["Bludgeon+1","Berserk"],"picked":"Reaper+1","floor":16},{"not_picked":["Havoc","True Grit+1"],"picked":"Iron Wave+1","floor":18},{"not_picked":["Perfected Strike+1","Twin Strike+1"],"picked":"Pommel Strike+1","floor":19},{"not_picked":["Evolve","Hemokinesis+1"],"picked":"Metallicize","floor":21},{"not_picked":["Blood for Blood+1","Shrug It Off"],"picked":"Limit Break","floor":24},{"not_picked":["Havoc+1","Perfected Strike+1"],"picked":"Flex","floor":28},{"not_picked":["Infernal Blade","Clash+1"],"picked":"Entrench","floor":30},{"not_picked":["Dark Embrace","Bludgeon+1"],"picked":"Exhume","floor":33},{"not_picked":["Pommel Strike+1","Wild Strike+1"],"picked":"Ghostly Armor+1","floor":35},{"not_picked":["Corruption+1","Ghostly Armor+1"],"picked":"Clothesline+1","floor":36},{"not_picked":["Clash+1","Wild Strike+1"],"picked":"Twin Strike+1","floor":38},{"not_picked":["Seeing Red","Wild Strike+1"],"picked":"Carnage+1","floor":41},{"not_picked":["Rampage+1","Headbutt+1"],"picked":"Flame Barrier","floor":42},{"not_picked":["Headbutt+1","Anger+1"],"picked":"Exhume","floor":45},{"not_picked":["Iron Wave+1","True Grit","Dual Wield+1"],"picked":"SKIP","floor":46},{"not_picked":["Cleave+1","Battle Trance","Thunderclap+1"],"picked":"SKIP","floor":48}],"player_experience":91835,"relics_obtained":[{"floor":7,"key":"Shuriken"},{"floor":9,"key":"Molten Egg 2"},{"floor":11,"key":"Blood Vial"},{"floor":24,"key":"Old Coin"},{"floor":26,"key":"Happy Flower"},{"floor":31,"key":"Tiny Chest"},{"floor":37,"key":"Whetstone"},{"floor":41,"key":"Meat on the Bone"},{"floor":43,"key":"Strawberry"},{"floor":44,"key":"Bag of Marbles"},{"floor":46,"key":"Smiling Mask"}],"event_choices":[{"damage_healed":0,"gold_gain":175,"player_choice":"AGREE","damage_taken":0,"max_hp_gain":0,"max_hp_loss":0,"event_name":"Liars Game","floor":4,"gold_loss":0,"cards_obtained":["Doubt"]},{"cards_removed":["Defend_R"],"damage_healed":0,"gold_gain":0,"player_choice":"Purged","damage_taken":0,"max_hp_gain":0,"max_hp_loss":0,"event_name":"Purifier","floor":8,"gold_loss":0},{"damage_healed":0,"gold_gain":0,"player_choice":"Gave Potion","damage_taken":0,"relics_obtained":["Bag of Preparation"],"max_hp_gain":0,"max_hp_loss":0,"event_name":"WeMeetAgain","floor":20,"gold_loss":0}],"is_beta":false,"boss_relics":[{"not_picked":["Snecko Eye","Eternal Feather"],"picked":"Cursed Key"},{"not_picked":["White Beast Statue","Tiny House"],"picked":"Runic Pyramid"}],"items_purged_floors":[5,39],"is_endless":false,"potions_floor_spawned":[1,2,3,11,18,19,33,35,38,45],"ascension_level":1}