{"gold_per_floor":[110,30,49,69,89,119,139,139,139,172,190,203,203,215,215,293,293,307,155,155,171,171,171,171,197,197,229,242,242,256,289,289,368,368,386,398,1397,1397,648,673,673,673,727,105,132,145,156,176,176,176,176,176,26,61,61],"floor_reached":56,"playtime":2803,"items_purged":["Strike_G","Normality","Normality","Strike_G"],"score":2145,"play_id":"2f33b7ef-07ce-4fa0-b6b8-7ee015af88e7","local_time":"20190513003033","is_ascension_mode":true,"campfire_choices":[{"data":"Noxious Fumes","floor":8.0,"key":"SMITH"},{"data":"Footwork","floor":15.0,"key":"SMITH"},{"floor":23.0,"key":"REST"},{"floor":29.0,"key":"REST"},{"floor":32.0,"key":"REST"},{"floor":41.0,"key":"RECALL"},{"floor":49.0,"key":"REST"},{"floor":52.0,"key":"REST"}],"neow_cost":"NONE","seed_source_timestamp":0,"circlet_count":0,"master_deck":["AscendersBane","Defend_G","Defend_G","Defend_G","Defend_G","Defend_G","Strike_G","Strike_G","Survivor","Neutralize+1","Dagger Spray","Footwork+1","Quick Slash","Backstab","Noxious Fumes+1","PiercingWail","Leg Sweep","A Thousand Cuts","Backflip","Infinite Blades","Terror","Glass Knife","Acrobatics","Adrenaline","Footwork","Apotheosis","PiercingWail","Envenom","Catalyst","Deflect+1"],"special_seed":0,"relics":["Ring of the Snake","Bird Faced Urn","Shuriken","Boot","Torii","Fusion Hammer","Thread and Needle","Mummified Hand","Bag of Preparation","Runic Pyramid","Ornamental Fan","Paper Crane","Lantern","Bottled Tornado","The Specimen","Omamori","Medical Kit","PreservedInsect","Oddly Smooth Stone","Strawberry"],"potions_floor_usage":[55,55],"damage_taken":[{"damage":0.0,"enemies":"2 Louse","floor":1.0,"turns":4.0},{"damage":0.0,"enemies":"Cultist","floor":3.0,"turns":6.0},{"damage":0.0,"enemies":"Jaw Worm","floor":4.0,"turns":4.0},{"damage":2.0,"enemies":"3 Louse","floor":5.0,"turns":3.0},{"damage":15.0,"enemies":"3 Sentries","floor":6.0,"turns":9.0},{"damage":0.0,"enemies":"Red Slaver","floor":7.0,"turns":5.0},{"damage":1.0,"enemies":"Lagavulin","floor":10.0,"turns":8.0},{"damage":2.0,"enemies":"Exordium Wildlife","floor":11.0,"turns":4.0},{"damage":7.0,"enemies":"Blue Slaver","floor":12.0,"turns":4.0},{"damage":0.0,"enemies":"Large Slime","floor":14.0,"turns":5.0},{"damage":29.0,"enemies":"Hexaghost","floor":16.0,"turns":13.0},{"damage":0.0,"enemies":"3 Byrds","floor":18.0,"turns":4.0},{"damage":1.0,"enemies":"Shell Parasite","floor":21.0,"turns":6.0},{"damage":31.0,"enemies":"Book of Stabbing","floor":25.0,"turns":7.0},{"damage":35.0,"enemies":"Slavers","floor":27.0,"turns":7.0},{"damage":8.0,"enemies":"Snecko","floor":28.0,"turns":5.0},{"damage":6.0,"enemies":"Centurion and Healer","floor":30.0,"turns":5.0},{"damage":14.0,"enemies":"Book of Stabbing","floor":31.0,"turns":6.0},{"damage":17.0,"enemies":"Collector","floor":33.0,"turns":11.0},{"damage":0.0,"enemies":"Orb Walker","floor":35.0,"turns":3.0},{"damage":0.0,"enemies":"3 Darklings","floor":36.0,"turns":5.0},{"damage":2.0,"enemies":"Reptomancer","floor":40.0,"turns":10.0},{"damage":0.0,"enemies":"Nemesis","floor":45.0,"turns":5.0},{"damage":1.0,"enemies":"Jaw Worm Horde","floor":46.0,"turns":5.0},{"damage":0.0,"enemies":"Maw","floor":47.0,"turns":6.0},{"damage":0.0,"enemies":"Writhing Mass","floor":48.0,"turns":5.0},{"damage":1.0,"enemies":"Time Eater","floor":50.0,"turns":15.0},{"damage":0.0,"enemies":"Shield and Spear","floor":54.0,"turns":7.0},{"damage":0,"enemies":"The Heart","floor":55,"turns":12}],"seed_played":"-5262161058706117469","potions_obtained":[{"floor":4.0,"key":"Weak Potion"},{"floor":7.0,"key":"FairyPotion"},{"floor":10.0,"key":"EssenceOfSteel"},{"floor":16.0,"key":"FearPotion"},{"floor":18.0,"key":"SteroidPotion"},{"floor":28.0,"key":"AttackPotion"}],"is_trial":false,"path_per_floor":["M","$","M","M","M","E","M","R","T","E","M","M","?","M","R","B",null,"M","$","?","M","?","R","?","E","T","E","M","R","M","E","R","B",null,"M","M","?","T","$","E","R","T","T","$","E","M","M","M","R","B",null,"R","$","E","B",null],"character_chosen":"THE_SILENT","items_purchased":["Footwork","Infinite Blades","Paper Crane","Apotheosis","PiercingWail","Lantern","Medical Kit","Catalyst","PreservedInsect","GhostInAJar"],"campfire_rested":5,"item_purchase_floors":[2,19,39,39,39,39,44,44,44,44],"current_hp_per_floor":[59,59,59,59,57,42,46,46,46,49,51,48,48,52,52,27,56,62,62,62,65,47,68,68,44,44,17,17,38,40,34,55,46,65,71,71,71,71,71,71,71,71,71,71,71,71,71,71,71,70,71,71,71,78,78],"gold":61,"neow_bonus":"UPGRADE_CARD","is_prod":false,"is_daily":false,"chose_seed":false,"campfire_upgraded":2,"win_rate":0,"timestamp":1557721833,"path_taken":["M","$","M","M","M","E","M","R","T","E","M","M","?","?","R","BOSS","M","$","?","M","?","R","?","E","T","E","M","R","?","E","R","BOSS","M","M","?","?","$","E","R","?","T","$","E","M","M","M","R","BOSS","R","$","E","BOSS"],"build_version":"2019-04-23","purchased_purges":4,"victory":true,"max_hp_per_floor":[66,66,66,66,66,66,66,66,66,66,66,66,66,66,66,66,66,66,66,66,66,71,71,71,71,71,71,71,71,71,71,71,71,71,71,71,71,71,71,71,71,71,71,71,71,71,71,71,71,71,71,71,71,78,78],"card_choices":[{"not_picked":["Poisoned Stab","Outmaneuver"],"picked":"Dagger Spray","floor":1.0},{"not_picked":["Deflect","Expertise"],"picked":"Quick Slash","floor":3.0},{"not_picked":["Prepared","Predator"],"picked":"Backstab","floor":4.0},{"not_picked":["Outmaneuver","Skewer","Prepared"],"picked":"SKIP","floor":5.0},{"not_picked":["Quick Slash","Predator"],"picked":"Noxious Fumes","floor":6.0},{"not_picked":["Calculated Gamble","Deflect","Flying Knee"],"picked":"SKIP","floor":7.0},{"not_picked":["Infinite Blades","Dagger Throw"],"picked":"PiercingWail","floor":10.0},{"not_picked":["Expertise","Tactician","Acrobatics"],"picked":"SKIP","floor":11.0},{"not_picked":["Reflex","Expertise"],"picked":"Leg Sweep","floor":12.0},{"not_picked":["Phantasmal Killer","Poisoned Stab","Eviscerate"],"picked":"SKIP","floor":14.0},{"not_picked":["Bullet Time","Tools of the Trade"],"picked":"A Thousand Cuts","floor":16.0},{"not_picked":["Blade Dance","Dodge and Roll"],"picked":"Backflip","floor":18.0},{"not_picked":["Prepared","Noxious Fumes","Sucker Punch"],"picked":"SKIP","floor":21.0},{"not_picked":["Dagger Throw","Acrobatics"],"picked":"Terror","floor":25.0},{"not_picked":["PiercingWail","Distraction"],"picked":"Glass Knife","floor":27.0},{"not_picked":["Blade Dance","Dagger Throw","Quick Slash"],"picked":"SKIP","floor":28.0},{"not_picked":["Sucker Punch","Bouncing Flask+1","Deadly Poison"],"picked":"SKIP","floor":30.0},{"not_picked":["Accuracy","Backstab"],"picked":"Acrobatics","floor":31.0},{"not_picked":["Storm of Steel","A Thousand Cuts"],"picked":"Adrenaline","floor":33.0},{"not_picked":["Endless Agony","Acrobatics","Outmaneuver"],"picked":"SKIP","floor":35.0},{"not_picked":["Skewer","Slice"],"picked":"Footwork","floor":36.0},{"not_picked":["Deadly Poison","Escape Plan"],"picked":"Envenom","floor":40.0},{"not_picked":["Escape Plan","Underhanded Strike","Night Terror"],"picked":"SKIP","floor":45.0},{"not_picked":["Dagger Spray","Riddle With Holes","Flechettes"],"picked":"SKIP","floor":46.0},{"not_picked":["Cloak And Dagger","Backflip"],"picked":"Deflect+1","floor":47.0},{"not_picked":["Eviscerate","Acrobatics","Heel Hook+1"],"picked":"SKIP","floor":48.0},{"not_picked":["Well Laid Plans","Quick Slash","Deadly Poison+1"],"picked":"SKIP","floor":54.0}],"player_experience":2494582,"relics_obtained":[{"floor":6.0,"key":"Bird Faced Urn"},{"floor":9.0,"key":"Shuriken"},{"floor":10.0,"key":"Boot"},{"floor":25.0,"key":"Thread and Needle"},{"floor":27.0,"key":"Mummified Hand"},{"floor":31.0,"key":"Bag of Preparation"},{"floor":38.0,"key":"Ornamental Fan"},{"floor":40.0,"key":"Bottled Tornado"},{"floor":42.0,"key":"The Specimen"},{"floor":43.0,"key":"Omamori"},{"floor":45.0,"key":"Oddly Smooth Stone"},{"floor":54.0,"key":"Strawberry"}],"event_choices":[{"damage_healed":0.0,"max_hp_gain":0.0,"max_hp_loss":0.0,"gold_gain":0.0,"event_name":"WeMeetAgain","player_choice":"Gave Potion","floor":13.0,"gold_loss":0.0,"damage_taken":0.0,"relics_obtained":["Torii"]},{"damage_healed":0.0,"max_hp_gain":0.0,"max_hp_loss":0.0,"gold_gain":0.0,"event_name":"Cursed Tome","player_choice":"Ignored","floor":20.0,"gold_loss":0.0,"damage_taken":0.0},{"damage_healed":0.0,"max_hp_gain":5.0,"max_hp_loss":0.0,"gold_gain":0.0,"event_name":"Forgotten Altar","player_choice":"Shed Blood","floor":22.0,"gold_loss":0.0,"damage_taken":23.0},{"cards_removed":["Strike_G"],"damage_healed":0.0,"max_hp_gain":0.0,"max_hp_loss":0.0,"gold_gain":0.0,"event_name":"Purifier","player_choice":"Purged","floor":24.0,"gold_loss":0.0,"damage_taken":0.0},{"damage_healed":0.0,"max_hp_gain":0.0,"max_hp_loss":0.0,"gold_gain":999.0,"event_name":"MindBloom","player_choice":"Gold","floor":37.0,"gold_loss":0.0,"damage_taken":0.0,"cards_obtained":["Normality","Normality"]}],"is_beta":true,"boss_relics":[{"not_picked":["Orrery","Empty Cage"],"picked":"Fusion Hammer"},{"not_picked":["WristBlade","Astrolabe"],"picked":"Runic Pyramid"}],"items_purged_floors":[19,39,44,53],"is_endless":false,"potions_floor_spawned":[4,7,10,12,16,18,21,28,33,35,46,54],"ascension_level":15}