{"gold_per_floor":[109,126,51,126,139,139,150,150,177,207,207,207,235,262,274,286],"floor_reached":16,"playtime":370,"items_purged":["Strike_R"],"score":193,"play_id":"97597dbb-4091-4040-a4dd-efda3984934c","local_time":"20190811165743","is_ascension_mode":true,"campfire_choices":[{"data":"Juggernaut","floor":6.0,"key":"SMITH"},{"data":"Body Slam","floor":8.0,"key":"SMITH"},{"data":"Bash","floor":12.0,"key":"SMITH"},{"data":"Spot Weakness","floor":15.0,"key":"SMITH"}],"neow_cost":"NONE","seed_source_timestamp":2761237778692039,"circlet_count":0,"master_deck":["AscendersBane","Strike_R","Strike_R","Strike_R","Strike_R","Defend_R","Defend_R","Defend_R","Defend_R","Bash+1","Juggernaut+1","Anger","Cleave","Body Slam+1","Impervious","Spot Weakness+1"],"special_seed":0,"relics":["Burning Blood","Potion Belt","Orichalcum","MawBank"],"potions_floor_usage":[],"damage_taken":[{"damage":7.0,"enemies":"2 Louse","floor":1.0,"turns":3.0},{"damage":6.0,"enemies":"Cultist","floor":2.0,"turns":3.0},{"damage":12.0,"enemies":"Jaw Worm","floor":5.0,"turns":4.0},{"damage":1.0,"enemies":"2 Fungi Beasts","floor":7.0,"turns":4.0},{"damage":15.0,"enemies":"Lagavulin","floor":10.0,"turns":6.0},{"damage":31.0,"enemies":"3 Sentries","floor":13.0,"turns":7.0},{"damage":15.0,"enemies":"3 Louse","floor":14.0,"turns":2.0},{"damage":21,"enemies":"Hexaghost","floor":16,"turns":8}],"seed_played":"465282917356499489","potions_obtained":[{"floor":2.0,"key":"SteroidPotion"},{"floor":5.0,"key":"Weak Potion"}],"is_trial":false,"path_per_floor":["M","M","$","?","M","R","M","R","T","E","?","R","E","M","R","B"],"character_chosen":"IRONCLAD","items_purchased":[],"campfire_rested":0,"item_purchase_floors":[],"current_hp_per_floor":[67,67,67,56,50,50,55,55,55,46,51,51,26,17,17,0],"gold":286,"neow_bonus":"ONE_RANDOM_RARE_CARD","is_prod":false,"is_daily":false,"chose_seed":false,"campfire_upgraded":4,"win_rate":0,"timestamp":1565557063,"path_taken":["M","M","$","?","M","R","M","R","T","E","?","R","E","M","R","BOSS"],"build_version":"2019-07-17","purchased_purges":1,"victory":false,"max_hp_per_floor":[75,75,75,75,75,75,75,75,75,75,80,80,80,80,80,80],"card_choices":[{"not_picked":["Clash","Corruption"],"picked":"Anger","floor":1.0},{"not_picked":["Clothesline","Perfected Strike"],"picked":"Cleave","floor":2.0},{"not_picked":["Heavy Blade","Warcry"],"picked":"Body Slam","floor":5.0},{"not_picked":["Twin Strike","Sever Soul","Heavy Blade"],"picked":"SKIP","floor":7.0},{"not_picked":["Evolve","Spot Weakness"],"picked":"Impervious","floor":10.0},{"not_picked":["Clothesline","True Grit"],"picked":"Spot Weakness","floor":13.0},{"not_picked":["Clothesline","Infernal Blade","Flex"],"picked":"SKIP","floor":14.0}],"player_experience":2668822,"relics_obtained":[{"floor":9.0,"key":"Potion Belt"},{"floor":10.0,"key":"Orichalcum"},{"floor":13.0,"key":"MawBank"}],"event_choices":[{"damage_healed":0.0,"max_hp_gain":0.0,"max_hp_loss":0.0,"gold_gain":75.0,"event_name":"World of Goop","player_choice":"Gather Gold","floor":4.0,"gold_loss":0.0,"damage_taken":11.0},{"damage_healed":0.0,"max_hp_gain":5.0,"max_hp_loss":0.0,"gold_gain":0.0,"event_name":"Big Fish","player_choice":"Donut","floor":11.0,"gold_loss":0.0,"damage_taken":0.0}],"is_beta":false,"boss_relics":[],"items_purged_floors":[3],"is_endless":false,"potions_floor_spawned":[2,5],"killed_by":"Hexaghost","ascension_level":15}