{"gold_per_floor":[117,117,117,133,150,178,196,225,225,0,0,0,0,18,18,120,120,139,499,11,24,24,49,63,75,144,144,158,158,171,151,151,253,253,270,370,380,380,395,429,439,439,465,10,10,23,55,65,65,65],"floor_reached":51,"playtime":6125,"items_purged":[],"score":789,"play_id":"57a50e4b-4428-49e1-b430-24e94a0687b5","local_time":"20190813174225","is_ascension_mode":false,"campfire_choices":[{"data":"Neutralize","floor":11,"key":"SMITH"},{"data":"Dagger Spray","floor":13,"key":"SMITH"},{"floor":15,"key":"REST"},{"data":"Bandage Up","floor":27,"key":"SMITH"},{"data":"Night Terror","floor":29,"key":"SMITH"},{"floor":32,"key":"REST"},{"data":"Prepared","floor":42,"key":"SMITH"},{"data":"Prepared","floor":45,"key":"SMITH"},{"data":"Backflip","floor":49,"key":"SMITH"}],"neow_cost":"NONE","seed_source_timestamp":345166601848700,"circlet_count":0,"master_deck":["Strike_G","Strike_G","Strike_G","Strike_G","Strike_G+1","Defend_G","Defend_G","Defend_G","Defend_G","Defend_G","Survivor","Neutralize+1","Dagger Spray+1","Underhanded Strike","Acrobatics","Acrobatics","Prepared+1","Heel Hook","Deflect","Deadly Poison","Night Terror+1","Tactician+1","Bandage Up+1","Expertise","Caltrops","Quick Slash","Prepared+1","Tactician+1","Poisoned Stab+1","Escape Plan","Backstab","Crippling Poison","Infinite Blades+1","Adrenaline","Blur+1","Caltrops+1","Prepared","Mind Blast+1","Backflip+1","Escape Plan+1","Leg Sweep+1","Panache","Footwork","Noxious Fumes+1","Acrobatics+1"],"relics":["Ring of the Serpent","Happy Flower","Mercury Hourglass","Kunai","Paper Crane","MealTicket","Bronze Scales","Bag of Marbles","Potion Belt","Ornamental Fan","Black Star","Bird Faced Urn","Strawberry","Toxic Egg 2","Whetstone","Toy Ornithopter","Omamori","Boot"],"potions_floor_usage":[6,19,23,25,33,40,40,41,47,50],"damage_taken":[{"damage":1,"enemies":"2 Louse","floor":1,"turns":3},{"damage":5,"enemies":"Jaw Worm","floor":4,"turns":5},{"damage":1,"enemies":"Cultist","floor":5,"turns":3},{"damage":15,"enemies":"Gremlin Nob","floor":6,"turns":5},{"damage":0,"enemies":"2 Fungi Beasts","floor":7,"turns":2},{"damage":25,"enemies":"Lagavulin","floor":8,"turns":7},{"damage":3,"enemies":"Red Slaver","floor":14,"turns":2},{"damage":25,"enemies":"Hexaghost","floor":16,"turns":10},{"damage":2,"enemies":"Chosen","floor":18,"turns":4},{"damage":1,"enemies":"3 Byrds","floor":21,"turns":3},{"damage":2,"enemies":"Gremlin Leader","floor":23,"turns":5},{"damage":24,"enemies":"Shelled Parasite and Fungi","floor":24,"turns":4},{"damage":0,"enemies":"Snake Plant","floor":25,"turns":3},{"damage":6,"enemies":"Centurion and Healer","floor":28,"turns":6},{"damage":3,"enemies":"Cultist and Chosen","floor":30,"turns":4},{"damage":2,"enemies":"Champ","floor":33,"turns":15},{"damage":12,"enemies":"3 Shapes","floor":35,"turns":2},{"damage":32,"enemies":"Mind Bloom Boss Battle","floor":36,"turns":6},{"damage":17,"enemies":"Orb Walker","floor":37,"turns":3},{"damage":5,"enemies":"3 Darklings","floor":39,"turns":4},{"damage":18,"enemies":"Reptomancer","floor":40,"turns":6},{"damage":0,"enemies":"Maw","floor":41,"turns":7},{"damage":0,"enemies":"Spire Growth","floor":46,"turns":3},{"damage":8,"enemies":"Nemesis","floor":47,"turns":5},{"damage":16,"enemies":"Sphere and 2 Shapes","floor":48,"turns":6},{"damage":95,"enemies":"Donu and Deca","floor":50,"turns":9}],"seed_played":"7233048221713585467","potions_obtained":[{"floor":5,"key":"GhostInAJar"},{"floor":7,"key":"PowerPotion"},{"floor":16,"key":"Energy Potion"},{"floor":24,"key":"Block Potion"},{"floor":25,"key":"SkillPotion"},{"floor":30,"key":"Weak Potion"},{"floor":31,"key":"Fire Potion"},{"floor":37,"key":"Ancient Potion"},{"floor":40,"key":"Energy Potion"},{"floor":41,"key":"Block Potion"},{"floor":47,"key":"Regen Potion"}],"is_trial":false,"path_per_floor":["M","?","?","M","M","E","M","E","T","$","R","$","R","M","R","B",null,"M","?","$","M","?","E","M","M","T","R","M","R","M","?","R","B",null,"M","?","M","?","M","E","M","R","T","$","R","M","E","M","R","B",null],"character_chosen":"THE_SILENT","items_purchased":["MealTicket","Deflect","Bronze Scales","Bag of Marbles","Expertise","Caltrops","Quick Slash","Toy Ornithopter","Panache","Footwork"],"campfire_rested":2,"item_purchase_floors":[10,10,20,20,20,20,20,44,44,44],"current_hp_per_floor":[76,58,58,53,52,37,37,12,12,12,12,27,27,24,47,22,77,75,24,39,42,42,44,24,28,28,28,46,46,43,43,67,71,82,76,50,39,39,46,47,59,59,59,74,74,86,89,87,87,30],"gold":65,"neow_bonus":"TEN_PERCENT_HP_BONUS","is_prod":false,"is_daily":false,"chose_seed":false,"campfire_upgraded":7,"win_rate":0.0,"timestamp":1565710945,"path_taken":["M","?","?","M","M","E","M","E","T","?","R","$","R","?","R","BOSS","M","?","$","?","?","E","M","?","T","R","M","R","M","?","R","BOSS","M","?","M","?","M","E","M","R","T","$","R","M","E","?","R","BOSS"],"build_version":"2019-07-17","purchased_purges":0,"victory":true,"max_hp_per_floor":[77,77,77,77,77,77,77,77,77,77,77,77,77,77,77,77,77,77,82,82,82,82,82,82,82,82,82,82,82,82,82,82,82,82,82,82,82,82,82,89,89,89,89,89,89,89,89,89,89,89],"card_choices":[{"not_picked":["Deflect","Heel Hook"],"picked":"Dagger Spray","floor":1},{"not_picked":["Distraction","Dagger Spray"],"picked":"Underhanded Strike","floor":4},{"not_picked":["Predator","Noxious Fumes"],"picked":"Acrobatics","floor":5},{"not_picked":["Malaise","Slice"],"picked":"Acrobatics","floor":6},{"not_picked":["Slice","Sucker Punch"],"picked":"Prepared","floor":7},{"not_picked":["Terror","PiercingWail"],"picked":"Heel Hook","floor":8},{"not_picked":["Eviscerate","Deflect"],"picked":"Deadly Poison","floor":14},{"not_picked":["Glass Knife","Adrenaline"],"picked":"Night Terror","floor":16},{"not_picked":["Dodge and Roll","PiercingWail+1"],"picked":"Tactician+1","floor":18},{"not_picked":["Acrobatics","Dagger Spray"],"picked":"Prepared","floor":21},{"not_picked":["Acrobatics","Deadly Poison"],"picked":"Poisoned Stab+1","floor":23},{"not_picked":["Night Terror","Acrobatics"],"picked":"Escape Plan","floor":24},{"not_picked":["Slice","Expertise"],"picked":"Backstab","floor":25},{"not_picked":["Flying Knee","Prepared"],"picked":"Crippling Poison","floor":28},{"not_picked":["Dagger Throw","Skewer"],"picked":"Infinite Blades+1","floor":30},{"not_picked":["Phantasmal Killer","Tools of the Trade"],"picked":"Adrenaline","floor":33},{"not_picked":["Dagger Throw+1","Prepared"],"picked":"Blur+1","floor":35},{"not_picked":["Dash","Backflip"],"picked":"Caltrops+1","floor":36},{"not_picked":["Blur","Caltrops"],"picked":"Prepared","floor":37},{"not_picked":["Purity","PanicButton"],"picked":"Mind Blast","floor":38},{"not_picked":["Eviscerate+1","Sucker Punch+1"],"picked":"Backflip","floor":39},{"not_picked":["Venomology","Riddle With Holes"],"picked":"Escape Plan+1","floor":40},{"not_picked":["Underhanded Strike","Slice+1"],"picked":"Leg Sweep+1","floor":41},{"not_picked":["Quick Slash+1","Crippling Poison+1"],"picked":"Noxious Fumes+1","floor":46},{"not_picked":["Flechettes","Backstab","Dagger Spray"],"picked":"SKIP","floor":47},{"not_picked":["Blur+1","Outmaneuver+1"],"picked":"Acrobatics+1","floor":48}],"player_experience":42894,"relics_obtained":[{"floor":6,"key":"Mercury Hourglass"},{"floor":8,"key":"Kunai"},{"floor":9,"key":"Paper Crane"},{"floor":23,"key":"Potion Belt"},{"floor":26,"key":"Ornamental Fan"},{"floor":36,"key":"Bird Faced Urn"},{"floor":40,"key":"Strawberry"},{"floor":40,"key":"Toxic Egg 2"},{"floor":43,"key":"Whetstone"},{"floor":47,"key":"Omamori"},{"floor":47,"key":"Boot"}],"event_choices":[{"damage_healed":0,"gold_gain":0,"player_choice":"Success","damage_taken":18,"relics_obtained":["Happy Flower"],"max_hp_gain":0,"max_hp_loss":0,"event_name":"Scrap Ooze","floor":2,"gold_loss":0},{"damage_healed":0,"gold_gain":0,"player_choice":"Ignored","damage_taken":0,"max_hp_gain":0,"max_hp_loss":0,"event_name":"Golden Wing","floor":3,"gold_loss":0},{"damage_healed":0,"gold_gain":360,"player_choice":"GOLD GOLD CARD POTION POTION GOLD GOLD ","damage_taken":56,"max_hp_gain":0,"max_hp_loss":0,"event_name":"Knowing Skull","floor":19,"potions_obtained":["Fruit Juice","FairyPotion"],"gold_loss":0,"cards_obtained":["Bandage Up"]},{"damage_healed":0,"gold_gain":0,"player_choice":"Copied","damage_taken":0,"max_hp_gain":0,"max_hp_loss":0,"event_name":"Duplicator","floor":22,"gold_loss":0,"cards_obtained":["Tactician"]},{"damage_healed":0,"gold_gain":0,"player_choice":"Bought 1 Potion","damage_taken":0,"max_hp_gain":0,"max_hp_loss":0,"event_name":"The Woman in Blue","floor":31,"gold_loss":0},{"damage_healed":0,"gold_gain":0,"player_choice":"Fight","damage_taken":0,"max_hp_gain":0,"max_hp_loss":0,"event_name":"MindBloom","floor":36,"gold_loss":0},{"damage_healed":0,"gold_gain":0,"player_choice":"Memory 1","damage_taken":0,"max_hp_gain":0,"max_hp_loss":0,"event_name":"SensoryStone","floor":38,"gold_loss":0}],"is_beta":false,"boss_relics":[{"not_picked":["Philosopher\u0027s Stone","Ectoplasm"],"picked":"Ring of the Serpent"},{"not_picked":["Orrery","Snecko Eye"],"picked":"Black Star"}],"items_purged_floors":[],"is_endless":false,"potions_floor_spawned":[5,7,16,24,25,30,37,40,41,47],"ascension_level":0}