{"gold_per_floor":[118,130,141,151,151,151,183,194,263,263,94,394,412,424,424,529,529,549,534,362,373,373,373,373,389,389,389,389,420,420,420,420,420],"floor_reached":33,"playtime":4019,"items_purged":["Strike_G"],"score":269,"play_id":"2ada67a1-a1a2-44d1-919d-fafbfaefe2d0","local_time":"20190824202812","is_ascension_mode":false,"campfire_choices":[{"data":"Neutralize","floor":6.0,"key":"SMITH"},{"data":"Noxious Fumes","floor":10.0,"key":"SMITH"},{"floor":15.0,"key":"REST"},{"data":"Phantasmal Killer","floor":23,"key":"SMITH"},{"floor":30,"key":"REST"},{"floor":32,"key":"REST"}],"neow_cost":"NONE","seed_source_timestamp":74674903804000,"circlet_count":0,"master_deck":["Strike_G+1","Strike_G+1","Strike_G+1","Strike_G+1","Defend_G+1","Defend_G+1","Defend_G+1","Defend_G+1","Defend_G+1","Survivor","Neutralize+1","Dagger Throw","Quick Slash","Acrobatics","Backstab","Adrenaline","Noxious Fumes+1","Leg Sweep","Well Laid Plans","Sucker Punch","Blur","Phantasmal Killer+1","Deflect","Skewer","Quick Slash","Dagger Throw+1","Sucker Punch","Terror"],"special_seed":0,"relics":["Ring of the Snake","Bottled Lightning","Bottled Flame","Old Coin","Lizard Tail","Question Card","Anchor"],"potions_floor_usage":[16,16,19,21,31,33],"damage_taken":[{"damage":0.0,"enemies":"Jaw Worm","floor":1.0,"turns":6.0},{"damage":1.0,"enemies":"Small Slimes","floor":2.0,"turns":3.0},{"damage":0.0,"enemies":"2 Louse","floor":3.0,"turns":3.0},{"damage":0.0,"enemies":"Blue Slaver","floor":4.0,"turns":6.0},{"damage":22.0,"enemies":"Gremlin Nob","floor":7.0,"turns":6.0},{"damage":0.0,"enemies":"Large Slime","floor":8.0,"turns":5.0},{"damage":8.0,"enemies":"Lots of Slimes","floor":13.0,"turns":3.0},{"damage":0.0,"enemies":"3 Louse","floor":14.0,"turns":3.0},{"damage":19,"enemies":"Hexaghost","floor":16,"turns":11},{"damage":0,"enemies":"3 Byrds","floor":18,"turns":5},{"damage":8,"enemies":"2 Thieves","floor":19,"turns":4},{"damage":14,"enemies":"Centurion and Healer","floor":21,"turns":7},{"damage":11,"enemies":"Snake Plant","floor":25,"turns":3},{"damage":46,"enemies":"Gremlin Leader","floor":29,"turns":10},{"damage":0,"enemies":"Chosen and Byrds","floor":31,"turns":1},{"damage":96,"enemies":"Champ","floor":33,"turns":19}],"seed_played":"8198063859036395726","potions_obtained":[{"floor":0.0,"key":"EssenceOfSteel"},{"floor":0.0,"key":"Weak Potion"},{"floor":0.0,"key":"PowerPotion"},{"floor":1.0,"key":"SneckoOil"},{"floor":8.0,"key":"LiquidBronze"},{"floor":16,"key":"PowerPotion"},{"floor":18,"key":"EssenceOfSteel"},{"floor":29,"key":"SmokeBomb"}],"is_trial":false,"path_per_floor":["M","M","M","M","?","R","E","M","T","R","$","?","M","M","R","B",null,"M","M","$","M","?","R","?","M","T","?","?","E","R","M","R","B"],"character_chosen":"THE_SILENT","items_purchased":["Leg Sweep","Well Laid Plans","Sucker Punch","Skewer","Quick Slash"],"campfire_rested":3,"item_purchase_floors":[11,11,11,20,20],"current_hp_per_floor":[70,69,69,69,69,69,47,47,47,47,47,47,39,39,60,41,70,70,62,62,48,48,48,48,37,37,60,60,14,35,35,56,0],"gold":420,"neow_bonus":"THREE_SMALL_POTIONS","is_prod":false,"is_daily":false,"chose_seed":false,"campfire_upgraded":3,"win_rate":0.0,"timestamp":1566692892,"path_taken":["M","M","M","M","?","R","E","M","T","R","$","?","M","M","R","BOSS","M","M","$","M","?","R","?","M","T","?","?","E","R","M","R","BOSS"],"build_version":"2019-07-17","purchased_purges":1,"victory":false,"max_hp_per_floor":[70,70,70,70,70,70,70,70,70,70,70,70,70,70,70,70,70,70,70,70,70,70,70,70,70,70,70,70,70,70,70,70,70],"card_choices":[{"not_picked":["Deadly Poison","Dodge and Roll"],"picked":"Dagger Throw","floor":1.0},{"not_picked":["Bouncing Flask","Poisoned Stab"],"picked":"Quick Slash","floor":2.0},{"not_picked":["Infinite Blades","Prepared"],"picked":"Acrobatics","floor":3.0},{"not_picked":["Eviscerate","Outmaneuver"],"picked":"Backstab","floor":4.0},{"not_picked":["Expertise","Riddle With Holes"],"picked":"Adrenaline","floor":7.0},{"not_picked":["Cloak And Dagger","Tactician"],"picked":"Noxious Fumes","floor":8.0},{"not_picked":["Eviscerate","Flechettes"],"picked":"Blur","floor":13.0},{"not_picked":["PiercingWail","Flechettes","Slice"],"picked":"SKIP","floor":14.0},{"not_picked":["Storm of Steel","Venomology"],"picked":"Phantasmal Killer","floor":16},{"not_picked":["Underhanded Strike","Infinite Blades"],"picked":"Deflect","floor":18},{"not_picked":["Poisoned Stab","Blade Dance","Caltrops"],"picked":"SKIP","floor":19},{"not_picked":["Flying Knee","Quick Slash"],"picked":"Dagger Throw+1","floor":21},{"not_picked":["Leg Sweep","Deflect+1"],"picked":"Sucker Punch","floor":25},{"not_picked":["Poisoned Stab+1","Dagger Throw","Blur"],"picked":"Terror","floor":29}],"player_experience":47066,"relics_obtained":[{"floor":7.0,"key":"Bottled Lightning"},{"floor":9.0,"key":"Bottled Flame"},{"floor":26,"key":"Question Card"},{"floor":29,"key":"Anchor"}],"event_choices":[{"damage_healed":0.0,"max_hp_gain":0.0,"max_hp_loss":0.0,"gold_gain":0.0,"event_name":"The Cleric","player_choice":"Leave","floor":5.0,"gold_loss":0.0,"damage_taken":0.0},{"damage_healed":0.0,"max_hp_gain":0.0,"max_hp_loss":0.0,"gold_gain":0.0,"event_name":"Dead Adventurer","player_choice":"Searched \u00271\u0027 times","floor":12.0,"gold_loss":0.0,"damage_taken":0.0,"relics_obtained":["Old Coin"]},{"damage_healed":0,"gold_gain":0,"player_choice":"Ignored","damage_taken":0,"max_hp_gain":0,"max_hp_loss":0,"event_name":"Ghosts","floor":22,"gold_loss":0},{"damage_healed":0,"gold_gain":0,"player_choice":"Simplicity","damage_taken":0,"max_hp_gain":0,"max_hp_loss":0,"event_name":"Back to Basics","floor":24,"gold_loss":0,"cards_upgraded":["Strike_G","Strike_G","Strike_G","Strike_G","Defend_G","Defend_G","Defend_G","Defend_G","Defend_G"]},{"damage_healed":23,"gold_gain":0,"player_choice":"Heal","damage_taken":0,"max_hp_gain":0,"max_hp_loss":0,"event_name":"The Library","floor":27,"gold_loss":0},{"damage_healed":0,"gold_gain":0,"player_choice":"Ignored","damage_taken":0,"max_hp_gain":0,"max_hp_loss":0,"event_name":"Vampires","floor":28,"gold_loss":0}],"is_beta":false,"boss_relics":[{"not_picked":["Ectoplasm","Coffee Dripper"],"picked":"Lizard Tail"}],"items_purged_floors":[20],"is_endless":false,"potions_floor_spawned":[1,3,8,13,16,18,29,31],"killed_by":"Champ","ascension_level":0}