{"gold_per_floor":[218,70,220,120,136,136,151,151,151,3,37,37,48,48,48,120,120,138,34,34,53,71,71,98,128,140,152,179,191,25,25,25,97,97,110,110,129,4,20,20,50,50,50,50],"floor_reached":44,"playtime":1167,"items_purged":["Strike_B","Doubt","Strike_B"],"score":838,"play_id":"1f903b86-4f3b-4a61-9b3a-393f9ed7c86d","local_time":"20190823202836","is_ascension_mode":true,"campfire_choices":[{"data":"Zap","floor":6.0,"key":"SMITH"},{"data":"Static Discharge","floor":8.0,"key":"SMITH"},{"data":"Fission","floor":12.0,"key":"SMITH"},{"floor":15.0,"key":"REST"},{"floor":23.0,"key":"REST"},{"floor":29,"key":"REST"},{"floor":32,"key":"REST"},{"floor":40,"key":"REST"}],"neow_cost":"NONE","seed_source_timestamp":779476548745856,"circlet_count":0,"master_deck":["AscendersBane","Strike_B","Defend_B","Defend_B","Defend_B","Defend_B","Zap+1","Dualcast","Sweeping Beam","Static Discharge+1","Hologram","Cold Snap","Echo Form","Fission+1","Defragment+1","Capacitor","Doom and Gloom","Defragment+1","Steam","Conserve Battery+1","White Noise","Parasite","Coolheaded","Core Surge","Biased Cognition","Genetic Algorithm","Leap+1","Self Repair","Injury"],"special_seed":0,"relics":["Cracked Core","Cables","Bottled Tornado","Cursed Key","MawBank","Happy Flower","DataDisk","Runic Pyramid","PreservedInsect"],"potions_floor_usage":[24,25,28,39],"damage_taken":[{"damage":0.0,"enemies":"Cultist","floor":1.0,"turns":4.0},{"damage":0.0,"enemies":"2 Louse","floor":5.0,"turns":1.0},{"damage":2.0,"enemies":"Jaw Worm","floor":7.0,"turns":3.0},{"damage":25.0,"enemies":"3 Sentries","floor":11.0,"turns":4.0},{"damage":25.0,"enemies":"Exordium Thugs","floor":13.0,"turns":4.0},{"damage":8.0,"enemies":"Hexaghost","floor":16.0,"turns":9.0},{"damage":7.0,"enemies":"Chosen","floor":18.0,"turns":5.0},{"damage":14.0,"enemies":"Shell Parasite","floor":21.0,"turns":4.0},{"damage":7.0,"enemies":"3 Cultists","floor":22.0,"turns":3.0},{"damage":11,"enemies":"Gremlin Leader","floor":24,"turns":5},{"damage":27,"enemies":"Shelled Parasite and Fungi","floor":25,"turns":4},{"damage":11,"enemies":"Cultist and Chosen","floor":28,"turns":6},{"damage":25,"enemies":"Champ","floor":33,"turns":13},{"damage":23,"enemies":"3 Darklings","floor":35,"turns":4},{"damage":15,"enemies":"3 Shapes","floor":37,"turns":5},{"damage":8,"enemies":"Writhing Mass","floor":39,"turns":8},{"damage":11,"enemies":"Nemesis","floor":41,"turns":9},{"damage":25,"enemies":"4 Shapes","floor":44,"turns":1}],"seed_played":"-4352649431432944114","potions_obtained":[{"floor":1.0,"key":"Swift Potion"},{"floor":13.0,"key":"Block Potion"},{"floor":22.0,"key":"AttackPotion"},{"floor":24,"key":"SkillPotion"},{"floor":25,"key":"FearPotion"},{"floor":33,"key":"Dexterity Potion"},{"floor":37,"key":"Weak Potion"},{"floor":41,"key":"Weak Potion"}],"is_trial":false,"path_per_floor":["M","$","?","$","M","R","M","R","T","$","E","R","M","?","R","B",null,"M","$","?","M","M","R","E","M","T","?","M","R","$","?","R","B",null,"M","?","M","$","M","R","E","$","T","M"],"character_chosen":"DEFECT","items_purchased":["Static Discharge","Echo Form","Capacitor","Doom and Gloom","Coolheaded","DataDisk"],"campfire_rested":5,"item_purchase_floors":[2,10,19,19,30,30],"current_hp_per_floor":[64,64,64,64,64,64,62,62,62,62,37,37,12,5,26,18,58,51,51,51,37,30,51,40,13,13,13,2,23,23,23,44,19,58,35,35,20,20,12,33,22,22,22,0],"gold":50,"neow_bonus":"HUNDRED_GOLD","is_prod":false,"is_daily":false,"chose_seed":false,"campfire_upgraded":3,"win_rate":0,"timestamp":1566606516,"path_taken":["M","$","?","$","M","R","M","R","T","$","E","R","M","?","R","BOSS","M","$","?","?","M","R","E","M","T","?","M","R","?","?","R","BOSS","M","?","M","$","M","R","E","$","T","M"],"build_version":"2019-07-17","purchased_purges":3,"victory":false,"max_hp_per_floor":[71,71,71,71,71,71,71,71,71,71,71,71,71,71,71,71,71,71,71,71,71,71,71,71,71,71,71,71,71,71,71,71,71,71,71,71,71,71,71,71,71,71,71,71],"card_choices":[{"not_picked":["Hologram","Stack"],"picked":"Sweeping Beam","floor":1.0},{"not_picked":["Aggregate","Streamline"],"picked":"Hologram","floor":5.0},{"not_picked":["Gash","Steam"],"picked":"Cold Snap","floor":7.0},{"not_picked":["Skim","Meteor Strike"],"picked":"Fission","floor":11.0},{"not_picked":["Force Field","Beam Cell","Gash"],"picked":"SKIP","floor":13.0},{"not_picked":["Compile Driver","Beam Cell"],"picked":"Defragment+1","floor":18.0},{"not_picked":["Rip and Tear","Rebound"],"picked":"Steam","floor":21.0},{"not_picked":["Turbo","Steam+1"],"picked":"Conserve Battery+1","floor":22.0},{"not_picked":["Cold Snap","Hello World","Barrage"],"picked":"SKIP","floor":24},{"not_picked":["Fusion+1","Stack"],"picked":"White Noise","floor":25},{"not_picked":["Sweeping Beam","Conserve Battery","Barrage"],"picked":"SKIP","floor":28},{"not_picked":["Creative AI","Core Surge"],"picked":"Biased Cognition","floor":33},{"not_picked":["Hologram","Beam Cell+1","Barrage"],"picked":"SKIP","floor":35},{"not_picked":["Steam","Buffer"],"picked":"Genetic Algorithm","floor":37},{"not_picked":["Rebound","Steam"],"picked":"Leap+1","floor":39},{"not_picked":["Go for the Eyes","Conserve Battery"],"picked":"Self Repair","floor":41}],"player_experience":2731563,"relics_obtained":[{"floor":9.0,"key":"Cables"},{"floor":11.0,"key":"Bottled Tornado"},{"floor":24,"key":"MawBank"},{"floor":26,"key":"Happy Flower"},{"floor":41,"key":"PreservedInsect"}],"event_choices":[{"damage_healed":0.0,"max_hp_gain":0.0,"max_hp_loss":0.0,"gold_gain":150.0,"event_name":"Liars Game","player_choice":"AGREE","floor":3.0,"gold_loss":0.0,"damage_taken":0.0,"cards_obtained":["Doubt"]},{"cards_removed":["Strike_B"],"damage_healed":0.0,"max_hp_gain":0.0,"max_hp_loss":0.0,"gold_gain":0.0,"event_name":"Golden Wing","player_choice":"Card Removal","floor":14.0,"gold_loss":0.0,"damage_taken":7.0},{"damage_healed":0.0,"max_hp_gain":0.0,"max_hp_loss":0.0,"gold_gain":0.0,"event_name":"Duplicator","player_choice":"Copied","floor":20.0,"gold_loss":0.0,"damage_taken":0.0,"cards_obtained":["Defragment"]},{"damage_healed":0,"gold_gain":0,"player_choice":"Ignored","damage_taken":0,"max_hp_gain":0,"max_hp_loss":0,"event_name":"The Mausoleum","floor":27,"gold_loss":0},{"damage_healed":0,"gold_gain":0,"player_choice":"Read","damage_taken":0,"max_hp_gain":0,"max_hp_loss":0,"event_name":"The Library","floor":31,"gold_loss":0,"cards_obtained":["Core Surge"]},{"damage_healed":0,"gold_gain":0,"player_choice":"Ignored","damage_taken":0,"max_hp_gain":0,"max_hp_loss":0,"event_name":"Tomb of Lord Red Mask","floor":36,"gold_loss":0}],"is_beta":false,"boss_relics":[{"not_picked":["Black Star","Lizard Tail"],"picked":"Cursed Key"},{"not_picked":["Philosopher\u0027s Stone","Calling Bell"],"picked":"Runic Pyramid"}],"items_purged_floors":[2,4,38],"is_endless":false,"potions_floor_spawned":[1,13,16,22,24,25,33,37,41],"killed_by":"4 Shapes","ascension_level":15}