{"gold_per_floor":[119,132,147,147,2,2,2,15,61,94,94,108,38,54,54,54],"floor_reached":16,"playtime":1077,"items_purged":[],"score":112,"play_id":"774ed5be-eea2-4f47-a56d-c42a3debb905","local_time":"20190107222918","is_ascension_mode":true,"campfire_choices":[{"data":"Neutralize","floor":6,"key":"SMITH"},{"data":"Leg Sweep","floor":11,"key":"SMITH"},{"data":"Bouncing Flask","floor":15,"key":"SMITH"}],"neow_cost":"NONE","seed_source_timestamp":3466796310900,"circlet_count":0,"master_deck":["Defend_G","Defend_G","Defend_G","Defend_G","Defend_G","Strike_G","Strike_G","Strike_G","Strike_G","Strike_G","Survivor","Neutralize+1","Deep Breath","Backstab","Leg Sweep+1","Caltrops","Caltrops","Backflip","Bullet Time","Bouncing Flask+1","Deadly Poison"],"relics":["Ring of the Snake","Bronze Scales","Vajra","Snake Skull","Omamori"],"potions_floor_usage":[],"damage_taken":[{"damage":1,"enemies":"Small Slimes","floor":1,"turns":4},{"damage":0,"enemies":"Jaw Worm","floor":2,"turns":5},{"damage":0,"enemies":"Cultist","floor":3,"turns":4},{"damage":0,"enemies":"Exordium Wildlife","floor":8,"turns":4},{"damage":9,"enemies":"3 Sentries","floor":10,"turns":7},{"damage":1,"enemies":"2 Fungi Beasts","floor":12,"turns":4},{"damage":10,"enemies":"Lots of Slimes","floor":14,"turns":3},{"damage":40,"enemies":"Slime Boss","floor":16,"turns":10}],"seed_played":"6252534895093491427","potions_obtained":[{"floor":1,"key":"FearPotion"},{"floor":10,"key":"LiquidBronze"}],"is_trial":false,"path_per_floor":["M","M","M","?","$","R","$","M","T","E","R","M","$","M","R","B"],"character_chosen":"THE_SILENT","items_purchased":["Vajra","Bouncing Flask"],"campfire_rested":0,"item_purchase_floors":[5,13],"current_hp_per_floor":[69,69,69,57,57,57,57,57,57,48,48,47,47,37,37,0],"gold":54,"neow_bonus":"RANDOM_COLORLESS","is_prod":false,"is_daily":false,"chose_seed":false,"campfire_upgraded":3,"win_rate":0,"timestamp":1546896558,"path_taken":["M","M","M","?","$","R","$","M","T","E","R","M","$","M","R","BOSS"],"build_version":"2019-01-03v4","purchased_purges":0,"victory":false,"max_hp_per_floor":[70,70,70,70,70,70,70,70,70,70,70,70,70,70,70,70],"card_choices":[{"not_picked":["Dodge and Roll","Underhanded Strike"],"picked":"Backstab","floor":1},{"not_picked":["Dagger Spray","Eviscerate"],"picked":"Leg Sweep","floor":2},{"not_picked":["Finisher","Slice"],"picked":"Caltrops","floor":3},{"not_picked":["Slice","Masterful Stab"],"picked":"Caltrops","floor":8},{"not_picked":["Cloak And Dagger","Sucker Punch"],"picked":"Backflip","floor":10},{"not_picked":["Underhanded Strike","Blade Dance"],"picked":"Bullet Time","floor":12},{"not_picked":["Flechettes","Bane"],"picked":"Deadly Poison","floor":14}],"player_experience":155506,"relics_obtained":[{"floor":9,"key":"Snake Skull"},{"floor":10,"key":"Omamori"}],"event_choices":[{"damage_healed":0,"gold_gain":0,"player_choice":"Success","damage_taken":12,"relics_obtained":["Bronze Scales"],"max_hp_gain":0,"max_hp_loss":0,"event_name":"Scrap Ooze","floor":4,"gold_loss":0}],"is_beta":false,"boss_relics":[],"items_purged_floors":[],"is_endless":false,"potions_floor_spawned":[1,10],"killed_by":"Slime Boss","ascension_level":2}