{"gold_per_floor":[19,19,38,57,72,102,114,114,114,189,189,208,95,114,114,209,209,223,239,239,139,159,159],"floor_reached":23,"playtime":1688,"items_purged":["Defend_R","Strike_R"],"score":215,"play_id":"d4c53f29-42ef-4ce6-ae1f-c1bbffb219fd","local_time":"20190822192843","is_ascension_mode":true,"campfire_choices":[{"data":"True Grit","floor":8,"key":"SMITH"},{"data":"Body Slam","floor":15,"key":"SMITH"}],"neow_cost":"NO_GOLD","seed_source_timestamp":628858293712000,"circlet_count":0,"master_deck":["Strike_R","Strike_R","Defend_R","Defend_R","Defend_R","Bash","Metallicize","Warcry+1","True Grit+1","Seeing Red","Power Through","Cleave+1","Impervious","Body Slam+1","Wild Strike","Dual Wield","Anger","Demon Form","Thunderclap","Heavy Blade","Iron Wave"],"relics":["Burning Blood","Meat on the Bone","Darkstone Periapt","Mark of Pain"],"potions_floor_usage":[6,7,16,19,23,23,23],"damage_taken":[{"damage":14,"enemies":"Jaw Worm","floor":1,"turns":6},{"damage":0,"enemies":"Cultist","floor":3,"turns":4},{"damage":9,"enemies":"Small Slimes","floor":4,"turns":5},{"damage":4,"enemies":"Looter","floor":5,"turns":5},{"damage":62,"enemies":"Gremlin Nob","floor":6,"turns":7},{"damage":11,"enemies":"Exordium Thugs","floor":7,"turns":4},{"damage":0,"enemies":"Gremlin Gang","floor":12,"turns":4},{"damage":1,"enemies":"2 Fungi Beasts","floor":14,"turns":3},{"damage":27,"enemies":"Slime Boss","floor":16,"turns":13},{"damage":41,"enemies":"3 Byrds","floor":18,"turns":7},{"damage":1,"enemies":"Spheric Guardian","floor":19,"turns":6},{"damage":29,"enemies":"Snake Plant","floor":22,"turns":4},{"damage":92,"enemies":"Slavers","floor":23,"turns":11}],"seed_played":"-8111818635689764454","potions_obtained":[{"floor":2,"key":"SkillPotion"},{"floor":2,"key":"SkillPotion"},{"floor":2,"key":"Dexterity Potion"},{"floor":6,"key":"Swift Potion"},{"floor":7,"key":"Fire Potion"},{"floor":12,"key":"Block Potion"},{"floor":18,"key":"BloodPotion"},{"floor":22,"key":"BloodPotion"}],"is_trial":false,"path_per_floor":["M","?","M","M","M","E","M","R","T","?","?","M","$","M","R","B",null,"M","M","?","$","M","E"],"character_chosen":"IRONCLAD","items_purchased":["Dual Wield"],"campfire_rested":0,"item_purchase_floors":[13],"current_hp_per_floor":[72,72,78,75,77,21,28,28,28,17,1,19,19,36,36,27,80,57,62,62,62,51,0],"gold":159,"neow_bonus":"TRANSFORM_TWO_CARDS","is_prod":false,"is_daily":false,"chose_seed":false,"campfire_upgraded":2,"win_rate":0,"timestamp":1566494923,"path_taken":["M","?","M","M","?","E","M","R","T","?","?","M","$","?","R","BOSS","M","?","?","$","M","E"],"build_version":"2019-07-17","purchased_purges":2,"victory":false,"max_hp_per_floor":[80,80,80,80,80,80,80,80,80,80,80,80,80,80,80,80,80,80,80,80,80,80,80],"card_choices":[{"not_picked":["Heavy Blade","Sword Boomerang"],"picked":"True Grit","floor":1},{"not_picked":["Heavy Blade","Havoc"],"picked":"Seeing Red","floor":3},{"not_picked":["Heavy Blade","Flex"],"picked":"Power Through","floor":4},{"not_picked":["Body Slam","Rupture"],"picked":"Cleave","floor":5},{"not_picked":["Havoc","True Grit"],"picked":"Impervious","floor":6},{"not_picked":["True Grit","Second Wind"],"picked":"Body Slam","floor":7},{"not_picked":["Hemokinesis","Flex"],"picked":"Wild Strike","floor":12},{"not_picked":["Sever Soul","Carnage"],"picked":"Anger","floor":14},{"not_picked":["Reaper","Brutality"],"picked":"Demon Form","floor":16},{"not_picked":["Clash","Body Slam+1"],"picked":"Thunderclap","floor":18},{"not_picked":["Headbutt","Twin Strike"],"picked":"Heavy Blade","floor":19},{"not_picked":["Dropkick","Havoc"],"picked":"Iron Wave","floor":22}],"player_experience":138768,"relics_obtained":[{"floor":6,"key":"Meat on the Bone"},{"floor":9,"key":"Darkstone Periapt"}],"event_choices":[{"damage_healed":0,"gold_gain":0,"player_choice":"Got Potions","damage_taken":0,"max_hp_gain":0,"max_hp_loss":0,"event_name":"Lab","floor":2,"gold_loss":0},{"damage_healed":0,"gold_gain":75,"player_choice":"Gather Gold","damage_taken":11,"max_hp_gain":0,"max_hp_loss":0,"event_name":"World of Goop","floor":10,"gold_loss":0},{"damage_healed":0,"gold_gain":0,"player_choice":"Entered Light","damage_taken":16,"max_hp_gain":0,"max_hp_loss":0,"event_name":"Shining Light","floor":11,"gold_loss":0,"cards_upgraded":["Warcry","Cleave"]},{"damage_healed":0,"gold_gain":0,"player_choice":"Ignored","damage_taken":0,"max_hp_gain":0,"max_hp_loss":0,"event_name":"Ghosts","floor":20,"gold_loss":0}],"is_beta":false,"boss_relics":[{"not_picked":["Runic Dome","Sozu"],"picked":"Mark of Pain"}],"items_purged_floors":[13,21],"is_endless":false,"potions_floor_spawned":[6,7,12,14,18,22],"killed_by":"Slavers","ascension_level":2}