{"gold_per_floor":[109,121,139,17,17,17,17,29,53,99,111,177,139,166,178,295,307,339,74,94,107,124,124,124,141,141,141,154,169,202,219,219,316,316,329,31,48,48,64,64,64],"floor_reached":41,"playtime":2499,"items_purged":["Strike_R"],"score":447,"play_id":"7b38f1b8-870f-4eee-8340-c955dd8c8e2e","local_time":"20190117181543","is_ascension_mode":false,"campfire_choices":[{"data":"True Grit","floor":6,"key":"SMITH"},{"floor":11,"key":"REST"},{"data":"Juggernaut","floor":15,"key":"SMITH"},{"data":"Metallicize","floor":23,"key":"SMITH"},{"data":"Rage","floor":27,"key":"SMITH"},{"data":"Immolate","floor":32,"key":"SMITH"}],"neow_cost":"NONE","seed_source_timestamp":77281384461900,"circlet_count":0,"master_deck":["Strike_R","Strike_R","Defend_R","Defend_R+1","Defend_R","Defend_R+1","Bash","Juggernaut+1","Thunderclap","Power Through","Uppercut","Rage+1","True Grit+1","Metallicize+1","Shrug It Off","Twin Strike","Immolate+1","Sword Boomerang","Intimidate","Iron Wave","Cleave","Cleave","Combust","Havoc","Metallicize+1","Inflame","Rupture","True Grit","Reaper","Evolve","Reaper","Iron Wave+1"],"relics":["Black Blood","Orichalcum","MawBank","Ancient Tea Set","Red Skull","Strange Spoon","Mercury Hourglass","War Paint","Snecko Eye","Bronze Scales"],"potions_floor_usage":[18,21,30,33,33,39,40],"damage_taken":[{"damage":13,"enemies":"Cultist","floor":1,"turns":6},{"damage":5,"enemies":"2 Louse","floor":2,"turns":3},{"damage":6,"enemies":"Jaw Worm","floor":3,"turns":5},{"damage":7,"enemies":"Blue Slaver","floor":8,"turns":5},{"damage":18,"enemies":"Gremlin Nob","floor":10,"turns":5},{"damage":7,"enemies":"Lots of Slimes","floor":14,"turns":5},{"damage":18,"enemies":"Hexaghost","floor":16,"turns":8},{"damage":15,"enemies":"2 Thieves","floor":18,"turns":4},{"damage":0,"enemies":"Shell Parasite","floor":20,"turns":5},{"damage":6,"enemies":"Sentry and Sphere","floor":21,"turns":5},{"damage":32,"enemies":"Snecko","floor":22,"turns":6},{"damage":9,"enemies":"Shelled Parasite and Fungi","floor":25,"turns":7},{"damage":3,"enemies":"Chosen and Byrds","floor":28,"turns":5},{"damage":6,"enemies":"3 Cultists","floor":29,"turns":4},{"damage":29,"enemies":"Slavers","floor":30,"turns":4},{"damage":4,"enemies":"Sentry and Sphere","floor":31,"turns":4},{"damage":54,"enemies":"Collector","floor":33,"turns":11},{"damage":7,"enemies":"3 Darklings","floor":35,"turns":2},{"damage":4,"enemies":"3 Shapes","floor":37,"turns":2},{"damage":32,"enemies":"3 Darklings","floor":39,"turns":4},{"damage":62,"enemies":"Giant Head","floor":40,"turns":8},{"damage":0,"enemies":"Maw","floor":41,"turns":1}],"seed_played":"6481431649334745837","potions_obtained":[{"floor":1,"key":"Block Potion"},{"floor":3,"key":"Block Potion"},{"floor":14,"key":"Dexterity Potion"},{"floor":18,"key":"SmokeBomb"},{"floor":29,"key":"PowerPotion"},{"floor":30,"key":"AttackPotion"},{"floor":35,"key":"EssenceOfSteel"},{"floor":37,"key":"Fire Potion"},{"floor":39,"key":"FearPotion"}],"is_trial":false,"path_per_floor":["M","M","M","$","?","R","?","M","T","E","R","T","?","M","R","B",null,"M","$","M","M","M","R","?","M","T","R","M","M","E","M","R","B",null,"M","$","M","$","M","E","M"],"character_chosen":"IRONCLAD","items_purchased":["Rage","True Grit","Strange Spoon","Intimidate","Bronze Scales","Evolve"],"campfire_rested":1,"item_purchase_floors":[4,4,19,19,36,36],"current_hp_per_floor":[73,74,74,74,56,56,48,47,47,35,59,59,59,58,58,46,80,75,75,80,80,58,58,58,59,59,59,66,70,51,57,57,13,80,80,80,80,80,58,41,41],"gold":64,"neow_bonus":"ONE_RANDOM_RARE_CARD","is_prod":false,"is_daily":false,"chose_seed":false,"campfire_upgraded":5,"win_rate":0,"timestamp":1547745343,"path_taken":["M","M","M","?","?","R","?","?","T","E","R","?","?","M","R","BOSS","M","$","M","M","M","R","?","M","T","R","M","M","E","M","R","BOSS","M","$","M","$","M","E","?"],"build_version":"2019-01-10","purchased_purges":1,"victory":false,"max_hp_per_floor":[80,80,80,80,80,80,80,80,80,80,80,80,80,80,80,80,80,80,80,80,80,80,80,80,80,80,80,80,80,80,80,80,80,80,80,80,80,80,80,80,80],"card_choices":[{"not_picked":["Rupture","Cleave"],"picked":"Thunderclap","floor":1},{"not_picked":["Twin Strike","Wild Strike"],"picked":"Power Through","floor":2},{"not_picked":["Sword Boomerang","Havoc"],"picked":"Uppercut","floor":3},{"not_picked":["Clothesline","Dark Embrace"],"picked":"Metallicize","floor":8},{"not_picked":["Pommel Strike","Thunderclap"],"picked":"Shrug It Off","floor":10},{"not_picked":["Perfected Strike","Anger"],"picked":"Twin Strike","floor":14},{"not_picked":["Brutality","Dark Embrace"],"picked":"Immolate","floor":16},{"not_picked":["Perfected Strike","Seeing Red"],"picked":"Sword Boomerang","floor":18},{"not_picked":["Wild Strike","Anger+1"],"picked":"Iron Wave","floor":20},{"not_picked":["Intimidate+1","Anger"],"picked":"Cleave","floor":21},{"not_picked":["Twin Strike","Sword Boomerang"],"picked":"Cleave","floor":22},{"not_picked":["Dropkick","Twin Strike"],"picked":"Havoc","floor":25},{"not_picked":["Iron Wave+1","Thunderclap"],"picked":"Metallicize+1","floor":28},{"not_picked":["Clothesline","Warcry"],"picked":"Inflame","floor":29},{"not_picked":["Battle Trance","Searing Blow"],"picked":"Rupture","floor":30},{"not_picked":["Feed","Dropkick+1"],"picked":"True Grit","floor":31},{"not_picked":["Exhume","Dark Embrace"],"picked":"Reaper","floor":33},{"not_picked":["Shrug It Off","Anger","Flex"],"picked":"SKIP","floor":35},{"not_picked":["Thunderclap+1","Twin Strike+1"],"picked":"Reaper","floor":37},{"not_picked":["Thunderclap+1","Feel No Pain+1"],"picked":"Iron Wave+1","floor":39}],"player_experience":178023,"relics_obtained":[{"floor":9,"key":"MawBank"},{"floor":10,"key":"Ancient Tea Set"},{"floor":12,"key":"Red Skull"},{"floor":26,"key":"Mercury Hourglass"},{"floor":30,"key":"War Paint"}],"event_choices":[{"damage_healed":0,"gold_gain":0,"player_choice":"Success","damage_taken":18,"relics_obtained":["Orichalcum"],"max_hp_gain":0,"max_hp_loss":0,"event_name":"Scrap Ooze","floor":5,"gold_loss":0},{"damage_healed":0,"gold_gain":0,"player_choice":"Damaged","damage_taken":8,"max_hp_gain":0,"max_hp_loss":0,"event_name":"Wheel of Change","floor":7,"gold_loss":0},{"cards_removed":["Strike_R"],"damage_healed":0,"gold_gain":0,"player_choice":"Card Removal","damage_taken":0,"max_hp_gain":0,"max_hp_loss":0,"event_name":"The Cleric","floor":13,"gold_loss":50},{"damage_healed":0,"gold_gain":0,"cards_transformed":["Strike_R"],"player_choice":"Transformed","damage_taken":0,"max_hp_gain":0,"max_hp_loss":0,"event_name":"Transmorgrifier","floor":24,"gold_loss":0,"cards_obtained":["Combust"]}],"is_beta":false,"boss_relics":[{"not_picked":["Orrery","Calling Bell"],"picked":"Black Blood"},{"not_picked":["Eternal Feather","Coffee Dripper"],"picked":"Snecko Eye"}],"items_purged_floors":[36],"is_endless":false,"potions_floor_spawned":[1,3,14,18,29,30,31,35,37,39],"killed_by":"Maw","ascension_level":0}