{"gold_per_floor":[112,128,144,17,37,37,54,89,141,166,166,166,185,202,202,305,305,319,319,302,312,331,331,346,346,370,71,83,102,202,220,220,322,322,339,359,4,19,0,0,35,35,35,35,66,66,66,83,83,83],"floor_reached":51,"playtime":6053,"items_purged":["Bash","Strike_R"],"score":723,"play_id":"45d97594-4d04-4aad-a60d-fd9a3e2cba11","local_time":"20181226152633","is_ascension_mode":false,"campfire_choices":[{"data":"Body Slam","floor":6,"key":"SMITH"},{"data":"Rage","floor":11,"key":"SMITH"},{"data":"Armaments","floor":15,"key":"SMITH"},{"floor":23,"key":"REST"},{"data":"Iron Wave","floor":25,"key":"SMITH"},{"floor":32,"key":"REST"},{"floor":40,"key":"REST"},{"data":"Body Slam","floor":42,"key":"SMITH"},{"data":"Seeing Red","floor":44,"key":"SMITH"},{"data":"Entrench","floor":49,"key":"SMITH"}],"neow_cost":"NONE","seed_source_timestamp":4670336617500,"circlet_count":0,"master_deck":["Strike_R+1","Strike_R+1","Defend_R+1","Defend_R","Defend_R","Defend_R","Flex","Twin Strike","Iron Wave+1","Shrug It Off","Body Slam+1","Flame Barrier+1","Intimidate","Rage+1","Metallicize","Armaments+1","Demon Form","Thunderclap+1","Warcry+1","Iron Wave","Body Slam+1","Shrug It Off","Metallicize","Seeing Red+1","Barricade","Body Slam+1","Flame Barrier+1","Entrench+1"],"relics":["Burning Blood","Thread and Needle","Pen Nib","Paper Frog","Empty Cage","Juzu Bracelet","Anchor","Charon\u0027s Ashes","Gremlin Horn","Runic Cube","Kunai","Red Mask","Centennial Puzzle","Frozen Egg 2","Darkstone Periapt"],"potions_floor_usage":[8,8,16,30,30,33,50,50],"damage_taken":[{"damage":2,"enemies":"Cultist","floor":1,"turns":4},{"damage":3,"enemies":"Small Slimes","floor":2,"turns":4},{"damage":5,"enemies":"2 Louse","floor":3,"turns":3},{"damage":0,"enemies":"Red Slaver","floor":5,"turns":5},{"damage":4,"enemies":"Large Slime","floor":7,"turns":6},{"damage":0,"enemies":"Gremlin Nob","floor":8,"turns":3},{"damage":9,"enemies":"Lagavulin","floor":10,"turns":8},{"damage":0,"enemies":"3 Louse","floor":13,"turns":2},{"damage":0,"enemies":"Exordium Wildlife","floor":14,"turns":3},{"damage":21,"enemies":"The Guardian","floor":16,"turns":16},{"damage":43,"enemies":"Chosen","floor":18,"turns":9},{"damage":0,"enemies":"2 Thieves","floor":20,"turns":4},{"damage":5,"enemies":"Snake Plant","floor":21,"turns":5},{"damage":0,"enemies":"3 Cultists","floor":22,"turns":7},{"damage":13,"enemies":"Chosen and Byrds","floor":24,"turns":7},{"damage":0,"enemies":"Centurion and Healer","floor":28,"turns":8},{"damage":10,"enemies":"Shelled Parasite and Fungi","floor":29,"turns":8},{"damage":1,"enemies":"Colosseum Slavers","floor":30,"turns":5},{"damage":55,"enemies":"Colosseum Nobs","floor":30,"turns":8},{"damage":2,"enemies":"Snake Plant","floor":31,"turns":6},{"damage":49,"enemies":"Champ","floor":33,"turns":13},{"damage":0,"enemies":"3 Shapes","floor":35,"turns":5},{"damage":15,"enemies":"Orb Walker","floor":36,"turns":6},{"damage":31,"enemies":"Transient","floor":38,"turns":5},{"damage":7,"enemies":"Nemesis","floor":41,"turns":9},{"damage":2,"enemies":"Reptomancer","floor":45,"turns":9},{"damage":13,"enemies":"Writhing Mass","floor":48,"turns":6},{"damage":14,"enemies":"Awakened One","floor":50,"turns":9}],"seed_played":"7468619809464468714","potions_obtained":[{"floor":5,"key":"AttackPotion"},{"floor":7,"key":"Poison Potion"},{"floor":13,"key":"Regen Potion"},{"floor":16,"key":"AttackPotion"},{"floor":18,"key":"Poison Potion"},{"floor":30,"key":"FearPotion"},{"floor":33,"key":"Dexterity Potion"},{"floor":35,"key":"SpeedPotion"}],"is_trial":false,"path_per_floor":["M","M","M","$","M","R","M","E","T","E","R","?","M","M","R","B",null,"M","?","M","M","M","R","M","R","T","$","M","M","?","M","R","B",null,"M","M","$","M","?","R","E","R","T","R","E","$","?","M","R","B",null],"character_chosen":"IRONCLAD","items_purchased":["Shrug It Off","Anchor","SpeedPotion","FairyPotion","Kunai"],"campfire_rested":3,"item_purchase_floors":[4,27,27,27,37],"current_hp_per_floor":[80,80,80,80,80,80,80,80,80,77,77,61,67,73,73,73,80,43,43,49,50,56,80,73,73,73,73,79,75,31,35,59,16,80,80,71,71,46,46,70,69,69,69,69,73,73,73,66,66,58],"gold":83,"neow_bonus":"UPGRADE_CARD","is_prod":false,"is_daily":false,"chose_seed":false,"campfire_upgraded":7,"win_rate":0.0,"timestamp":1545834393,"path_taken":["M","M","?","$","M","R","M","E","T","E","R","?","M","M","R","BOSS","M","?","M","M","M","R","M","R","T","$","M","M","?","M","R","BOSS","M","M","$","M","?","R","E","R","T","R","E","$","?","M","R","BOSS"],"build_version":"2018-12-20","purchased_purges":2,"victory":true,"max_hp_per_floor":[80,80,80,80,80,80,80,80,80,80,80,80,80,80,80,80,80,80,80,80,80,80,80,80,80,80,80,80,80,80,80,80,80,80,80,80,80,80,80,80,80,80,80,80,80,80,80,80,80,80],"card_choices":[{"not_picked":["Clothesline","Inflame"],"picked":"Flex","floor":1},{"not_picked":["Rupture","Infernal Blade"],"picked":"Twin Strike","floor":2},{"not_picked":["Pummel","Clash"],"picked":"Iron Wave","floor":3},{"not_picked":["Flex","Anger"],"picked":"Body Slam","floor":5},{"not_picked":["Whirlwind","Combust"],"picked":"Flame Barrier","floor":7},{"not_picked":["Bloodletting","Thunderclap"],"picked":"Intimidate","floor":8},{"not_picked":["Clash","Clothesline"],"picked":"Rage","floor":10},{"not_picked":["Brutality","Hemokinesis"],"picked":"Metallicize","floor":13},{"not_picked":["Heavy Blade","Flame Barrier"],"picked":"Armaments","floor":14},{"not_picked":["Fiend Fire","Dark Embrace"],"picked":"Demon Form","floor":16},{"not_picked":["Battle Trance","Dual Wield","Clothesline"],"picked":"SKIP","floor":18},{"not_picked":["Sword Boomerang","Flex+1"],"picked":"Thunderclap+1","floor":20},{"not_picked":["Uppercut","Shrug It Off"],"picked":"Warcry+1","floor":21},{"not_picked":["Blood for Blood","Whirlwind","Clash+1"],"picked":"SKIP","floor":22},{"not_picked":["Heavy Blade+1","Seeing Red"],"picked":"Iron Wave","floor":24},{"not_picked":["Clothesline+1","Flex"],"picked":"Body Slam","floor":28},{"not_picked":["Heavy Blade","Headbutt"],"picked":"Shrug It Off","floor":29},{"not_picked":["Perfected Strike","Fire Breathing"],"picked":"Metallicize","floor":30},{"not_picked":["Carnage","Rampage"],"picked":"Seeing Red","floor":31},{"not_picked":["Juggernaut","Dark Embrace"],"picked":"Barricade","floor":33},{"not_picked":["Warcry+1","Spot Weakness+1"],"picked":"Body Slam+1","floor":35},{"not_picked":["Dropkick","Flex"],"picked":"Corruption+1","floor":36},{"not_picked":["Pommel Strike","Blood for Blood+1"],"picked":"Flame Barrier+1","floor":38},{"not_picked":["Thunderclap","Disarm","Clash+1"],"picked":"SKIP","floor":41},{"not_picked":["Rampage","Cleave","Shrug It Off+1"],"picked":"SKIP","floor":45},{"not_picked":["Armaments","Searing Blow+1"],"picked":"Entrench","floor":48}],"player_experience":21462,"relics_obtained":[{"floor":8,"key":"Thread and Needle"},{"floor":9,"key":"Pen Nib"},{"floor":10,"key":"Paper Frog"},{"floor":26,"key":"Juzu Bracelet"},{"floor":30,"key":"Charon\u0027s Ashes"},{"floor":30,"key":"Gremlin Horn"},{"floor":41,"key":"Centennial Puzzle"},{"floor":43,"key":"Frozen Egg 2"},{"floor":45,"key":"Darkstone Periapt"}],"event_choices":[{"damage_healed":0,"gold_gain":0,"player_choice":"Entered Light","damage_taken":16,"max_hp_gain":0,"max_hp_loss":0,"event_name":"Shining Light","floor":12,"gold_loss":0,"cards_upgraded":["Strike_R","Strike_R"]},{"damage_healed":0,"gold_gain":0,"player_choice":"Forge","damage_taken":0,"max_hp_gain":0,"max_hp_loss":0,"event_name":"Accursed Blacksmith","floor":19,"gold_loss":0,"cards_upgraded":["Flame Barrier"]},{"damage_healed":0,"gold_gain":0,"player_choice":"Fight","damage_taken":0,"max_hp_gain":0,"max_hp_loss":0,"event_name":"Colosseum","floor":30,"gold_loss":0},{"damage_healed":0,"gold_gain":0,"player_choice":"Fought Nobs","damage_taken":0,"max_hp_gain":0,"max_hp_loss":0,"event_name":"Colosseum","floor":30,"gold_loss":0},{"damage_healed":0,"gold_gain":0,"player_choice":"Paid","damage_taken":0,"relics_obtained":["Red Mask"],"max_hp_gain":0,"max_hp_loss":0,"event_name":"Tomb of Lord Red Mask","floor":39,"gold_loss":19},{"cards_removed":["Corruption"],"damage_healed":0,"gold_gain":0,"player_choice":"Removed Power","damage_taken":0,"max_hp_gain":0,"max_hp_loss":0,"event_name":"Falling","floor":47,"gold_loss":0}],"is_beta":false,"boss_relics":[{"not_picked":["Cursed Key","Ectoplasm"],"picked":"Empty Cage"},{"not_picked":["Eternal Feather","Orrery"],"picked":"Runic Cube"}],"items_purged_floors":[4,37],"is_endless":false,"potions_floor_spawned":[5,7,13,16,18,28,30,30,33,35,38,41],"ascension_level":0}