{"gold_per_floor":[110,110,127,127,144,179,179,190,217,251,39,49,59,75,75,75],"floor_reached":16,"playtime":1095,"items_purged":["Strike_G"],"score":114,"play_id":"eb89303c-5420-41ab-b827-edfaae78a640","local_time":"20181226155745","is_ascension_mode":false,"campfire_choices":[{"data":"PiercingWail","floor":7,"key":"SMITH"},{"floor":15,"key":"REST"}],"neow_cost":"NONE","seed_source_timestamp":11620788144800,"circlet_count":0,"master_deck":["Defend_G","Defend_G","Defend_G","Defend_G","Strike_G","Strike_G","Strike_G","Strike_G","Survivor","Neutralize","Poisoned Stab","Distraction","PiercingWail+1","Terror","Bouncing Flask","Poisoned Stab","Finesse","Deflect","Dagger Spray","Bouncing Flask","Deflect"],"relics":["Ring of the Snake","NeowsBlessing","Happy Flower","Strawberry","Vajra"],"potions_floor_usage":[16],"damage_taken":[{"damage":0,"enemies":"2 Louse","floor":1,"turns":1},{"damage":0,"enemies":"Cultist","floor":3,"turns":1},{"damage":0,"enemies":"Small Slimes","floor":5,"turns":1},{"damage":10,"enemies":"Gremlin Nob","floor":6,"turns":4},{"damage":6,"enemies":"Looter","floor":8,"turns":4},{"damage":33,"enemies":"3 Sentries","floor":10,"turns":8},{"damage":2,"enemies":"Exordium Wildlife","floor":12,"turns":6},{"damage":0,"enemies":"Blue Slaver","floor":13,"turns":3},{"damage":8,"enemies":"2 Fungi Beasts","floor":14,"turns":4},{"damage":33,"enemies":"Slime Boss","floor":16,"turns":6}],"seed_played":"3115937975987383590","potions_obtained":[{"floor":1,"key":"SkillPotion"},{"floor":5,"key":"PowerPotion"},{"floor":6,"key":"FearPotion"}],"is_trial":false,"path_per_floor":["M","?","M","?","M","E","R","M","T","E","$","M","M","M","R","B"],"character_chosen":"THE_SILENT","items_purchased":["Finesse","Deflect"],"campfire_rested":1,"item_purchase_floors":[11,11],"current_hp_per_floor":[70,70,70,63,63,53,53,47,54,21,21,19,19,11,34,1],"gold":75,"neow_bonus":"THREE_ENEMY_KILL","is_prod":false,"is_daily":false,"chose_seed":false,"campfire_upgraded":1,"win_rate":0.0,"timestamp":1545836265,"path_taken":["M","?","?","?","M","E","R","M","T","E","$","M","M","M","R","BOSS"],"build_version":"2018-12-20","purchased_purges":1,"victory":false,"max_hp_per_floor":[70,70,70,70,70,70,70,70,77,77,77,77,77,77,77,77],"card_choices":[{"not_picked":["Masterful Stab","Blade Dance"],"picked":"Poisoned Stab","floor":1},{"not_picked":["Choke","Dagger Throw"],"picked":"Distraction","floor":3},{"not_picked":["Underhanded Strike","Dagger Throw"],"picked":"PiercingWail","floor":5},{"not_picked":["Tactician","All Out Attack"],"picked":"Terror","floor":6},{"not_picked":["Deadly Poison","Leg Sweep"],"picked":"Bouncing Flask","floor":8},{"not_picked":["Distraction","Slice"],"picked":"Poisoned Stab","floor":10},{"not_picked":["Reflex","Sucker Punch"],"picked":"Dagger Spray","floor":12},{"not_picked":["Poisoned Stab","Backflip"],"picked":"Bouncing Flask","floor":13},{"not_picked":["Outmaneuver","After Image"],"picked":"Deflect","floor":14}],"player_experience":28110,"relics_obtained":[{"floor":6,"key":"Happy Flower"},{"floor":9,"key":"Strawberry"},{"floor":10,"key":"Vajra"}],"event_choices":[{"damage_healed":0,"gold_gain":0,"player_choice":"Full Heal","damage_taken":0,"max_hp_gain":0,"max_hp_loss":0,"event_name":"Wheel of Change","floor":2,"gold_loss":0},{"cards_removed":["Defend_G"],"damage_healed":0,"gold_gain":0,"player_choice":"Card Removal","damage_taken":7,"max_hp_gain":0,"max_hp_loss":0,"event_name":"Golden Wing","floor":4,"gold_loss":0}],"is_beta":false,"boss_relics":[],"items_purged_floors":[11],"is_endless":false,"potions_floor_spawned":[1,5,6,13,14],"killed_by":"Slime Boss","ascension_level":0}