{"gold_per_floor":[114,189,204,89,104,104,119,149,199,199,200,215,230,82,82,182,182,197,212,87,102,102,102,132,132,207,222,222,222],"floor_reached":29,"playtime":1113,"items_purged":["Strike_B","Strike_B","Strike_B"],"score":270,"play_id":"a3ddd220-b3c1-4d1e-8dec-285af70abf9d","local_time":"20190823094652","daily_mods":["Cursed Run","Uncertain Future","DeadlyEvents"],"is_ascension_mode":false,"campfire_choices":[{"data":"Defragment","floor":6,"key":"SMITH"},{"floor":10,"key":"REST"},{"floor":15,"key":"REST"},{"floor":23,"key":"REST"},{"floor":25,"key":"REST"}],"neow_cost":"","seed_source_timestamp":0,"circlet_count":0,"master_deck":["Strike_B","Defend_B","Defend_B","Defend_B","Defend_B","Zap+1","Dualcast","Defragment+1","Loop","Ball Lightning","Seek+1","Compile Driver","Parasite","FTL","Redo","Gash","Gash","Clumsy","Rainbow","Redo+1","Ball Lightning+1","Go for the Eyes","Beam Cell","Decay","Coolheaded"],"special_seed":18131,"relics":["Cursed Key","Darkstone Periapt","Du-Vu Doll","Bottled Flame","Blood Vial","Odd Mushroom","Sozu","War Paint","Matryoshka"],"potions_floor_usage":[],"damage_taken":[{"damage":1,"enemies":"Jaw Worm","floor":1,"turns":3},{"damage":2,"enemies":"Small Slimes","floor":3,"turns":4},{"damage":0,"enemies":"2 Louse","floor":5,"turns":2},{"damage":10,"enemies":"2 Fungi Beasts","floor":7,"turns":3},{"damage":29,"enemies":"Gremlin Nob","floor":8,"turns":4},{"damage":15,"enemies":"The Mushroom Lair","floor":11,"turns":4},{"damage":2,"enemies":"Blue Slaver","floor":12,"turns":2},{"damage":3,"enemies":"Gremlin Gang","floor":13,"turns":4},{"damage":4,"enemies":"Slime Boss","floor":16,"turns":7},{"damage":12,"enemies":"Shell Parasite","floor":18,"turns":4},{"damage":21,"enemies":"2 Thieves","floor":19,"turns":4},{"damage":18,"enemies":"Sentry and Sphere","floor":21,"turns":4},{"damage":44,"enemies":"Slavers","floor":24,"turns":5},{"damage":15,"enemies":"Chosen and Byrds","floor":27,"turns":5},{"damage":35,"enemies":"Colosseum Slavers","floor":28,"turns":4},{"damage":15,"enemies":"Book of Stabbing","floor":29,"turns":3}],"seed_played":"2764095048026629251","potions_obtained":[{"floor":3,"key":"SneckoOil"},{"floor":7,"key":"Explosive Potion"},{"floor":13,"key":"SpeedPotion"}],"is_trial":false,"path_per_floor":["M","?","M","$","M","R","M","E","T","R","?","M","M","$","R","B",null,"M","M","$","M","?","R","E","R","T","M","?","E"],"character_chosen":"DEFECT","items_purchased":["Loop","Gash"],"campfire_rested":4,"item_purchase_floors":[4,14],"current_hp_per_floor":[74,63,61,61,61,61,51,22,28,52,39,39,38,38,62,66,87,75,56,56,40,40,66,24,50,56,43,10,0],"gold":222,"neow_bonus":"","is_prod":false,"is_daily":true,"chose_seed":false,"campfire_upgraded":1,"win_rate":0,"timestamp":1566546412,"path_taken":["M","?","M","$","M","R","M","E","T","R","?","M","M","?","R","BOSS","M","M","$","M","?","R","E","R","T","M","?","?"],"build_version":"2019-07-17","purchased_purges":3,"victory":false,"max_hp_per_floor":[75,75,75,75,75,75,75,75,81,81,81,81,81,81,81,87,87,87,87,87,87,87,87,87,87,93,93,93,93],"card_choices":[{"not_picked":["Go for the Eyes","Redo"],"picked":"Defragment","floor":1},{"not_picked":["Stack","Streamline","Hello World"],"picked":"SKIP","floor":3},{"not_picked":["Compile Driver","Rebound"],"picked":"Ball Lightning","floor":5},{"not_picked":["Tempest","Steam"],"picked":"Seek","floor":7},{"not_picked":["Doom and Gloom","Double Energy"],"picked":"Compile Driver","floor":8},{"not_picked":["Blizzard","Redo"],"picked":"FTL","floor":11},{"not_picked":["Fusion","Ball Lightning"],"picked":"Redo","floor":12},{"not_picked":["Consume","Coolheaded"],"picked":"Gash","floor":13},{"not_picked":["Buffer","Hyperbeam"],"picked":"Rainbow","floor":16},{"not_picked":["Go for the Eyes","Compile Driver"],"picked":"Redo+1","floor":18},{"not_picked":["Hologram","Redo"],"picked":"Ball Lightning+1","floor":19},{"not_picked":["Darkness","Undo"],"picked":"Go for the Eyes","floor":21},{"not_picked":["Aggregate","Sweeping Beam"],"picked":"Beam Cell","floor":24},{"not_picked":["Scrape","Ball Lightning"],"picked":"Coolheaded","floor":27}],"player_experience":341970,"relics_obtained":[{"floor":8,"key":"Bottled Flame"},{"floor":9,"key":"Blood Vial"},{"floor":11,"key":"Odd Mushroom"},{"floor":24,"key":"War Paint"},{"floor":26,"key":"Matryoshka"}],"event_choices":[{"damage_healed":0,"gold_gain":75,"player_choice":"Gather Gold","damage_taken":11,"max_hp_gain":0,"max_hp_loss":0,"event_name":"World of Goop","floor":2,"gold_loss":0},{"damage_healed":0,"gold_gain":0,"player_choice":"Fought Mushrooms","damage_taken":0,"max_hp_gain":0,"max_hp_loss":0,"event_name":"Mushrooms","floor":11,"gold_loss":0},{"damage_healed":0,"gold_gain":0,"player_choice":"Ignored","damage_taken":0,"max_hp_gain":0,"max_hp_loss":0,"event_name":"The Mausoleum","floor":22,"gold_loss":0},{"damage_healed":0,"gold_gain":0,"player_choice":"Fight","damage_taken":0,"max_hp_gain":0,"max_hp_loss":0,"event_name":"Colosseum","floor":28,"gold_loss":0},{"damage_healed":0,"gold_gain":0,"player_choice":"Fled From Nobs","damage_taken":0,"max_hp_gain":0,"max_hp_loss":0,"event_name":"Colosseum","floor":28,"gold_loss":0}],"is_beta":false,"boss_relics":[{"not_picked":["Lizard Tail","Coffee Dripper"],"picked":"Sozu"}],"items_purged_floors":[4,14,20],"is_endless":false,"potions_floor_spawned":[3,7,13,18,19,24,28],"killed_by":"Book of Stabbing","ascension_level":0}