{"gold_per_floor":[117,117,128,47,47,47,62,96,96,109,124,153,328,347,347,452,452,472,490,61,71,81,109,119,144,144,144,169,189,189,199,199,296,296,310,310,63,63,163,163,188,204,204,204,204],"floor_reached":45,"playtime":2436,"items_purged":["Strike_B"],"score":520,"play_id":"5dbc9fa9-0ea5-4360-aca2-64e8b8857df0","local_time":"20190823213213","is_ascension_mode":false,"campfire_choices":[{"data":"Defragment","floor":6,"key":"SMITH"},{"data":"Capacitor","floor":15,"key":"SMITH"},{"data":"Conserve Battery","floor":27,"key":"SMITH"},{"data":"Creative AI","floor":30,"key":"SMITH"},{"floor":32,"key":"REST"},{"data":"Defragment","floor":40,"key":"SMITH"},{"data":"Electrodynamics","floor":44,"key":"SMITH"}],"neow_cost":"NONE","seed_source_timestamp":728929825500,"circlet_count":0,"master_deck":["Strike_B","Strike_B","Defend_B","Defend_B","Defend_B","Defend_B","Zap+1","Dualcast","Go for the Eyes","Defragment+1","Ball Lightning","Cold Snap","Machine Learning","Storm","Storm","Doubt","Capacitor+1","Echo Form","Heatsinks","Redo","Loop","Fusion","Double Energy","Conserve Battery+1","Ball Lightning","Electrodynamics+1","Coolheaded+1","Chill","Creative AI+1","Leap","Defragment+1","Thunder Strike","Stack","Writhe","Capacitor+1","Cold Snap+1","Doubt"],"relics":["Cracked Core","Girya","Calipers","Cables","Bird Faced Urn","Orrery","ClockworkSouvenir","Anchor","Ginger","Juzu Bracelet","Du-Vu Doll","Red Mask","Cursed Key","Symbiotic Virus","Torii","Mercury Hourglass"],"potions_floor_usage":[8,23,25,25,33,45,45],"damage_taken":[{"damage":0,"enemies":"Small Slimes","floor":1,"turns":3},{"damage":1,"enemies":"Jaw Worm","floor":3,"turns":3},{"damage":0,"enemies":"Cultist","floor":7,"turns":3},{"damage":4,"enemies":"Gremlin Nob","floor":8,"turns":3},{"damage":8,"enemies":"Large Slime","floor":10,"turns":4},{"damage":8,"enemies":"Blue Slaver","floor":11,"turns":2},{"damage":14,"enemies":"3 Sentries","floor":12,"turns":5},{"damage":2,"enemies":"2 Fungi Beasts","floor":14,"turns":3},{"damage":22,"enemies":"Hexaghost","floor":16,"turns":7},{"damage":31,"enemies":"Chosen","floor":18,"turns":5},{"damage":23,"enemies":"Shell Parasite","floor":19,"turns":4},{"damage":2,"enemies":"Snake Plant","floor":21,"turns":4},{"damage":17,"enemies":"Centurion and Healer","floor":22,"turns":7},{"damage":9,"enemies":"Gremlin Leader","floor":23,"turns":6},{"damage":28,"enemies":"3 Cultists","floor":24,"turns":4},{"damage":17,"enemies":"Slavers","floor":25,"turns":4},{"damage":21,"enemies":"Masked Bandits","floor":28,"turns":4},{"damage":15,"enemies":"Shelled Parasite and Fungi","floor":29,"turns":6},{"damage":10,"enemies":"Snecko","floor":31,"turns":5},{"damage":8,"enemies":"Champ","floor":33,"turns":10},{"damage":0,"enemies":"3 Darklings","floor":35,"turns":3},{"damage":7,"enemies":"Mind Bloom Boss Battle","floor":39,"turns":6},{"damage":25,"enemies":"Reptomancer","floor":41,"turns":6},{"damage":32,"enemies":"3 Shapes","floor":42,"turns":6},{"damage":54,"enemies":"2 Orb Walkers","floor":45,"turns":5}],"seed_played":"-5522511943960214021","potions_obtained":[{"floor":0,"key":"Poison Potion"},{"floor":0,"key":"Weak Potion"},{"floor":0,"key":"Ancient Potion"},{"floor":10,"key":"AttackPotion"},{"floor":24,"key":"Block Potion"},{"floor":29,"key":"FocusPotion"},{"floor":31,"key":"EssenceOfSteel"},{"floor":39,"key":"Poison Potion"}],"is_trial":false,"path_per_floor":["M","?","M","?","$","R","M","E","T","M","M","E","?","M","R","B",null,"M","M","$","M","M","E","M","E","T","R","?","M","R","M","R","B",null,"M","?","$","?","?","R","E","M","T","R","?"],"character_chosen":"DEFECT","items_purchased":["ClockworkSouvenir","Anchor","Symbiotic Virus"],"campfire_rested":1,"item_purchase_floors":[20,20,37],"current_hp_per_floor":[75,75,74,74,74,74,74,70,70,62,54,40,40,42,42,30,75,52,41,41,53,56,63,47,36,36,36,23,18,18,24,46,72,75,75,75,75,75,75,75,58,40,40,40,0],"gold":204,"neow_bonus":"THREE_SMALL_POTIONS","is_prod":false,"is_daily":false,"chose_seed":false,"campfire_upgraded":6,"win_rate":0,"timestamp":1566588733,"path_taken":["M","?","M","?","$","R","?","E","T","M","M","E","?","M","R","BOSS","M","M","$","M","M","E","M","E","T","R","?","M","R","M","R","BOSS","M","?","$","?","?","R","E","M","T","R","?"],"build_version":"2019-07-17","purchased_purges":1,"victory":false,"max_hp_per_floor":[75,75,75,75,75,75,75,75,75,75,75,75,75,75,75,75,75,75,75,75,75,75,75,75,75,75,75,75,75,75,75,75,75,75,75,75,75,75,75,75,75,75,75,75,75],"card_choices":[{"not_picked":["Steam","Self Repair"],"picked":"Go for the Eyes","floor":1},{"not_picked":["Coolheaded","Glacier"],"picked":"Defragment","floor":3},{"not_picked":["Gash","Turbo"],"picked":"Ball Lightning","floor":7},{"not_picked":["Conserve Battery","Reprogram"],"picked":"Cold Snap","floor":8},{"not_picked":["Hologram","Stack"],"picked":"Machine Learning","floor":10},{"not_picked":["Hello World","Stack"],"picked":"Storm","floor":11},{"not_picked":["Gash","Heatsinks"],"picked":"Storm","floor":12},{"not_picked":["Loop","Lockon"],"picked":"Capacitor","floor":14},{"not_picked":["All For One","Rainbow"],"picked":"Echo Form","floor":16},{"not_picked":["Beam Cell","Go for the Eyes"],"picked":"Heatsinks","floor":17},{"not_picked":["Steam","Compile Driver"],"picked":"Redo","floor":17},{"not_picked":["Hologram","Storm"],"picked":"Loop","floor":17},{"not_picked":["Hologram","Compile Driver"],"picked":"Fusion","floor":17},{"not_picked":["Recycle","Hologram"],"picked":"Double Energy","floor":17},{"not_picked":["Lockon","Scrape","Chaos"],"picked":"SKIP","floor":18},{"not_picked":["Compile Driver","Barrage"],"picked":"Conserve Battery","floor":19},{"not_picked":["Gash+1","Static Discharge"],"picked":"Ball Lightning","floor":21},{"not_picked":["Storm","Fusion+1","Rip and Tear+1"],"picked":"SKIP","floor":22},{"not_picked":["Genetic Algorithm","Turbo"],"picked":"Electrodynamics","floor":23},{"not_picked":["Streamline+1","Heatsinks+1"],"picked":"Coolheaded+1","floor":24},{"not_picked":["Capacitor","Go for the Eyes"],"picked":"Chill","floor":25},{"not_picked":["Rebound+1","Blizzard+1"],"picked":"Creative AI","floor":28},{"not_picked":["Skim+1","Capacitor"],"picked":"Leap","floor":29},{"not_picked":["Hello World","Gash+1"],"picked":"Defragment","floor":31},{"not_picked":["Hyperbeam","Meteor Strike"],"picked":"Thunder Strike","floor":33},{"not_picked":["Ball Lightning+1","Scrape"],"picked":"Stack","floor":35},{"not_picked":["Steam","Sweeping Beam+1"],"picked":"Capacitor+1","floor":39},{"not_picked":["Steam+1","Go for the Eyes+1"],"picked":"Cold Snap+1","floor":41},{"not_picked":["Rebound+1","Coolheaded","Machine Learning"],"picked":"SKIP","floor":42}],"player_experience":325260,"relics_obtained":[{"floor":8,"key":"Calipers"},{"floor":9,"key":"Cables"},{"floor":12,"key":"Bird Faced Urn"},{"floor":23,"key":"Ginger"},{"floor":25,"key":"Juzu Bracelet"},{"floor":26,"key":"Du-Vu Doll"},{"floor":28,"key":"Red Mask"},{"floor":39,"key":"Torii"},{"floor":41,"key":"Mercury Hourglass"}],"event_choices":[{"damage_healed":0,"gold_gain":0,"player_choice":"Grow","damage_taken":0,"max_hp_gain":0,"max_hp_loss":0,"event_name":"Living Wall","floor":2,"gold_loss":0,"cards_upgraded":["Zap"]},{"damage_healed":0,"gold_gain":0,"player_choice":"Paid Gold","damage_taken":0,"relics_obtained":["Girya"],"max_hp_gain":0,"max_hp_loss":0,"event_name":"WeMeetAgain","floor":4,"gold_loss":81},{"damage_healed":0,"gold_gain":175,"player_choice":"AGREE","damage_taken":0,"max_hp_gain":0,"max_hp_loss":0,"event_name":"Liars Game","floor":13,"gold_loss":0,"cards_obtained":["Doubt"]},{"damage_healed":0,"gold_gain":0,"player_choice":"Fought Bandits","damage_taken":0,"max_hp_gain":0,"max_hp_loss":0,"event_name":"Masked Bandits","floor":28,"gold_loss":0},{"damage_healed":19,"gold_gain":0,"player_choice":"Writhe","damage_taken":0,"max_hp_gain":0,"max_hp_loss":0,"event_name":"Winding Halls","floor":36,"gold_loss":0,"cards_obtained":["Writhe"]},{"cards_removed":["Strike_B"],"damage_healed":0,"gold_gain":0,"player_choice":"Removed Attack","damage_taken":0,"max_hp_gain":0,"max_hp_loss":0,"event_name":"Falling","floor":38,"gold_loss":0},{"damage_healed":0,"gold_gain":0,"player_choice":"Fight","damage_taken":0,"max_hp_gain":0,"max_hp_loss":0,"event_name":"MindBloom","floor":39,"gold_loss":0},{"damage_healed":0,"gold_gain":0,"player_choice":"Fight","damage_taken":0,"max_hp_gain":0,"max_hp_loss":0,"event_name":"Mysterious Sphere","floor":45,"gold_loss":0}],"is_beta":false,"boss_relics":[{"not_picked":["Calling Bell","Snecko Eye"],"picked":"Orrery"},{"not_picked":["Empty Cage","Astrolabe"],"picked":"Cursed Key"}],"items_purged_floors":[20],"is_endless":false,"potions_floor_spawned":[3,10,11,18,24,29,31,39,42],"killed_by":"2 Orb Walkers","ascension_level":0}