{"gold_per_floor":[114,129,129,144,159,189,189,204,204,234,249,264,279,129,129,229,229,244,44,59,374,389,389,419,434,459,459,474,1,1,16,16,116,116,131,146,71,86,101,131,131,161,161,176,206,221,236,251,251,251],"floor_reached":51,"playtime":1931,"items_purged":["Regret"],"score":1106,"play_id":"6586f81b-0c53-43ba-9392-16bb90ad1c4a","local_time":"20190822204018","daily_mods":["Insanity","Vintage","Lethality"],"is_ascension_mode":false,"campfire_choices":[{"data":"Armaments","floor":7,"key":"SMITH"},{"data":"Heavy Blade","floor":15,"key":"SMITH"},{"data":"Rampage","floor":23,"key":"PURGE"},{"data":"Armaments","floor":27,"key":"SMITH"},{"data":"Barricade","floor":32,"key":"SMITH"},{"data":"Demon Form","floor":41,"key":"SMITH"},{"data":"1","floor":49,"key":"LIFT"}],"neow_cost":"","seed_source_timestamp":632229010730000,"circlet_count":0,"master_deck":["Clothesline","Cleave","Blood for Blood","Armaments+1","Twin Strike","Anger","Combust","Pommel Strike","Pommel Strike","Intimidate","Anger","Feel No Pain","Shrug It Off","Sword Boomerang","Flex","Second Wind","Armaments+1","Thunderclap","Anger","Heavy Blade","Cleave","Spot Weakness","Hemokinesis","Heavy Blade","Flex","Anger","Flame Barrier+1","Anger","Clothesline","Combust","Flame Barrier","Shrug It Off","Twin Strike","Rampage","Sword Boomerang","Power Through","Armaments+1","Heavy Blade+1","Battle Trance","Uppercut","Armaments","Headbutt","Whirlwind","Wild Strike","Clothesline","Sword Boomerang","Hemokinesis","Fire Breathing","Body Slam","Twin Strike","Barricade+1","Violence+1","Purity+1","Writhe","Demon Form+1","Writhe","Parasite"],"special_seed":18130,"relics":["Burning Blood","Pantograph","PreservedInsect","Charon\u0027s Ashes","StoneCalendar","Oddly Smooth Stone","Singing Bowl","Toxic Egg 2","Dream Catcher","Blue Candle","Letter Opener","Darkstone Periapt","Art of War","Coffee Dripper","Happy Flower","Medical Kit","Red Skull","Old Coin","Peace Pipe","Ornamental Fan","Pen Nib","Vajra","Mercury Hourglass","Chemical X","War Paint","Bag of Marbles","Calling Bell","Anchor","Mummified Hand","Nunchaku","Sundial","Molten Egg 2","Dead Branch","Bag of Preparation","Smiling Mask","Ginger","Bottled Lightning","Omamori","Orichalcum","Question Card","Girya","Ancient Tea Set"],"potions_floor_usage":[33,33,40],"damage_taken":[{"damage":0,"enemies":"Jaw Worm","floor":1,"turns":1},{"damage":0,"enemies":"2 Louse","floor":2,"turns":2},{"damage":3,"enemies":"Small Slimes","floor":4,"turns":3},{"damage":3,"enemies":"Blue Slaver","floor":5,"turns":1},{"damage":21,"enemies":"Lagavulin","floor":6,"turns":3},{"damage":3,"enemies":"Looter","floor":8,"turns":2},{"damage":12,"enemies":"3 Sentries","floor":10,"turns":3},{"damage":0,"enemies":"Gremlin Gang","floor":11,"turns":1},{"damage":0,"enemies":"2 Fungi Beasts","floor":12,"turns":2},{"damage":4,"enemies":"Blue Slaver","floor":13,"turns":2},{"damage":25,"enemies":"Slime Boss","floor":16,"turns":6},{"damage":0,"enemies":"Spheric Guardian","floor":18,"turns":2},{"damage":3,"enemies":"Shell Parasite","floor":20,"turns":2},{"damage":9,"enemies":"Cultist and Chosen","floor":21,"turns":3},{"damage":11,"enemies":"Centurion and Healer","floor":22,"turns":2},{"damage":29,"enemies":"Slavers","floor":24,"turns":3},{"damage":0,"enemies":"Snecko","floor":25,"turns":3},{"damage":24,"enemies":"Shelled Parasite and Fungi","floor":28,"turns":3},{"damage":16,"enemies":"Centurion and Healer","floor":31,"turns":2},{"damage":52,"enemies":"Champ","floor":33,"turns":6},{"damage":5,"enemies":"Orb Walker","floor":35,"turns":2},{"damage":2,"enemies":"3 Darklings","floor":36,"turns":1},{"damage":22,"enemies":"Sphere and 2 Shapes","floor":38,"turns":2},{"damage":5,"enemies":"Maw","floor":39,"turns":2},{"damage":2,"enemies":"Reptomancer","floor":40,"turns":2},{"damage":2,"enemies":"Giant Head","floor":42,"turns":2},{"damage":2,"enemies":"Jaw Worm Horde","floor":44,"turns":1},{"damage":2,"enemies":"Reptomancer","floor":45,"turns":1},{"damage":4,"enemies":"Writhing Mass","floor":46,"turns":2},{"damage":2,"enemies":"4 Shapes","floor":47,"turns":2},{"damage":4,"enemies":"Spire Growth","floor":48,"turns":1},{"damage":33,"enemies":"Donu and Deca","floor":50,"turns":4}],"seed_played":"-3442902564217526476","potions_obtained":[{"floor":4,"key":"FearPotion"},{"floor":6,"key":"GamblersBrew"},{"floor":8,"key":"SteroidPotion"},{"floor":20,"key":"Swift Potion"},{"floor":35,"key":"Fire Potion"},{"floor":36,"key":"Dexterity Potion"},{"floor":44,"key":"SneckoOil"}],"is_trial":false,"path_per_floor":["M","M","?","M","M","E","R","M","T","E","M","M","M","$","R","B",null,"M","$","M","M","M","R","E","M","T","R","M","$","?","M","R","B",null,"M","M","$","M","M","E","R","E","T","M","E","M","M","M","R","B",null],"character_chosen":"IRONCLAD","items_purchased":["Art of War","Medical Kit","Violence+1","Chemical X","Purity+1"],"campfire_rested":0,"item_purchase_floors":[14,19,29,29,29],"current_hp_per_floor":[80,80,85,85,85,70,70,73,73,69,75,81,83,83,83,68,87,87,87,87,84,79,79,58,64,64,64,46,46,52,42,42,21,113,113,113,113,97,98,104,104,110,110,114,119,119,119,119,119,92],"gold":251,"neow_bonus":"","is_prod":false,"is_daily":true,"chose_seed":false,"campfire_upgraded":5,"win_rate":0,"timestamp":1566499218,"path_taken":["M","M","?","M","M","E","R","M","T","E","M","M","M","$","R","BOSS","M","$","M","M","M","R","E","M","T","R","M","$","?","M","R","BOSS","M","M","$","M","M","E","R","E","T","M","E","M","M","M","R","BOSS"],"build_version":"2019-07-17","purchased_purges":1,"victory":true,"max_hp_per_floor":[80,80,85,85,85,85,85,85,85,87,87,87,87,87,87,87,87,87,87,87,87,87,87,89,89,89,89,89,89,95,95,95,95,113,113,113,113,113,113,115,115,117,117,117,119,119,119,119,119,119],"card_choices":[{"not_picked":["Searing Blow","Second Wind"],"picked":"Twin Strike","floor":6},{"not_picked":["Iron Wave","Disarm+1","Pummel"],"picked":"Singing Bowl","floor":10},{"not_picked":["Immolate","Fiend Fire"],"picked":"Barricade","floor":16},{"not_picked":["Warcry+1","Thunderclap","Body Slam"],"picked":"Singing Bowl","floor":24},{"not_picked":["Barricade","Double Tap+1"],"picked":"Demon Form","floor":33},{"not_picked":["Warcry+1","Pummel+1","Cleave+1"],"picked":"Singing Bowl","floor":40},{"not_picked":["Anger+1","Carnage+1","Clash+1"],"picked":"Singing Bowl","floor":42},{"not_picked":["Ghostly Armor+1","Uppercut+1","Spot Weakness+1"],"picked":"Singing Bowl","floor":45}],"player_experience":142767,"relics_obtained":[{"floor":1,"key":"Pantograph"},{"floor":2,"key":"PreservedInsect"},{"floor":4,"key":"Charon\u0027s Ashes"},{"floor":5,"key":"StoneCalendar"},{"floor":6,"key":"Oddly Smooth Stone"},{"floor":8,"key":"Singing Bowl"},{"floor":9,"key":"Toxic Egg 2"},{"floor":10,"key":"Dream Catcher"},{"floor":11,"key":"Blue Candle"},{"floor":12,"key":"Letter Opener"},{"floor":13,"key":"Darkstone Periapt"},{"floor":18,"key":"Happy Flower"},{"floor":20,"key":"Red Skull"},{"floor":21,"key":"Old Coin"},{"floor":22,"key":"Peace Pipe"},{"floor":24,"key":"Ornamental Fan"},{"floor":25,"key":"Pen Nib"},{"floor":26,"key":"Vajra"},{"floor":28,"key":"Mercury Hourglass"},{"floor":31,"key":"Bag of Marbles"},{"floor":34,"key":"Anchor"},{"floor":34,"key":"Mummified Hand"},{"floor":34,"key":"Nunchaku"},{"floor":35,"key":"Sundial"},{"floor":36,"key":"Molten Egg 2"},{"floor":38,"key":"Dead Branch"},{"floor":39,"key":"Bag of Preparation"},{"floor":40,"key":"Smiling Mask"},{"floor":42,"key":"Ginger"},{"floor":43,"key":"Bottled Lightning"},{"floor":44,"key":"Omamori"},{"floor":45,"key":"Orichalcum"},{"floor":46,"key":"Question Card"},{"floor":47,"key":"Girya"},{"floor":48,"key":"Ancient Tea Set"}],"event_choices":[{"damage_healed":0,"gold_gain":0,"player_choice":"Donut","damage_taken":0,"max_hp_gain":5,"max_hp_loss":0,"event_name":"Big Fish","floor":3,"gold_loss":0},{"damage_healed":0,"gold_gain":0,"player_choice":"Opened","damage_taken":0,"relics_obtained":["War Paint"],"max_hp_gain":0,"max_hp_loss":0,"event_name":"The Mausoleum","floor":30,"gold_loss":0,"cards_obtained":["Writhe"]}],"is_beta":false,"boss_relics":[{"not_picked":["White Beast Statue","Orrery"],"picked":"Coffee Dripper"},{"not_picked":["Snecko Eye","Runic Dome"],"picked":"Calling Bell"}],"items_purged_floors":[37],"is_endless":false,"potions_floor_spawned":[4,6,8,10,20,21,24,28,35,36,44,46],"ascension_level":0}