{"gold_per_floor":[109,34,53,70,88,88,117,17,17,34,34,34,34,51,51,51],"floor_reached":16,"playtime":805,"items_purged":["Strike_R","Strike_R"],"score":102,"play_id":"ab33f619-8e31-41d0-bc9f-60777d98e441","local_time":"20190823231725","is_ascension_mode":false,"campfire_choices":[{"data":"Armaments","floor":6.0,"key":"SMITH"},{"floor":11.0,"key":"REST"},{"data":"Fire Breathing","floor":13.0,"key":"SMITH"},{"floor":15,"key":"REST"}],"neow_cost":"NONE","seed_source_timestamp":0,"circlet_count":0,"master_deck":["Strike_R","Strike_R","Strike_R","Defend_R","Defend_R","Defend_R","Defend_R","Bash","Reaper+1","Body Slam","Battle Trance+1","Corruption","Armaments+1","Fire Breathing+1","Rage"],"special_seed":0,"relics":["Burning Blood","Molten Egg 2","Matryoshka"],"potions_floor_usage":[],"damage_taken":[{"damage":4.0,"enemies":"Cultist","floor":1.0,"turns":4.0},{"damage":5.0,"enemies":"Small Slimes","floor":3.0,"turns":5.0},{"damage":6.0,"enemies":"Jaw Worm","floor":4.0,"turns":5.0},{"damage":5.0,"enemies":"Looter","floor":5.0,"turns":4.0},{"damage":48.0,"enemies":"Gremlin Nob","floor":7.0,"turns":5.0},{"damage":16.0,"enemies":"Gremlin Gang","floor":10.0,"turns":5.0},{"damage":24,"enemies":"Exordium Wildlife","floor":14,"turns":5},{"damage":68,"enemies":"Slime Boss","floor":16,"turns":10}],"seed_played":"4370821817547334110","potions_obtained":[{"floor":3.0,"key":"FearPotion"}],"is_trial":false,"path_per_floor":["M","$","M","M","M","R","E","$","T","M","R","?","R","M","R","B"],"character_chosen":"IRONCLAD","items_purchased":[],"campfire_rested":2,"item_purchase_floors":[],"current_hp_per_floor":[80,80,80,80,80,80,38,38,38,38,62,46,46,28,52,0],"gold":51,"neow_bonus":"ONE_RANDOM_RARE_CARD","is_prod":false,"is_daily":false,"chose_seed":false,"campfire_upgraded":2,"win_rate":0,"timestamp":1566595045,"path_taken":["M","$","M","M","M","R","E","$","T","M","R","?","R","M","R","BOSS"],"build_version":"2019-07-17","purchased_purges":2,"victory":false,"max_hp_per_floor":[80,80,80,80,80,80,80,80,80,80,80,80,80,80,80,80],"card_choices":[{"not_picked":["True Grit","Second Wind"],"picked":"Body Slam","floor":1.0},{"not_picked":["True Grit","Entrench"],"picked":"Battle Trance","floor":3.0},{"not_picked":["True Grit","Searing Blow"],"picked":"Corruption","floor":4.0},{"not_picked":["Sword Boomerang","Headbutt"],"picked":"Armaments","floor":5.0},{"not_picked":["Pommel Strike","Second Wind","Infernal Blade"],"picked":"SKIP","floor":7.0},{"not_picked":["Corruption","Exhume"],"picked":"Fire Breathing","floor":10.0},{"not_picked":["Entrench","Flex"],"picked":"Rage","floor":14}],"player_experience":352870,"relics_obtained":[{"floor":7.0,"key":"Molten Egg 2"},{"floor":9.0,"key":"Matryoshka"}],"event_choices":[{"damage_healed":0.0,"max_hp_gain":0.0,"max_hp_loss":0.0,"gold_gain":0.0,"event_name":"Shining Light","player_choice":"Entered Light","floor":12.0,"gold_loss":0.0,"damage_taken":16.0,"cards_upgraded":["Battle Trance","Reaper"]}],"is_beta":false,"boss_relics":[],"items_purged_floors":[2,8],"is_endless":false,"potions_floor_spawned":[3],"killed_by":"Slime Boss","ascension_level":0}