{"gold_per_floor":[219,231,251,23,23,23,23,23,95,118,151,172,172,122,122,252,252,277,27,51,64,79,79,79,79,79,107,120,120,149,149,149,246,246,257,257,257,267,282,282,309,309,332,350,350,350,385,397,397,397,397,397,87,118,118],"floor_reached":55,"playtime":4126,"items_purged":["Strike_B","Storm"],"score":715,"play_id":"610367ac-edc9-441e-b214-d076edb135d7","local_time":"20190819214713","is_ascension_mode":false,"campfire_choices":[{"data":"Dualcast","floor":6,"key":"SMITH"},{"data":"Redo","floor":13,"key":"SMITH"},{"data":"Undo","floor":15,"key":"SMITH"},{"data":"Rainbow","floor":23,"key":"SMITH"},{"data":"Capacitor","floor":25,"key":"SMITH"},{"data":"Hologram","floor":29,"key":"SMITH"},{"floor":32,"key":"REST"},{"floor":40,"key":"REST"},{"floor":42,"key":"REST"},{"floor":45,"key":"RECALL"},{"floor":49,"key":"REST"},{"data":"Glacier","floor":52,"key":"SMITH"}],"neow_cost":"NONE","seed_source_timestamp":100659166688200,"circlet_count":0,"master_deck":["Zap+1","Dualcast+1","Undo+1","Coolheaded","Fission+1","Doom and Gloom","Leap","Cold Snap","Redo+1","Rainbow+1","Glacier+1","Streamline","Chill","FTL","Seek","Turbo","Capacitor+1","Rebound","Leap","Compile Driver+1","Streamline","Hologram+1","Echo Form","Barrage+1","Writhe","Creative AI","Madness","Madness","Coolheaded"],"relics":["FrozenCore","War Paint","Bloody Idol","Pear","Happy Flower","Pandora\u0027s Box","Mercury Hourglass","Boot","Blood Vial","Orichalcum","Regal Pillow","Blue Candle","Torii","Centennial Puzzle"],"potions_floor_usage":[11,33,50,54],"damage_taken":[{"damage":5,"enemies":"Small Slimes","floor":1,"turns":3},{"damage":7,"enemies":"Jaw Worm","floor":2,"turns":5},{"damage":0,"enemies":"2 Louse","floor":3,"turns":3},{"damage":0,"enemies":"2 Fungi Beasts","floor":10,"turns":3},{"damage":5,"enemies":"Gremlin Nob","floor":11,"turns":3},{"damage":0,"enemies":"Exordium Wildlife","floor":12,"turns":3},{"damage":25,"enemies":"The Guardian","floor":16,"turns":10},{"damage":11,"enemies":"2 Thieves","floor":18,"turns":5},{"damage":0,"enemies":"Spheric Guardian","floor":20,"turns":3},{"damage":12,"enemies":"Centurion and Healer","floor":21,"turns":6},{"damage":0,"enemies":"Snake Plant","floor":22,"turns":4},{"damage":13,"enemies":"Slavers","floor":27,"turns":5},{"damage":9,"enemies":"3 Cultists","floor":28,"turns":5},{"damage":17,"enemies":"Book of Stabbing","floor":30,"turns":5},{"damage":62,"enemies":"Collector","floor":33,"turns":12},{"damage":17,"enemies":"3 Shapes","floor":35,"turns":4},{"damage":16,"enemies":"3 Darklings","floor":38,"turns":7},{"damage":28,"enemies":"4 Shapes","floor":39,"turns":5},{"damage":35,"enemies":"Reptomancer","floor":41,"turns":10},{"damage":12,"enemies":"Spire Growth","floor":44,"turns":6},{"damage":26,"enemies":"Giant Head","floor":47,"turns":10},{"damage":7,"enemies":"3 Darklings","floor":48,"turns":7},{"damage":12,"enemies":"Time Eater","floor":50,"turns":14},{"damage":29,"enemies":"Shield and Spear","floor":54,"turns":10},{"damage":63,"enemies":"The Heart","floor":55,"turns":6}],"seed_played":"-2111259124528596284","potions_obtained":[{"floor":1,"key":"AttackPotion"},{"floor":2,"key":"SpeedPotion"},{"floor":12,"key":"Fire Potion"},{"floor":28,"key":"FocusPotion"},{"floor":35,"key":"Energy Potion"}],"is_trial":false,"path_per_floor":["M","M","M","$","?","R","?","?","T","M","E","M","R","?","R","B",null,"M","$","M","M","M","R","?","R","T","E","M","R","E","?","R","B",null,"M","?","?","M","M","R","E","R","T","M","R","?","E","M","R","B",null,"R","$","E","B"],"character_chosen":"DEFECT","items_purchased":["Doom and Gloom","GamblersBrew","Capacitor","Rebound","Leap","Torii"],"campfire_rested":4,"item_purchase_floors":[4,4,19,19,19,53],"current_hp_per_floor":[70,63,63,63,56,56,56,38,48,48,43,43,43,43,43,18,85,74,74,74,62,62,62,62,62,62,54,50,50,38,38,63,8,85,73,73,62,53,32,57,29,69,74,69,69,69,50,50,85,73,85,85,85,61,0],"gold":118,"neow_bonus":"HUNDRED_GOLD","is_prod":false,"is_daily":false,"chose_seed":false,"campfire_upgraded":7,"win_rate":0,"timestamp":1566244033,"path_taken":["M","M","M","$","?","R","?","?","T","?","E","M","R","?","R","BOSS","M","$","M","M","M","R","?","R","T","E","M","R","E","?","R","BOSS","M","?","?","M","M","R","E","R","T","M","R","?","E","M","R","BOSS","R","$","E","BOSS"],"build_version":"2019-07-17","purchased_purges":2,"victory":false,"max_hp_per_floor":[75,75,75,75,75,75,75,75,85,85,85,85,85,85,85,85,85,85,85,85,85,85,85,85,85,85,85,85,85,85,85,85,85,85,85,85,85,85,85,85,85,85,85,85,85,85,85,85,85,85,85,85,85,85,85],"card_choices":[{"not_picked":["Stack","Reprogram"],"picked":"Undo","floor":1},{"not_picked":["FTL","Stack"],"picked":"Coolheaded","floor":2},{"not_picked":["Self Repair","Compile Driver"],"picked":"Fission","floor":3},{"not_picked":["Barrage","Rip and Tear"],"picked":"Leap","floor":10},{"not_picked":["Compile Driver","Beam Cell"],"picked":"Cold Snap","floor":11},{"not_picked":["Reinforced Body","Fusion"],"picked":"Redo","floor":12},{"not_picked":["Machine Learning","Electrodynamics"],"picked":"Rainbow","floor":16},{"not_picked":["Rip and Tear","Cold Snap"],"picked":"Turbo","floor":18},{"not_picked":["Chill+1","Double Energy"],"picked":"Compile Driver+1","floor":20},{"not_picked":["Doom and Gloom","Turbo+1","Beam Cell+1"],"picked":"SKIP","floor":21},{"not_picked":["Sweeping Beam","Steam"],"picked":"Streamline","floor":22},{"not_picked":["Cold Snap","Compile Driver+1"],"picked":"Hologram","floor":27},{"not_picked":["Fusion+1","Self Repair"],"picked":"Echo Form","floor":28},{"not_picked":["Hologram","Go for the Eyes+1"],"picked":"Barrage+1","floor":30},{"not_picked":["All For One","Machine Learning"],"picked":"Creative AI","floor":33},{"not_picked":["Go for the Eyes+1","Genetic Algorithm+1","Static Discharge"],"picked":"SKIP","floor":35},{"not_picked":["Cold Snap","Lockon","Barrage"],"picked":"SKIP","floor":38},{"not_picked":["Rebound","Ball Lightning","Reprogram"],"picked":"SKIP","floor":39},{"not_picked":["Steam","Genetic Algorithm","Rebound"],"picked":"SKIP","floor":41},{"not_picked":["Sweeping Beam+1","Beam Cell","Hello World+1"],"picked":"SKIP","floor":44},{"not_picked":["Storm+1","Melter","Reboot"],"picked":"SKIP","floor":47},{"not_picked":["Melter+1","Heatsinks+1"],"picked":"Coolheaded","floor":48},{"not_picked":["Steam+1","Echo Form","Coolheaded"],"picked":"SKIP","floor":54}],"player_experience":321134,"relics_obtained":[{"floor":9,"key":"Pear"},{"floor":11,"key":"Happy Flower"},{"floor":26,"key":"Mercury Hourglass"},{"floor":27,"key":"Boot"},{"floor":30,"key":"Blood Vial"},{"floor":41,"key":"Regal Pillow"},{"floor":47,"key":"Blue Candle"},{"floor":54,"key":"Centennial Puzzle"}],"event_choices":[{"damage_healed":0,"gold_gain":0,"player_choice":"Success","damage_taken":7,"relics_obtained":["War Paint"],"max_hp_gain":0,"max_hp_loss":0,"event_name":"Scrap Ooze","floor":5,"gold_loss":0},{"damage_healed":0,"gold_gain":0,"player_choice":"Grow","damage_taken":0,"max_hp_gain":0,"max_hp_loss":0,"event_name":"Living Wall","floor":7,"gold_loss":0,"cards_upgraded":["Fission"]},{"damage_healed":0,"gold_gain":0,"player_choice":"Take Damage","damage_taken":18,"relics_obtained":["Golden Idol"],"max_hp_gain":0,"max_hp_loss":0,"event_name":"Golden Idol","floor":8,"gold_loss":0},{"cards_removed":["Defend_B"],"damage_healed":0,"gold_gain":0,"player_choice":"Card Removal","damage_taken":0,"max_hp_gain":0,"max_hp_loss":0,"event_name":"The Cleric","floor":14,"gold_loss":50},{"damage_healed":0,"gold_gain":0,"player_choice":"Gave Idol","damage_taken":0,"relics_obtained":["Bloody Idol"],"max_hp_gain":0,"max_hp_loss":0,"event_name":"Forgotten Altar","floor":24,"relics_lost":["Golden Idol"],"gold_loss":0},{"damage_healed":0,"gold_gain":0,"player_choice":"Opened","damage_taken":0,"relics_obtained":["Orichalcum"],"max_hp_gain":0,"max_hp_loss":0,"event_name":"The Mausoleum","floor":31,"gold_loss":0,"cards_obtained":["Writhe"]},{"damage_healed":0,"gold_gain":0,"player_choice":"Memory 1","damage_taken":0,"max_hp_gain":0,"max_hp_loss":0,"event_name":"SensoryStone","floor":36,"gold_loss":0},{"damage_healed":0,"gold_gain":0,"player_choice":"Embrace Madness","damage_taken":11,"max_hp_gain":0,"max_hp_loss":0,"event_name":"Winding Halls","floor":37,"gold_loss":0,"cards_obtained":["Madness","Madness"]},{"damage_healed":0,"gold_gain":0,"player_choice":"Ignored","damage_taken":0,"max_hp_gain":0,"max_hp_loss":0,"event_name":"Mysterious Sphere","floor":46,"gold_loss":0}],"is_beta":false,"boss_relics":[{"not_picked":["Eternal Feather","Empty Cage"],"picked":"Pandora\u0027s Box"},{"not_picked":["Velvet Choker","White Beast Statue"],"picked":"FrozenCore"}],"items_purged_floors":[4,19],"is_endless":false,"potions_floor_spawned":[1,2,12,22,28,30,35,38,41,48],"killed_by":"The Heart","ascension_level":0}