{"gold_per_floor":[411,430,430,125,50,50,65,98,149,149,163,194,194,210,210,283,283,298,223,240,240,256,256,256,283,283,301,301,319,168,197,197,275,275,293,312,324,83,97,97,123,123,123,123,157,177,177,177,177,177,177,177,85,120,120],"floor_reached":56,"playtime":2795,"items_purged":["Strike_G","Strike_G+1","Strike_G+1"],"score":2253,"play_id":"83c97cb8-bfd4-449f-9a48-52c0fcfbd1c4","local_time":"20190606001306","is_ascension_mode":true,"campfire_choices":[{"data":"Neutralize","floor":6.0,"key":"SMITH"},{"data":"Well Laid Plans","floor":10.0,"key":"SMITH"},{"data":"Corpse Explosion","floor":15.0,"key":"SMITH"},{"data":"Footwork","floor":23.0,"key":"SMITH"},{"data":"Catalyst","floor":28.0,"key":"SMITH"},{"data":"Noxious Fumes","floor":32,"key":"SMITH"},{"data":"Wraith Form v2","floor":40,"key":"SMITH"},{"floor":42,"key":"RECALL"},{"data":"Catalyst","floor":49,"key":"SMITH"},{"data":"Footwork","floor":52,"key":"SMITH"}],"neow_cost":"TEN_PERCENT_HP_LOSS","seed_source_timestamp":1834736787096402,"circlet_count":0,"master_deck":["AscendersBane","Strike_G+1","Defend_G+1","Defend_G+1","Defend_G+1","Defend_G+1","Defend_G+1","Survivor","Neutralize+1","Quick Slash+1","Well Laid Plans+1","Dash","Poisoned Stab","Corpse Explosion+1","Deadly Poison","Footwork+1","Die Die Die","Noxious Fumes+1","Catalyst+1","Noxious Fumes+1","Backflip","Wraith Form v2+1","PiercingWail","Dodge and Roll","Acrobatics","Catalyst+1","Footwork+1","Decay","PanicButton"],"special_seed":0,"relics":["Ring of the Snake","Old Coin","Snake Skull","PreservedInsect","FossilizedHelix","Sozu","Nloth\u0027s Gift","Boot","Meat on the Bone","Ornamental Fan","Cursed Key","Unceasing Top","Vajra","Oddly Smooth Stone"],"potions_floor_usage":[55],"damage_taken":[{"damage":0.0,"enemies":"2 Louse","floor":1.0,"turns":4.0},{"damage":1.0,"enemies":"Cultist","floor":2.0,"turns":5.0},{"damage":0.0,"enemies":"Jaw Worm","floor":7.0,"turns":5.0},{"damage":9.0,"enemies":"Lagavulin","floor":8.0,"turns":7.0},{"damage":0.0,"enemies":"2 Fungi Beasts","floor":11.0,"turns":3.0},{"damage":17.0,"enemies":"3 Sentries","floor":12.0,"turns":3.0},{"damage":7.0,"enemies":"Exordium Thugs","floor":14.0,"turns":3.0},{"damage":0.0,"enemies":"Hexaghost","floor":16.0,"turns":9.0},{"damage":0.0,"enemies":"3 Byrds","floor":18.0,"turns":4.0},{"damage":11.0,"enemies":"Spheric Guardian","floor":20.0,"turns":4.0},{"damage":0.0,"enemies":"Chosen and Byrds","floor":22.0,"turns":4.0},{"damage":1.0,"enemies":"Gremlin Leader","floor":25.0,"turns":5.0},{"damage":0.0,"enemies":"Snake Plant","floor":27.0,"turns":4.0},{"damage":0.0,"enemies":"Sentry and Sphere","floor":29.0,"turns":4.0},{"damage":0,"enemies":"Book of Stabbing","floor":31,"turns":4},{"damage":0,"enemies":"Champ","floor":33,"turns":8},{"damage":3,"enemies":"3 Darklings","floor":35,"turns":4},{"damage":0,"enemies":"Orb Walker","floor":36,"turns":4},{"damage":0,"enemies":"4 Shapes","floor":37,"turns":4},{"damage":0,"enemies":"Transient","floor":39,"turns":5},{"damage":0,"enemies":"Nemesis","floor":41,"turns":5},{"damage":0,"enemies":"Reptomancer","floor":45,"turns":6},{"damage":0,"enemies":"Sphere and 2 Shapes","floor":46,"turns":6},{"damage":10,"enemies":"Awakened One","floor":50,"turns":16},{"damage":26,"enemies":"Shield and Spear","floor":54,"turns":4},{"damage":7,"enemies":"The Heart","floor":55,"turns":8}],"seed_played":"-4562449118287415825","potions_obtained":[{"floor":7.0,"key":"Energy Potion"},{"floor":12.0,"key":"Swift Potion"}],"is_trial":false,"path_per_floor":["M","M","?","$","?","R","M","E","T","R","M","E","?","M","R","B",null,"M","$","M","?","M","R","?","E","T","M","R","M","$","E","R","B",null,"M","M","M","$","M","R","E","R","T","$","E","M","?","?","R","B",null,"R","$","E","B",null],"character_chosen":"THE_SILENT","items_purchased":["Well Laid Plans","Snake Skull","Dash","Backflip","Catalyst","Footwork","PanicButton"],"campfire_rested":0,"item_purchase_floors":[4,4,4,30,38,38,53],"current_hp_per_floor":[59,58,58,58,58,58,58,49,49,49,49,32,37,30,30,30,56,56,56,45,45,45,45,45,44,44,44,44,44,44,44,44,44,60,57,57,57,57,57,57,57,57,57,57,57,57,57,57,57,47,61,61,61,35,40],"gold":120,"neow_bonus":"ONE_RARE_RELIC","is_prod":false,"is_daily":false,"chose_seed":false,"campfire_upgraded":9,"win_rate":0,"timestamp":1559794386,"path_taken":["M","M","?","$","?","R","M","E","T","R","M","E","?","M","R","BOSS","M","$","M","?","M","R","?","E","T","?","R","M","$","E","R","BOSS","M","M","M","$","M","R","E","R","T","$","E","M","?","?","R","BOSS","R","$","E","BOSS"],"build_version":"2019-06-05","purchased_purges":3,"victory":true,"max_hp_per_floor":[60,60,60,60,60,60,60,60,60,60,60,60,65,65,65,65,65,65,65,65,65,65,65,65,65,65,65,65,65,65,65,65,65,65,65,65,65,65,65,65,65,65,65,65,65,65,65,65,65,65,65,65,65,65,65],"card_choices":[{"not_picked":["Outmaneuver","Sucker Punch"],"picked":"Quick Slash","floor":1.0},{"not_picked":["Slice","Accuracy","Catalyst"],"picked":"SKIP","floor":2.0},{"not_picked":["Cloak And Dagger","Accuracy"],"picked":"Poisoned Stab","floor":7.0},{"not_picked":["Underhanded Strike","Sucker Punch"],"picked":"Dagger Spray","floor":8.0},{"not_picked":["PiercingWail","Distraction"],"picked":"Corpse Explosion","floor":11.0},{"not_picked":["Blur","Corpse Explosion"],"picked":"Deadly Poison","floor":12.0},{"not_picked":["Calculated Gamble","Poisoned Stab"],"picked":"Footwork","floor":14.0},{"not_picked":["A Thousand Cuts","Bullet Time"],"picked":"Die Die Die","floor":16.0},{"not_picked":["Flying Knee","Quick Slash","Finisher"],"picked":"SKIP","floor":18.0},{"not_picked":["Quick Slash","Blade Dance","Finisher"],"picked":"SKIP","floor":20.0},{"not_picked":["Poisoned Stab+1","Dagger Spray"],"picked":"Noxious Fumes","floor":22.0},{"not_picked":["Tools of the Trade","Deadly Poison","Poisoned Stab"],"picked":"SKIP","floor":25.0},{"not_picked":["Dash+1","Backflip"],"picked":"Catalyst","floor":27.0},{"not_picked":["Bouncing Flask","Venomology"],"picked":"Noxious Fumes+1","floor":29.0},{"not_picked":["Well Laid Plans+1","Heel Hook","Reflex"],"picked":"SKIP","floor":31},{"not_picked":["Die Die Die","Burst"],"picked":"Wraith Form v2","floor":33},{"not_picked":["Acrobatics+1","Grand Finale"],"picked":"PiercingWail","floor":35},{"not_picked":["Escape Plan+1","Deadly Poison"],"picked":"Dodge and Roll","floor":36},{"not_picked":["Underhanded Strike","Unload"],"picked":"Acrobatics","floor":37},{"not_picked":["Skewer","Acrobatics","Sucker Punch"],"picked":"SKIP","floor":39},{"not_picked":["Escape Plan","Phantasmal Killer","Dash"],"picked":"SKIP","floor":41},{"not_picked":["Quick Slash+1","Flying Knee","Poisoned Stab"],"picked":"SKIP","floor":45},{"not_picked":["Heel Hook+1","Outmaneuver+1","Die Die Die"],"picked":"SKIP","floor":46},{"not_picked":["Grand Finale","Predator","Slice+1"],"picked":"SKIP","floor":54}],"player_experience":2521904,"relics_obtained":[{"floor":8.0,"key":"Dream Catcher"},{"floor":9.0,"key":"PreservedInsect"},{"floor":12.0,"key":"FossilizedHelix"},{"floor":25.0,"key":"Boot"},{"floor":26.0,"key":"Meat on the Bone"},{"floor":31,"key":"Ornamental Fan"},{"floor":41,"key":"Unceasing Top"},{"floor":45,"key":"Vajra"},{"floor":54,"key":"Oddly Smooth Stone"}],"event_choices":[{"damage_healed":0.0,"max_hp_gain":0.0,"max_hp_loss":0.0,"gold_gain":0.0,"event_name":"Upgrade Shrine","player_choice":"Upgraded","floor":3.0,"gold_loss":0.0,"damage_taken":0.0,"cards_upgraded":["Quick Slash"]},{"cards_removed":["Strike_G"],"damage_healed":0.0,"max_hp_gain":0.0,"max_hp_loss":0.0,"gold_gain":0.0,"event_name":"The Cleric","player_choice":"Card Removal","floor":5.0,"gold_loss":75.0,"damage_taken":0.0},{"damage_healed":0.0,"max_hp_gain":5.0,"max_hp_loss":0.0,"gold_gain":0.0,"event_name":"Big Fish","player_choice":"Donut","floor":13.0,"gold_loss":0.0,"damage_taken":0.0},{"damage_healed":0.0,"max_hp_gain":0.0,"max_hp_loss":0.0,"gold_gain":0.0,"event_name":"Back to Basics","player_choice":"Simplicity","floor":21.0,"gold_loss":0.0,"damage_taken":0.0,"cards_upgraded":["Strike_G","Strike_G","Strike_G","Defend_G","Defend_G","Defend_G","Defend_G","Defend_G"]},{"damage_healed":0.0,"max_hp_gain":0.0,"max_hp_loss":0.0,"gold_gain":0.0,"event_name":"N\u0027loth","player_choice":"Traded Relic","floor":24.0,"relics_lost":["Dream Catcher"],"gold_loss":0.0,"damage_taken":0.0,"relics_obtained":["Nloth\u0027s Gift"]},{"cards_removed":["Dagger Spray"],"damage_healed":0,"gold_gain":0,"player_choice":"Removed Attack","damage_taken":0,"max_hp_gain":0,"max_hp_loss":0,"event_name":"Falling","floor":47,"gold_loss":0},{"damage_healed":0,"gold_gain":0,"player_choice":"Ignored","damage_taken":0,"max_hp_gain":0,"max_hp_loss":0,"event_name":"Tomb of Lord Red Mask","floor":48,"gold_loss":0}],"is_beta":true,"boss_relics":[{"not_picked":["Ring of the Serpent","Coffee Dripper"],"picked":"Sozu"},{"not_picked":["Tiny House","WristBlade"],"picked":"Cursed Key"}],"items_purged_floors":[19,30,38],"is_endless":false,"potions_floor_spawned":[7,12,25,29,31,33,36,39,45],"ascension_level":15}