{"gold_per_floor":[109,109,109,128,53,53,71,102,128,142,142,153,187,29,29,104,104,116,128,78,94,144,178,190,224,247,5,5,18,45,60,60,137,137,148,1147,1158,682,682,682,682,713,739,751,786,800,828,845,845,845,845,845,91,124,124],"floor_reached":56,"playtime":2091,"items_purged":["Strike_R","Strike_R","Strike_R","Anger","Normality","Normality"],"score":2087,"play_id":"15f0d15e-7b36-4470-92ba-dc72e28992ca","local_time":"20190821231506","is_ascension_mode":true,"campfire_choices":[{"data":"Bash","floor":6,"key":"SMITH"},{"data":"Inflame","floor":11,"key":"SMITH"},{"data":"Armaments","floor":15,"key":"SMITH"},{"data":"Fiend Fire","floor":28,"key":"SMITH"},{"data":"Clothesline","floor":32,"key":"SMITH"},{"floor":40,"key":"RECALL"},{"data":"Feel No Pain","floor":49,"key":"SMITH"},{"data":"Impervious","floor":52,"key":"SMITH"}],"neow_cost":"NONE","seed_source_timestamp":615753166841489,"circlet_count":0,"master_deck":["AscendersBane","Defend_R","Defend_R","Defend_R","Bash+1","Pommel Strike","Inflame+1","Clothesline+1","Thunderclap","Fiend Fire+1","Armaments+1","Rage+1","Burning Pact+1","Corruption","Inflame+1","Blood for Blood","Offering","Shrug It Off","Impervious+1","Limit Break+1","Demon Form+1","Reaper+1","Flame Barrier","Reaper+1","Exhume","Dual Wield","Shrug It Off+1","Feel No Pain+1","Shrug It Off","Sword Boomerang"],"relics":["Burning Blood","Smiling Mask","Bag of Preparation","Anchor","Happy Flower","Snecko Eye","Blood Vial","Magic Flower","War Paint","Vajra","Bag of Marbles","Astrolabe","DollysMirror","Self Forming Clay","Meat on the Bone","Strawberry","Bronze Scales","Red Skull","Toy Ornithopter","Boot"],"potions_floor_usage":[13,16,33,47,55,55,55,55],"damage_taken":[{"damage":1,"enemies":"2 Louse","floor":1,"turns":3},{"damage":6,"enemies":"Jaw Worm","floor":4,"turns":5},{"damage":0,"enemies":"Cultist","floor":7,"turns":3},{"damage":24,"enemies":"Gremlin Nob","floor":8,"turns":4},{"damage":5,"enemies":"Gremlin Gang","floor":10,"turns":4},{"damage":1,"enemies":"Looter","floor":12,"turns":2},{"damage":20,"enemies":"Lagavulin","floor":13,"turns":3},{"damage":26,"enemies":"Slime Boss","floor":16,"turns":7},{"damage":0,"enemies":"Shell Parasite","floor":18,"turns":1},{"damage":0,"enemies":"Spheric Guardian","floor":19,"turns":3},{"damage":2,"enemies":"Centurion and Healer","floor":21,"turns":5},{"damage":6,"enemies":"Book of Stabbing","floor":23,"turns":3},{"damage":0,"enemies":"Chosen and Byrds","floor":24,"turns":4},{"damage":19,"enemies":"Slavers","floor":25,"turns":5},{"damage":0,"enemies":"Snake Plant","floor":29,"turns":1},{"damage":17,"enemies":"Book of Stabbing","floor":30,"turns":3},{"damage":6,"enemies":"Snecko","floor":31,"turns":2},{"damage":35,"enemies":"Automaton","floor":33,"turns":8},{"damage":1,"enemies":"Orb Walker","floor":35,"turns":2},{"damage":28,"enemies":"3 Shapes","floor":37,"turns":6},{"damage":24,"enemies":"Nemesis","floor":42,"turns":7},{"damage":6,"enemies":"Jaw Worm Horde","floor":44,"turns":3},{"damage":15,"enemies":"Reptomancer","floor":45,"turns":4},{"damage":0,"enemies":"Spire Growth","floor":46,"turns":3},{"damage":7,"enemies":"Giant Head","floor":47,"turns":7},{"damage":6,"enemies":"Sphere and 2 Shapes","floor":48,"turns":3},{"damage":149,"enemies":"Donu and Deca","floor":50,"turns":10},{"damage":47,"enemies":"Shield and Spear","floor":54,"turns":5},{"damage":53,"enemies":"The Heart","floor":55,"turns":9}],"seed_played":"3977175563564789074","potions_obtained":[{"floor":7,"key":"GamblersBrew"},{"floor":8,"key":"SkillPotion"},{"floor":13,"key":"SteroidPotion"},{"floor":16,"key":"Block Potion"},{"floor":30,"key":"AttackPotion"},{"floor":37,"key":"Weak Potion"}],"is_trial":false,"path_per_floor":["M","?","?","M","$","R","M","E","T","M","R","M","E","$","R","B",null,"M","M","$","M","?","E","M","E","T","$","R","M","E","M","R","B",null,"M","?","M","$","?","R","?","E","T","M","E","M","E","M","R","B",null,"R","$","E","B",null],"character_chosen":"IRONCLAD","items_purchased":["Clothesline","Rage","Burning Pact","Vajra","Evolve","DollysMirror","Exhume","Dual Wield","Bronze Scales","Red Skull","Ancient Potion","EntropicBrew","Sword Boomerang","Toy Ornithopter"],"campfire_rested":0,"item_purchase_floors":[5,14,14,27,27,38,38,38,53,53,53,53,53,53],"current_hp_per_floor":[80,85,67,67,67,67,73,55,55,56,56,61,47,47,47,27,72,78,84,84,87,87,87,87,74,74,74,74,86,79,85,85,61,81,87,87,87,87,87,87,87,87,87,87,87,87,94,94,94,94,94,94,94,94,94],"gold":124,"neow_bonus":"TEN_PERCENT_HP_BONUS","is_prod":false,"is_daily":false,"chose_seed":false,"campfire_upgraded":7,"win_rate":0,"timestamp":1566443706,"path_taken":["M","?","?","M","$","R","M","E","T","M","R","M","E","$","R","BOSS","M","M","$","M","?","E","M","E","T","$","R","?","E","?","R","BOSS","M","?","M","$","?","R","?","E","T","?","E","M","E","M","R","BOSS","R","$","E","BOSS"],"build_version":"2019-07-17","purchased_purges":6,"victory":true,"max_hp_per_floor":[82,87,87,87,87,87,87,87,87,87,87,87,87,87,87,87,87,87,87,87,87,87,87,87,87,87,87,87,87,87,87,87,87,87,87,87,87,87,87,87,87,87,87,87,87,87,94,94,94,94,94,94,94,94,94],"card_choices":[{"not_picked":["Heavy Blade","Blood for Blood"],"picked":"Pommel Strike","floor":1},{"not_picked":["Shrug It Off","Anger"],"picked":"Inflame","floor":4},{"not_picked":["Pummel","Fire Breathing"],"picked":"Anger","floor":7},{"not_picked":["Clash","Heavy Blade","Clothesline"],"picked":"SKIP","floor":8},{"not_picked":["Pommel Strike","Heavy Blade"],"picked":"Thunderclap","floor":10},{"not_picked":["Anger","True Grit"],"picked":"Fiend Fire","floor":12},{"not_picked":["Anger","Thunderclap"],"picked":"Armaments","floor":13},{"not_picked":["Whirlwind","Heavy Blade+1"],"picked":"Corruption","floor":18},{"not_picked":["Infernal Blade","Dropkick","Hemokinesis"],"picked":"SKIP","floor":19},{"not_picked":["Hemokinesis+1","Pommel Strike","Searing Blow+1"],"picked":"SKIP","floor":21},{"not_picked":["Clothesline","Thunderclap+1"],"picked":"Inflame+1","floor":23},{"not_picked":["Perfected Strike","Iron Wave"],"picked":"Blood for Blood","floor":24},{"not_picked":["Body Slam","Blood for Blood"],"picked":"Offering","floor":25},{"not_picked":["Thunderclap","Battle Trance","Seeing Red"],"picked":"SKIP","floor":29},{"not_picked":["Corruption","Anger+1","Havoc"],"picked":"SKIP","floor":30},{"not_picked":["Searing Blow","Thunderclap+1"],"picked":"Shrug It Off","floor":31},{"not_picked":["Dark Embrace","Juggernaut"],"picked":"Impervious","floor":33},{"not_picked":["Second Wind","Sword Boomerang","Body Slam"],"picked":"SKIP","floor":35},{"not_picked":["Searing Blow","Hemokinesis"],"picked":"Flame Barrier","floor":37},{"not_picked":["Body Slam+1","Pummel"],"picked":"Shrug It Off+1","floor":42},{"not_picked":["Inflame","Seeing Red"],"picked":"Feel No Pain","floor":44},{"not_picked":["Pommel Strike","Sentinel+1","Anger"],"picked":"SKIP","floor":45},{"not_picked":["Dual Wield","Warcry","Anger+1"],"picked":"SKIP","floor":46},{"not_picked":["Body Slam","Seeing Red","Thunderclap+1"],"picked":"SKIP","floor":47},{"not_picked":["Rupture","Entrench"],"picked":"Shrug It Off","floor":48},{"not_picked":["Juggernaut","Fire Breathing+1","Flex"],"picked":"SKIP","floor":54}],"player_experience":2723441,"relics_obtained":[{"floor":8,"key":"Bag of Preparation"},{"floor":9,"key":"Anchor"},{"floor":13,"key":"Happy Flower"},{"floor":23,"key":"Blood Vial"},{"floor":25,"key":"Magic Flower"},{"floor":26,"key":"War Paint"},{"floor":30,"key":"Bag of Marbles"},{"floor":42,"key":"Self Forming Clay"},{"floor":45,"key":"Meat on the Bone"},{"floor":47,"key":"Strawberry"},{"floor":54,"key":"Boot"}],"event_choices":[{"damage_healed":0,"gold_gain":0,"player_choice":"Donut","damage_taken":0,"max_hp_gain":5,"max_hp_loss":0,"event_name":"Big Fish","floor":2,"gold_loss":0},{"damage_healed":0,"gold_gain":0,"player_choice":"Success","damage_taken":18,"relics_obtained":["Smiling Mask"],"max_hp_gain":0,"max_hp_loss":0,"event_name":"Scrap Ooze","floor":3,"gold_loss":0},{"damage_healed":0,"gold_gain":50,"player_choice":"Pray","damage_taken":0,"max_hp_gain":0,"max_hp_loss":0,"event_name":"Golden Shrine","floor":22,"gold_loss":0},{"damage_healed":0,"gold_gain":999,"player_choice":"Gold","damage_taken":0,"max_hp_gain":0,"max_hp_loss":0,"event_name":"MindBloom","floor":36,"gold_loss":0,"cards_obtained":["Normality","Normality"]},{"cards_removed":["Evolve"],"damage_healed":0,"gold_gain":0,"player_choice":"Removed Power","damage_taken":0,"max_hp_gain":0,"max_hp_loss":0,"event_name":"Falling","floor":39,"gold_loss":0},{"damage_healed":0,"gold_gain":0,"player_choice":"Full Heal","damage_taken":0,"max_hp_gain":0,"max_hp_loss":0,"event_name":"Wheel of Change","floor":41,"gold_loss":0}],"is_beta":false,"boss_relics":[{"not_picked":["Lizard Tail","Calling Bell"],"picked":"Snecko Eye"},{"not_picked":["Runic Cube","Orrery"],"picked":"Astrolabe"}],"items_purged_floors":[5,14,20,27,38,53],"is_endless":false,"potions_floor_spawned":[7,8,10,13,16,21,23,30,31,37,47,54],"ascension_level":15}