{"gold_per_floor":[131,143,165,188,210,222,244,256,339,351,325,337,362,393,405,512,524,557,484,459,2,25,25,25,38,38,38,38,62,62,75,75,165,165,180,180,14,14],"floor_reached":38,"playtime":1991,"items_purged":["Injury"],"score":743,"play_id":"6c2dcefc-302c-440e-a926-7816a4381bc0","local_time":"20191020192646","is_ascension_mode":true,"campfire_choices":[{"floor":6.0,"key":"REST"},{"floor":8.0,"key":"REST"},{"floor":10.0,"key":"REST"},{"floor":15,"key":"REST"},{"floor":23,"key":"REST"},{"floor":27,"key":"REST"},{"data":"Defragment","floor":30,"key":"SMITH"},{"data":"Dualcast","floor":32,"key":"SMITH"}],"neow_cost":"NONE","seed_source_timestamp":32539375533300,"circlet_count":0,"master_deck":["AscendersBane","Defend_B","Defend_B","Defend_B","Defend_B","Zap","Dualcast+1","Genetic Algorithm","Hologram","Melter","Cold Snap","Defragment+1","Capacitor","Echo Form","Core Surge","Barrage+1","Leap+1","Hologram+1","Force Field+1","Go for the Eyes","Bite","Bite","Bite","Bite","Bite","Fusion+1","Force Field+1","Electrodynamics","Pain"],"special_seed":0,"relics":["FrozenCore","MawBank","Toxic Egg 2","Golden Idol","StoneCalendar","Mercury Hourglass","Incense Burner","Busted Crown","WarpedTongs","Ancient Tea Set"],"potions_floor_usage":[16,16,25,33,38],"damage_taken":[{"damage":6.0,"enemies":"2 Louse","floor":1.0,"turns":3.0},{"damage":7.0,"enemies":"Jaw Worm","floor":3.0,"turns":3.0},{"damage":4.0,"enemies":"Small Slimes","floor":4.0,"turns":3.0},{"damage":20.0,"enemies":"3 Louse","floor":5.0,"turns":4.0},{"damage":35.0,"enemies":"Large Slime","floor":7.0,"turns":7.0},{"damage":7,"enemies":"2 Fungi Beasts","floor":13,"turns":3},{"damage":12,"enemies":"Looter","floor":14,"turns":3},{"damage":42,"enemies":"Slime Boss","floor":16,"turns":10},{"damage":0,"enemies":"Spheric Guardian","floor":18,"turns":1},{"damage":33,"enemies":"2 Thieves","floor":20,"turns":5},{"damage":23,"enemies":"Shelled Parasite and Fungi","floor":22,"turns":7},{"damage":12,"enemies":"Centurion and Healer","floor":25,"turns":7},{"damage":6,"enemies":"Cultist and Chosen","floor":29,"turns":7},{"damage":7,"enemies":"Snecko","floor":31,"turns":7},{"damage":41,"enemies":"Collector","floor":33,"turns":17},{"damage":33,"enemies":"3 Darklings","floor":35,"turns":4},{"damage":22,"enemies":"Orb Walker","floor":38,"turns":3}],"seed_played":"-1224824712446331358","potions_obtained":[{"floor":1.0,"key":"Swift Potion"},{"floor":5.0,"key":"Strength Potion"},{"floor":22,"key":"Regen Potion"},{"floor":29,"key":"Energy Potion"},{"floor":35,"key":"SkillPotion"}],"is_trial":false,"path_per_floor":["M","?","M","M","M","R","M","R","T","R","?","?","M","M","R","B",null,"M","?","M","$","M","R","?","M","T","R","?","M","R","M","R","B",null,"M","?","$","M"],"character_chosen":"DEFECT","items_purchased":["Mercury Hourglass","Leap+1","Hologram+1","Ancient Tea Set"],"campfire_rested":6,"item_purchase_floors":[21,21,21,37],"current_hp_per_floor":[58,58,51,47,27,48,13,34,34,55,55,55,48,36,57,15,57,57,57,24,24,1,22,22,25,25,46,46,49,49,46,46,42,47,16,16,16,0],"gold":14,"neow_bonus":"RANDOM_COMMON_RELIC","is_prod":false,"is_daily":false,"chose_seed":false,"campfire_upgraded":2,"win_rate":0,"timestamp":1571624806,"path_taken":["M","?","M","M","M","R","M","R","T","R","?","?","M","M","R","BOSS","M","?","M","$","M","R","?","M","T","R","?","M","R","M","R","BOSS","M","?","?","M"],"build_version":"2019-07-17","purchased_purges":1,"victory":false,"max_hp_per_floor":[71,71,71,71,71,71,71,71,71,71,71,71,71,71,71,71,71,71,71,71,71,71,71,71,71,71,71,49,49,49,49,49,49,49,49,49,49,49],"card_choices":[{"not_picked":["Barrage","Storm"],"picked":"Genetic Algorithm","floor":1.0},{"not_picked":["Chaos","Darkness"],"picked":"Hologram","floor":3.0},{"not_picked":["Redo","Barrage"],"picked":"Melter","floor":4.0},{"not_picked":["Amplify","Sweeping Beam"],"picked":"Cold Snap","floor":5.0},{"not_picked":["Go for the Eyes","Lockon"],"picked":"Defragment","floor":7.0},{"not_picked":["Stack+1","Steam+1"],"picked":"Capacitor","floor":13},{"not_picked":["Barrage","Sweeping Beam"],"picked":"Echo Form","floor":14},{"not_picked":["Meteor Strike","All For One"],"picked":"Core Surge","floor":16},{"not_picked":["Chaos+1","Conserve Battery+1"],"picked":"Barrage+1","floor":18},{"not_picked":["Turbo+1","Steam Power+1","Beam Cell"],"picked":"SKIP","floor":20},{"not_picked":["Hello World","Reinforced Body+1"],"picked":"Force Field+1","floor":22},{"not_picked":["Creative AI","Sweeping Beam"],"picked":"Go for the Eyes","floor":25},{"not_picked":["Beam Cell","Cold Snap"],"picked":"Fusion+1","floor":29},{"not_picked":["Recycle+1","Hologram+1"],"picked":"Force Field+1","floor":31},{"not_picked":["Creative AI","Buffer"],"picked":"Electrodynamics","floor":33},{"not_picked":["Auto Shields+1"],"picked":"SKIP","floor":35}],"player_experience":725509,"relics_obtained":[{"floor":9.0,"key":"Toxic Egg 2"},{"floor":26,"key":"Incense Burner"}],"event_choices":[{"damage_healed":0.0,"max_hp_gain":0.0,"max_hp_loss":0.0,"gold_gain":0.0,"event_name":"Shining Light","player_choice":"Ignored","floor":2.0,"gold_loss":0.0,"damage_taken":0.0},{"damage_healed":0.0,"max_hp_gain":0.0,"max_hp_loss":0.0,"gold_gain":0.0,"event_name":"World of Goop","player_choice":"Left Gold","floor":11.0,"gold_loss":38.0,"damage_taken":0.0},{"damage_healed":0.0,"max_hp_gain":0.0,"max_hp_loss":0.0,"gold_gain":0.0,"event_name":"Golden Idol","player_choice":"Take Wound","floor":12.0,"gold_loss":0.0,"damage_taken":0.0,"relics_obtained":["Golden Idol"],"cards_obtained":["Injury"]},{"damage_healed":0,"gold_gain":0,"player_choice":"Obtained Relic","damage_taken":0,"relics_obtained":["StoneCalendar"],"max_hp_gain":0,"max_hp_loss":0,"event_name":"Addict","floor":19,"gold_loss":85},{"damage_healed":0,"gold_gain":0,"player_choice":"Ignored","damage_taken":0,"max_hp_gain":0,"max_hp_loss":0,"event_name":"Ghosts","floor":24,"gold_loss":0},{"damage_healed":0,"gold_gain":0,"player_choice":"Became a vampire","damage_taken":0,"max_hp_gain":0,"max_hp_loss":22,"event_name":"Vampires","floor":28,"gold_loss":0,"cards_obtained":["Bite","Bite","Bite","Bite","Bite"]},{"damage_healed":0,"gold_gain":0,"player_choice":"Rummage","damage_taken":0,"relics_obtained":["WarpedTongs"],"max_hp_gain":0,"max_hp_loss":0,"event_name":"Accursed Blacksmith","floor":36,"gold_loss":0,"cards_obtained":["Pain"]}],"is_beta":false,"boss_relics":[{"not_picked":["Snecko Eye","Coffee Dripper"],"picked":"FrozenCore"},{"not_picked":["Tiny House","Black Star"],"picked":"Busted Crown"}],"items_purged_floors":[21],"is_endless":false,"potions_floor_spawned":[1,5,14,22,29,35],"killed_by":"Orb Walker","ascension_level":19}