{"gold_per_floor":[115,3,3,17,27,58,58,73,73,86,161,1,28,44,44,141,141,161,86,86,103,53,53,78,94,117,0,0,10,10,22,22,22],"floor_reached":33,"playtime":3246,"items_purged":[],"score":267,"play_id":"6d039c0f-a27b-411a-a103-aef66aceb9ef","local_time":"20191015020416","is_ascension_mode":false,"campfire_choices":[{"floor":7.0,"key":"REST"},{"data":"Armaments","floor":15.0,"key":"SMITH"},{"data":"Bludgeon","floor":23.0,"key":"SMITH"},{"floor":28.0,"key":"REST"},{"floor":30.0,"key":"REST"},{"floor":32.0,"key":"REST"}],"neow_cost":"NONE","seed_source_timestamp":0,"circlet_count":0,"master_deck":["Strike_R","Strike_R","Defend_R","Defend_R","Defend_R","Defend_R","Bash","Flame Barrier","Iron Wave","Trip+1","Ghostly Armor","Searing Blow","Dark Embrace","Dropkick","Infernal Blade","Carnage","Bludgeon+1","Anger","Armaments+1","Juggernaut","Twin Strike","Rupture","Dropkick","Cleave+1","Flex","Clothesline","Carnage","Warcry","Clothesline","Body Slam+1","Headbutt","Entrench"],"special_seed":0,"relics":["Burning Blood","Dream Catcher","Lantern","Odd Mushroom","Busted Crown","Frozen Egg 2","Centennial Puzzle"],"potions_floor_usage":[33],"damage_taken":[{"damage":5.0,"enemies":"Jaw Worm","floor":1.0,"turns":7.0},{"damage":1.0,"enemies":"Cultist","floor":4.0,"turns":4.0},{"damage":0.0,"enemies":"2 Louse","floor":5.0,"turns":3.0},{"damage":38.0,"enemies":"Gremlin Nob","floor":6.0,"turns":6.0},{"damage":5.0,"enemies":"Exordium Wildlife","floor":8.0,"turns":3.0},{"damage":2.0,"enemies":"Blue Slaver","floor":10.0,"turns":4.0},{"damage":4.0,"enemies":"The Mushroom Lair","floor":13.0,"turns":4.0},{"damage":0.0,"enemies":"Large Slime","floor":14.0,"turns":6.0},{"damage":52.0,"enemies":"Hexaghost","floor":16.0,"turns":11.0},{"damage":12.0,"enemies":"3 Byrds","floor":18.0,"turns":6.0},{"damage":7.0,"enemies":"2 Thieves","floor":21.0,"turns":4.0},{"damage":48.0,"enemies":"Slavers","floor":24.0,"turns":8.0},{"damage":29.0,"enemies":"Sentry and Sphere","floor":25.0,"turns":7.0},{"damage":8.0,"enemies":"Cultist and Chosen","floor":29.0,"turns":5.0},{"damage":15.0,"enemies":"3 Cultists","floor":31.0,"turns":5.0},{"damage":86,"enemies":"Collector","floor":33,"turns":5}],"seed_played":"-6455146483968952934","potions_obtained":[{"floor":1.0,"key":"Dexterity Potion"},{"floor":4.0,"key":"Energy Potion"},{"floor":8.0,"key":"Block Potion"},{"floor":10.0,"key":"PowerPotion"},{"floor":13.0,"key":"Poison Potion"},{"floor":18.0,"key":"SkillPotion"},{"floor":25.0,"key":"Weak Potion"},{"floor":31.0,"key":"Strength Potion"}],"is_trial":false,"path_per_floor":["M","$","?","M","M","E","R","M","T","M","?","$","?","M","R","B",null,"M","?","?","M","$","R","E","M","T","?","R","M","R","M","R","B"],"character_chosen":"IRONCLAD","items_purchased":["Iron Wave","Trip","Bludgeon","Flex"],"campfire_rested":4,"item_purchase_floors":[2,2,12,22],"current_hp_per_floor":[88,88,88,88,88,56,82,83,83,87,76,76,78,84,84,38,88,82,82,82,81,81,81,39,16,16,16,42,40,66,57,83,0],"gold":22,"neow_bonus":"TEN_PERCENT_HP_BONUS","is_prod":false,"is_daily":false,"chose_seed":false,"campfire_upgraded":2,"win_rate":0.0,"timestamp":1571119456,"path_taken":["M","$","?","M","M","E","R","M","T","?","?","$","?","M","R","BOSS","M","?","?","M","$","R","E","M","T","?","R","M","R","M","R","BOSS"],"build_version":"2019-07-17","purchased_purges":0,"victory":false,"max_hp_per_floor":[88,88,88,88,88,88,88,88,88,88,88,88,88,88,88,88,88,88,88,88,88,88,88,88,88,88,88,88,88,88,88,88,88],"card_choices":[{"not_picked":["Iron Wave","Battle Trance"],"picked":"Flame Barrier","floor":1.0},{"not_picked":["Burning Pact","Second Wind"],"picked":"Ghostly Armor","floor":4.0},{"not_picked":["Sword Boomerang","Flex"],"picked":"Searing Blow","floor":5.0},{"not_picked":["Anger","Second Wind"],"picked":"Dark Embrace","floor":6.0},{"not_picked":["Heavy Blade","Intimidate"],"picked":"Dropkick","floor":7.0},{"not_picked":["Fire Breathing","Pommel Strike"],"picked":"Infernal Blade","floor":8.0},{"not_picked":["Twin Strike","Second Wind"],"picked":"Carnage","floor":10.0},{"not_picked":["Clash","Cleave"],"picked":"Anger","floor":13.0},{"not_picked":["Iron Wave","Clothesline"],"picked":"Armaments","floor":14.0},{"not_picked":["Bludgeon","Demon Form"],"picked":"Juggernaut","floor":16.0},{"not_picked":[],"picked":"Twin Strike","floor":18.0},{"not_picked":[],"picked":"Cleave+1","floor":21.0},{"not_picked":[],"picked":"Clothesline","floor":24.0},{"not_picked":[],"picked":"Carnage","floor":25.0},{"not_picked":[],"picked":"Warcry","floor":28.0},{"not_picked":[],"picked":"Clothesline","floor":29.0},{"not_picked":[],"picked":"Body Slam+1","floor":30.0},{"not_picked":[],"picked":"Headbutt","floor":31.0},{"not_picked":[],"picked":"Entrench","floor":32.0}],"player_experience":60086,"relics_obtained":[{"floor":6.0,"key":"Dream Catcher"},{"floor":9.0,"key":"Lantern"},{"floor":13.0,"key":"Odd Mushroom"},{"floor":24.0,"key":"Frozen Egg 2"},{"floor":26.0,"key":"Centennial Puzzle"}],"event_choices":[{"damage_healed":0.0,"max_hp_gain":0.0,"max_hp_loss":0.0,"gold_gain":0.0,"event_name":"Upgrade Shrine","player_choice":"Upgraded","floor":3.0,"gold_loss":0.0,"damage_taken":0.0,"cards_upgraded":["Trip"]},{"damage_healed":0.0,"max_hp_gain":0.0,"max_hp_loss":0.0,"gold_gain":75.0,"event_name":"World of Goop","player_choice":"Gather Gold","floor":11.0,"gold_loss":0.0,"damage_taken":11.0},{"damage_healed":0.0,"max_hp_gain":0.0,"max_hp_loss":0.0,"gold_gain":0.0,"event_name":"Mushrooms","player_choice":"Fought Mushrooms","floor":13.0,"gold_loss":0.0,"damage_taken":0.0},{"cards_removed":["Strike_R"],"damage_healed":0.0,"max_hp_gain":0.0,"max_hp_loss":0.0,"gold_gain":0.0,"event_name":"Beggar","player_choice":"Gave Gold","floor":19.0,"gold_loss":75.0,"damage_taken":0.0},{"damage_healed":0.0,"max_hp_gain":0.0,"max_hp_loss":0.0,"gold_gain":0.0,"cards_transformed":["Strike_R","Strike_R"],"event_name":"Drug Dealer","player_choice":"Became Test Subject","floor":20.0,"gold_loss":0.0,"damage_taken":0.0,"cards_obtained":["Rupture","Dropkick"]},{"damage_healed":0.0,"max_hp_gain":0.0,"max_hp_loss":0.0,"gold_gain":0.0,"event_name":"Masked Bandits","player_choice":"Paid Fearfully","floor":27.0,"gold_loss":117.0,"damage_taken":0.0}],"is_beta":false,"boss_relics":[{"not_picked":["Calling Bell","Velvet Choker"],"picked":"Busted Crown"}],"items_purged_floors":[],"is_endless":false,"potions_floor_spawned":[1,4,8,10,13,18,25,31],"killed_by":"Collector","ascension_level":0}