{"gold_per_floor":[116,66,66,77,90,90,148,160,184,213,213,64,64,94,94,199,199,217,217,217,46,46,46,46,46,46,46,78,90,90,108,108,209,209,228,247,247,86,111,139,139,157,157,184,284,296,327,356,368,380],"floor_reached":51,"playtime":7461,"items_purged":["Strike_G","Strike_G","Strike_G"],"score":1007,"play_id":"f2f8ec1c-9fb4-41bc-8df1-be78ebffda1e","local_time":"20191027215831","is_ascension_mode":true,"campfire_choices":[{"data":"Crippling Poison","floor":6.0,"key":"SMITH"},{"floor":11.0,"key":"REST"},{"floor":15.0,"key":"REST"},{"floor":23,"key":"REST"},{"floor":25,"key":"REST"},{"data":"Noxious Fumes","floor":27,"key":"SMITH"},{"data":"Footwork","floor":30,"key":"SMITH"},{"floor":32,"key":"REST"},{"data":"Well Laid Plans","floor":41,"key":"SMITH"},{"data":"Cloak And Dagger","floor":49,"key":"SMITH"}],"neow_cost":"NONE","seed_source_timestamp":0,"circlet_count":0,"master_deck":["Strike_G","Defend_G","Defend_G","Defend_G","Survivor","Neutralize","Deadly Poison","Dagger Spray","Cloak And Dagger+1","Crippling Poison+1","Bane","Noxious Fumes+1","Corpse Explosion","Footwork+1","Leg Sweep","Bullet Time","Well Laid Plans+1","Dodge and Roll","Bandage Up","Finesse","Caltrops","Backstab","Dodge and Roll+1","Backflip+1","PiercingWail","Noxious Fumes+1"],"special_seed":0,"relics":["Ring of the Snake","Tiny Chest","Oddly Smooth Stone","Bag of Preparation","Sundial","Pen Nib","Velvet Choker","Gremlin Horn","Enchiridion","Meat on the Bone","Centennial Puzzle","Sozu","Bag of Marbles","Dead Branch","Turnip","Pantograph","StoneCalendar","MawBank"],"potions_floor_usage":[28,28,28,31,33,50,50],"damage_taken":[{"damage":4.0,"enemies":"2 Louse","floor":1.0,"turns":4.0},{"damage":1.0,"enemies":"Jaw Worm","floor":4.0,"turns":4.0},{"damage":0.0,"enemies":"Small Slimes","floor":5.0,"turns":2.0},{"damage":26.0,"enemies":"Gremlin Nob","floor":7.0,"turns":4.0},{"damage":0.0,"enemies":"3 Louse","floor":8.0,"turns":3.0},{"damage":23.0,"enemies":"Lagavulin","floor":10.0,"turns":7.0},{"damage":12.0,"enemies":"3 Sentries","floor":14.0,"turns":6.0},{"damage":6.0,"enemies":"Hexaghost","floor":16.0,"turns":9.0},{"damage":26,"enemies":"Chosen","floor":18,"turns":5},{"damage":5,"enemies":"Slavers","floor":28,"turns":3},{"damage":7,"enemies":"2 Thieves","floor":29,"turns":2},{"damage":2,"enemies":"Cultist and Chosen","floor":31,"turns":3},{"damage":44,"enemies":"Collector","floor":33,"turns":7},{"damage":0,"enemies":"3 Shapes","floor":35,"turns":2},{"damage":15,"enemies":"3 Darklings","floor":36,"turns":3},{"damage":17,"enemies":"Giant Head","floor":40,"turns":9},{"damage":2,"enemies":"Maw","floor":42,"turns":8},{"damage":16,"enemies":"Reptomancer","floor":44,"turns":6},{"damage":0,"enemies":"Mind Bloom Boss Battle","floor":45,"turns":6},{"damage":0,"enemies":"Sphere and 2 Shapes","floor":46,"turns":4},{"damage":13,"enemies":"Nemesis","floor":47,"turns":7},{"damage":1,"enemies":"Transient","floor":48,"turns":5},{"damage":47,"enemies":"Time Eater","floor":50,"turns":12}],"seed_played":"6667310551086174064","potions_obtained":[{"floor":4.0,"key":"LiquidBronze"},{"floor":5.0,"key":"Strength Potion"},{"floor":14.0,"key":"GhostInAJar"},{"floor":18,"key":"EntropicBrew"},{"floor":28,"key":"Poison Potion"},{"floor":33,"key":"LiquidBronze"}],"is_trial":false,"path_per_floor":["M","?","$","M","M","R","E","M","T","E","R","$","T","E","R","B",null,"M","?","?","$","?","R","?","R","T","R","E","M","R","M","R","B",null,"M","M","?","$","T","E","R","M","T","E","?","M","E","M","R","B",null],"character_chosen":"THE_SILENT","items_purchased":["Regen Potion","Footwork","Caltrops"],"campfire_rested":5,"item_purchase_floors":[12,21,38],"current_hp_per_floor":[59,59,59,58,58,58,32,32,32,9,30,30,30,33,54,48,65,39,39,23,23,23,44,31,53,53,53,48,41,41,39,61,29,64,64,49,44,44,44,43,43,45,45,45,74,74,65,68,68,44],"gold":392,"neow_bonus":"TRANSFORM_CARD","is_prod":false,"is_daily":false,"chose_seed":false,"campfire_upgraded":5,"win_rate":0,"timestamp":1572227911,"path_taken":["M","?","$","M","M","R","E","M","T","E","R","$","?","E","R","BOSS","M","?","?","$","?","R","?","R","T","R","E","M","R","M","R","BOSS","M","M","?","$","?","E","R","?","T","E","?","M","E","M","R","BOSS"],"build_version":"2019-07-17","purchased_purges":3,"victory":true,"max_hp_per_floor":[70,70,70,70,70,70,70,70,70,70,70,70,70,70,70,70,70,70,70,70,70,70,70,75,75,75,75,75,75,75,75,75,75,75,75,75,75,75,75,75,75,75,75,75,75,75,75,75,75,75],"card_choices":[{"not_picked":["Deflect","Underhanded Strike"],"picked":"Dagger Spray","floor":1.0},{"not_picked":["Infinite Blades","Outmaneuver"],"picked":"Cloak And Dagger","floor":4.0},{"not_picked":["Leg Sweep","Grand Finale"],"picked":"Crippling Poison","floor":5.0},{"not_picked":["Blade Dance","Dagger Spray"],"picked":"Bane","floor":7.0},{"not_picked":["Slice","Riddle With Holes"],"picked":"Noxious Fumes","floor":8.0},{"not_picked":["Expertise","All Out Attack","Reflex"],"picked":"SKIP","floor":10.0},{"not_picked":["Calculated Gamble","Dagger Throw","Eviscerate"],"picked":"SKIP","floor":14.0},{"not_picked":["Storm of Steel","Tools of the Trade"],"picked":"Corpse Explosion","floor":16.0},{"not_picked":["Underhanded Strike+1","Bane","Quick Slash"],"picked":"SKIP","floor":18},{"not_picked":["Tactician","Quick Slash","Bane"],"picked":"SKIP","floor":28},{"not_picked":["Dodge and Roll","Blade Dance+1"],"picked":"Leg Sweep","floor":29},{"not_picked":["Masterful Stab","Deflect","Riddle With Holes"],"picked":"SKIP","floor":31},{"not_picked":["Glass Knife","Venomology"],"picked":"Bullet Time","floor":33},{"not_picked":["Poisoned Stab","Finisher"],"picked":"Well Laid Plans","floor":35},{"not_picked":["Deadly Poison","Distraction+1"],"picked":"Dodge and Roll","floor":36},{"not_picked":["Mind Blast","Purity"],"picked":"Bandage Up","floor":37},{"not_picked":["Swift Strike","Good Instincts"],"picked":"Finesse","floor":37},{"not_picked":["All Out Attack","Terror"],"picked":"Backstab","floor":40},{"not_picked":["Flying Knee+1","Acrobatics+1"],"picked":"Dodge and Roll+1","floor":42},{"not_picked":["Blade Dance","Masterful Stab+1","Underhanded Strike"],"picked":"SKIP","floor":44},{"not_picked":["Predator+1","Escape Plan"],"picked":"Backflip+1","floor":45},{"not_picked":["Heel Hook","Riddle With Holes+1","Expertise"],"picked":"SKIP","floor":46},{"not_picked":["Unload","Deadly Poison+1"],"picked":"PiercingWail","floor":47},{"not_picked":["Deadly Poison","Dagger Throw"],"picked":"Noxious Fumes+1","floor":48}],"player_experience":720718,"relics_obtained":[{"floor":7.0,"key":"Tiny Chest"},{"floor":9.0,"key":"Oddly Smooth Stone"},{"floor":10.0,"key":"Bag of Preparation"},{"floor":13.0,"key":"Sundial"},{"floor":14.0,"key":"Pen Nib"},{"floor":20,"key":"Enchiridion"},{"floor":26,"key":"Meat on the Bone"},{"floor":28,"key":"Centennial Puzzle"},{"floor":39,"key":"Bag of Marbles"},{"floor":40,"key":"Dead Branch"},{"floor":43,"key":"Turnip"},{"floor":44,"key":"Pantograph"},{"floor":45,"key":"StoneCalendar"},{"floor":47,"key":"MawBank"}],"event_choices":[{"cards_removed":["Strike_G"],"damage_healed":0.0,"max_hp_gain":0.0,"max_hp_loss":0.0,"gold_gain":0.0,"event_name":"The Cleric","player_choice":"Card Removal","floor":2.0,"gold_loss":50.0,"damage_taken":0.0},{"damage_healed":0,"gold_gain":0,"player_choice":"Opened","damage_taken":0,"relics_obtained":["Gremlin Horn"],"max_hp_gain":0,"max_hp_loss":0,"event_name":"The Mausoleum","floor":19,"gold_loss":0},{"damage_healed":0,"gold_gain":0,"player_choice":"Obtained Book","damage_taken":16,"max_hp_gain":0,"max_hp_loss":0,"event_name":"Cursed Tome","floor":20,"gold_loss":0},{"cards_removed":["Defend_G"],"damage_healed":0,"gold_gain":0,"player_choice":"Elegance","damage_taken":0,"max_hp_gain":0,"max_hp_loss":0,"event_name":"Back to Basics","floor":22,"gold_loss":0},{"damage_healed":0,"gold_gain":0,"player_choice":"Shed Blood","damage_taken":18,"max_hp_gain":5,"max_hp_loss":0,"event_name":"Forgotten Altar","floor":24,"gold_loss":0},{"damage_healed":0,"gold_gain":0,"player_choice":"Memory 2","damage_taken":5,"max_hp_gain":0,"max_hp_loss":0,"event_name":"SensoryStone","floor":37,"gold_loss":0},{"damage_healed":0,"gold_gain":0,"player_choice":"Fight","damage_taken":0,"max_hp_gain":0,"max_hp_loss":0,"event_name":"MindBloom","floor":45,"gold_loss":0}],"is_beta":false,"boss_relics":[{"not_picked":["HoveringKite","Fusion Hammer"],"picked":"Velvet Choker"},{"not_picked":["Pandora\u0027s Box","Empty Cage"],"picked":"Sozu"}],"items_purged_floors":[12,21,38],"is_endless":false,"potions_floor_spawned":[4,5,14,18,28,29,33,35,42,44,48],"ascension_level":8}