{"gold_per_floor":[119,131,131,96,96,96,126,141,223,235,87,87,119,20,20,125,125,145,156,156,10,29,29,63,63,63,76,108,135,160,259,259,360,360,371,423,433,451,45,70,70,104,104,104,118,118,128,108,108,108,108,108,9,44,44],"floor_reached":56,"playtime":7011,"items_purged":[],"score":1478,"play_id":"cadf84fe-7760-4b61-813e-ce7b555df7ed","local_time":"20191027102039","is_ascension_mode":true,"campfire_choices":[{"floor":6.0,"key":"DIG"},{"floor":12.0,"key":"REST"},{"floor":15.0,"key":"DIG"},{"floor":23.0,"key":"RECALL"},{"floor":25.0,"key":"DIG"},{"floor":32.0,"key":"DIG"},{"floor":41.0,"key":"DIG"},{"floor":44.0,"key":"DIG"},{"floor":46.0,"key":"DIG"},{"floor":49.0,"key":"DIG"},{"floor":52.0,"key":"DIG"}],"neow_cost":"CURSE","seed_source_timestamp":255212683205400,"circlet_count":0,"master_deck":["Zap","Dualcast","Static Discharge","Redo","Double Energy","BootSequence","Beam Cell+1","Defragment","Rebound+1","Gash+1","Turbo","Conserve Battery","Gash+1","Hyperbeam+1","FTL+1","FTL+1","Creative AI","Undo","Force Field","Redo","Rip and Tear+1","Echo Form","Turbo+1","Melter+1","Reprogram","Leap","Streamline+1","Cold Snap+1","BootSequence","Sweeping Beam+1","Hologram+1","Conserve Battery+1","Biased Cognition","Cold Snap+1","Steam Power","Hologram+1","Parasite","Hologram+1","Loop","Storm+1","Heatsinks+1","Amplify","Skim+1","Darkness+1","Recycle+1"],"special_seed":0,"relics":["Cracked Core","Shovel","Regal Pillow","Spirit Poop","Vajra","Sundial","Molten Egg 2","Blood Vial","The Courier","Pandora\u0027s Box","Meat on the Bone","Red Mask","Pantograph","FossilizedHelix","Anchor","Pear","Boot","SlaversCollar","Turnip","Lee\u0027s Waffle","Frozen Egg 2","Symbiotic Virus","Unceasing Top","InkBottle","Question Card","Mango","Strawberry","Nunchaku","Cables","White Beast Statue"],"potions_floor_usage":[55,55,55],"damage_taken":[{"damage":14.0,"enemies":"Small Slimes","floor":1.0,"turns":4.0},{"damage":0.0,"enemies":"2 Louse","floor":2.0,"turns":3.0},{"damage":30.0,"enemies":"3 Sentries","floor":7.0,"turns":6.0},{"damage":1.0,"enemies":"Cultist","floor":8.0,"turns":3.0},{"damage":3.0,"enemies":"2 Fungi Beasts","floor":10.0,"turns":4.0},{"damage":21.0,"enemies":"Lagavulin","floor":13.0,"turns":4.0},{"damage":28.0,"enemies":"Slime Boss","floor":16.0,"turns":9.0},{"damage":0.0,"enemies":"3 Byrds","floor":18.0,"turns":3.0},{"damage":14.0,"enemies":"Spheric Guardian","floor":19.0,"turns":4.0},{"damage":3.0,"enemies":"Centurion and Healer","floor":22.0,"turns":5.0},{"damage":0.0,"enemies":"Masked Bandits","floor":24.0,"turns":2.0},{"damage":14.0,"enemies":"Snecko","floor":27.0,"turns":4.0},{"damage":0.0,"enemies":"Gremlin Leader","floor":28.0,"turns":5.0},{"damage":0.0,"enemies":"Slavers","floor":30.0,"turns":3.0},{"damage":57.0,"enemies":"Automaton","floor":33.0,"turns":12.0},{"damage":0.0,"enemies":"3 Darklings","floor":35.0,"turns":4.0},{"damage":20.0,"enemies":"2 Orb Walkers","floor":36.0,"turns":4.0},{"damage":11.0,"enemies":"3 Shapes","floor":37.0,"turns":6.0},{"damage":10.0,"enemies":"Writhing Mass","floor":38.0,"turns":6.0},{"damage":0.0,"enemies":"Reptomancer","floor":40.0,"turns":5.0},{"damage":0.0,"enemies":"Giant Head","floor":42.0,"turns":6.0},{"damage":0.0,"enemies":"Maw","floor":45.0,"turns":5.0},{"damage":0.0,"enemies":"Jaw Worm Horde","floor":47.0,"turns":4.0},{"damage":111.0,"enemies":"Time Eater","floor":50.0,"turns":12.0},{"damage":71.0,"enemies":"Shield and Spear","floor":54.0,"turns":6.0},{"damage":72,"enemies":"The Heart","floor":55,"turns":8}],"seed_played":"-6244933637873794327","potions_obtained":[{"floor":1.0,"key":"EssenceOfSteel"},{"floor":8.0,"key":"DistilledChaos"},{"floor":16.0,"key":"Weak Potion"},{"floor":24.0,"key":"LiquidMemories"},{"floor":27.0,"key":"SkillPotion"},{"floor":28.0,"key":"Energy Potion"},{"floor":36.0,"key":"LiquidBronze"},{"floor":40.0,"key":"Block Potion"},{"floor":42.0,"key":"Energy Potion"},{"floor":45.0,"key":"Ancient Potion"},{"floor":48.0,"key":"Dexterity Potion"}],"is_trial":false,"path_per_floor":["M","M","?","?","?","R","E","M","T","M","$","R","E","$","R","B",null,"M","M","T","$","M","R","?","R","T","M","E","T","E","?","R","B",null,"M","?","M","M","$","E","R","E","T","R","M","R","M","?","R","B",null,"R","$","E","B",null],"character_chosen":"DEFECT","items_purchased":["Defragment","Rebound+1","Gash+1","Conserve Battery","Gash+1","Reprogram","Leap","Streamline+1","Lee\u0027s Waffle","Loop","Frozen Egg 2","Storm+1","GamblersBrew","Energy Potion"],"campfire_rested":1,"item_purchase_floors":[11,11,11,14,14,21,21,21,39,39,39,39,53,53],"current_hp_per_floor":[61,61,49,67,67,67,37,36,36,33,33,70,49,49,49,23,75,75,61,61,61,60,60,62,62,62,50,52,52,64,64,64,40,85,85,65,56,48,92,92,92,92,92,106,106,113,113,113,113,14,113,113,113,54,21],"gold":44,"neow_bonus":"ONE_RARE_RELIC","is_prod":false,"is_daily":false,"chose_seed":false,"campfire_upgraded":0,"win_rate":0,"timestamp":1572186039,"path_taken":["M","M","?","?","?","R","E","M","T","M","$","R","E","$","R","BOSS","M","M","?","$","M","R","?","R","T","M","E","?","E","?","R","BOSS","M","?","M","M","$","E","R","E","T","R","M","R","M","?","R","BOSS","R","$","E","BOSS"],"build_version":"2019-10-25-V3","purchased_purges":0,"victory":true,"max_hp_per_floor":[75,75,75,75,75,75,75,75,75,75,75,75,75,75,75,75,75,75,75,75,75,75,75,75,75,75,75,75,75,85,85,85,85,85,85,85,85,85,92,92,92,92,92,106,106,113,113,113,113,113,113,113,113,113,113],"card_choices":[{"not_picked":["Cold Snap","Force Field"],"picked":"Static Discharge","floor":1.0},{"not_picked":["Beam Cell","Sweeping Beam"],"picked":"Redo","floor":2.0},{"not_picked":["Redo","Recycle"],"picked":"Double Energy","floor":7.0},{"not_picked":["Cold Snap","Streamline"],"picked":"BootSequence","floor":8.0},{"not_picked":["Gash+1","Recycle"],"picked":"Beam Cell+1","floor":10.0},{"not_picked":["Steam","Capacitor"],"picked":"Turbo","floor":13.0},{"not_picked":["Creative AI","Echo Form"],"picked":"Hyperbeam+1","floor":16.0},{"not_picked":["Hologram","Compile Driver+1"],"picked":"Turbo+1","floor":18.0},{"not_picked":["Redo+1","Gash+1"],"picked":"Melter+1","floor":19.0},{"not_picked":["Darkness","Compile Driver+1"],"picked":"Cold Snap+1","floor":22.0},{"not_picked":["Rebound+1","Redo"],"picked":"BootSequence","floor":24.0},{"not_picked":["Ball Lightning+1","Fission"],"picked":"Sweeping Beam+1","floor":27.0},{"not_picked":["Stack","Blizzard+1"],"picked":"Hologram+1","floor":28.0},{"not_picked":["Turbo","Cold Snap+1"],"picked":"Conserve Battery+1","floor":30.0},{"not_picked":["Echo Form","Reboot"],"picked":"Biased Cognition","floor":33.0},{"not_picked":["Leap+1","Barrage+1"],"picked":"Cold Snap+1","floor":35.0},{"not_picked":["Lockon+1","Streamline+1"],"picked":"Steam Power","floor":36.0},{"not_picked":["Compile Driver+1","Rebound+1"],"picked":"Hologram+1","floor":37.0},{"not_picked":["Reprogram","Compile Driver+1"],"picked":"Hologram+1","floor":38.0},{"not_picked":["Scrape+1","Turbo+1"],"picked":"Heatsinks+1","floor":40.0},{"not_picked":["Leap","Ball Lightning+1"],"picked":"Amplify","floor":42.0},{"not_picked":["Beam Cell+1","BootSequence","Compile Driver+1"],"picked":"Skim+1","floor":45.0},{"not_picked":["Beam Cell+1","Go for the Eyes+1","Barrage+1"],"picked":"Darkness+1","floor":47.0},{"not_picked":["Hologram","Rebound+1","Conserve Battery"],"picked":"Recycle+1","floor":54.0}],"player_experience":233284,"relics_obtained":[{"floor":6.0,"key":"Vajra"},{"floor":7.0,"key":"Sundial"},{"floor":9.0,"key":"Molten Egg 2"},{"floor":13.0,"key":"Blood Vial"},{"floor":15.0,"key":"The Courier"},{"floor":20.0,"key":"Meat on the Bone"},{"floor":24.0,"key":"Red Mask"},{"floor":25.0,"key":"Pantograph"},{"floor":28.0,"key":"FossilizedHelix"},{"floor":29.0,"key":"Anchor"},{"floor":30.0,"key":"Pear"},{"floor":32.0,"key":"Boot"},{"floor":36.0,"key":"Turnip"},{"floor":40.0,"key":"Symbiotic Virus"},{"floor":41.0,"key":"Unceasing Top"},{"floor":42.0,"key":"InkBottle"},{"floor":43.0,"key":"Question Card"},{"floor":44.0,"key":"Mango"},{"floor":46.0,"key":"Strawberry"},{"floor":49.0,"key":"Nunchaku"},{"floor":52.0,"key":"Cables"},{"floor":54.0,"key":"White Beast Statue"}],"event_choices":[{"damage_healed":0.0,"max_hp_gain":0.0,"max_hp_loss":0.0,"gold_gain":0.0,"event_name":"Scrap Ooze","player_choice":"Success","floor":3.0,"gold_loss":0.0,"damage_taken":12.0,"relics_obtained":["Regal Pillow"]},{"damage_healed":18.0,"max_hp_gain":0.0,"max_hp_loss":0.0,"gold_gain":0.0,"event_name":"The Cleric","player_choice":"Healed","floor":4.0,"gold_loss":35.0,"damage_taken":0.0},{"cards_removed":["Injury"],"damage_healed":0.0,"max_hp_gain":0.0,"max_hp_loss":0.0,"gold_gain":0.0,"event_name":"Bonfire Elementals","player_choice":"Offered Curse","floor":5.0,"gold_loss":0.0,"damage_taken":0.0,"relics_obtained":["Spirit Poop"]},{"damage_healed":0.0,"max_hp_gain":0.0,"max_hp_loss":0.0,"gold_gain":0.0,"event_name":"Masked Bandits","player_choice":"Fought Bandits","floor":24.0,"gold_loss":0.0,"damage_taken":0.0},{"damage_healed":0.0,"max_hp_gain":0.0,"max_hp_loss":0.0,"gold_gain":99.0,"event_name":"Nest","player_choice":"Stole From Cult","floor":31.0,"gold_loss":0.0,"damage_taken":0.0},{"damage_healed":0.0,"max_hp_gain":0.0,"max_hp_loss":0.0,"gold_gain":0.0,"event_name":"Mysterious Sphere","player_choice":"Fight","floor":36.0,"gold_loss":0.0,"damage_taken":0.0},{"damage_healed":0.0,"max_hp_gain":0.0,"max_hp_loss":0.0,"gold_gain":0.0,"event_name":"The Woman in Blue","player_choice":"Bought 1 Potion","floor":48.0,"gold_loss":0.0,"damage_taken":0.0}],"is_beta":true,"boss_relics":[{"not_picked":["Cursed Key","FrozenCore"],"picked":"Pandora\u0027s Box"},{"not_picked":["Fusion Hammer","Black Star"],"picked":"SlaversCollar"}],"items_purged_floors":[],"is_endless":false,"potions_floor_spawned":[1,8,16,24,27,28,36,40,42,45],"ascension_level":1}