{"gold_per_floor":[10,23,37,54,28,41,41,55,82,82,100,100,127,127,127,222,222,241,251,270,284,17,17,31,59,82,82,82,82,112,37,37,37],"floor_reached":33,"playtime":3390,"items_purged":["Strike_R"],"score":319,"play_id":"b4ce8d20-1092-437f-bdc9-af422ecf6480","local_time":"20191020005028","is_ascension_mode":false,"campfire_choices":[{"data":"Feed","floor":7,"key":"SMITH"},{"data":"Shrug It Off","floor":10,"key":"SMITH"},{"data":"Flame Barrier","floor":15,"key":"SMITH"},{"data":"Limit Break","floor":23,"key":"SMITH"},{"data":"Whirlwind","floor":27,"key":"SMITH"},{"floor":29,"key":"REST"},{"data":"Shockwave","floor":32,"key":"SMITH"}],"neow_cost":"NO_GOLD","seed_source_timestamp":762028082677856,"circlet_count":0,"master_deck":["Strike_R","Strike_R","Strike_R","Defend_R","Defend_R","Defend_R","Defend_R","Bash","Feed+1","Thunderclap","Shrug It Off+1","Headbutt","Cleave","Feel No Pain","Flame Barrier+1","Feel No Pain","Offering","Limit Break+1","Armaments+1","True Grit+1","Shrug It Off","Flex","Whirlwind+1","Heavy Blade","Shockwave+1"],"relics":["Burning Blood","Pen Nib","Question Card","Philosopher\u0027s Stone","Brimstone","Oddly Smooth Stone","Omamori","Enchiridion","Tiny Chest"],"potions_floor_usage":[16,16,18,25,33],"damage_taken":[{"damage":5,"enemies":"Cultist","floor":1,"turns":4},{"damage":5,"enemies":"Small Slimes","floor":2,"turns":4},{"damage":8,"enemies":"Jaw Worm","floor":3,"turns":3},{"damage":2,"enemies":"2 Fungi Beasts","floor":4,"turns":4},{"damage":8,"enemies":"Large Slime","floor":6,"turns":4},{"damage":13,"enemies":"Exordium Wildlife","floor":8,"turns":6},{"damage":1,"enemies":"2 Fungi Beasts","floor":11,"turns":3},{"damage":27,"enemies":"Lagavulin","floor":13,"turns":10},{"damage":51,"enemies":"Hexaghost","floor":16,"turns":11},{"damage":20,"enemies":"3 Byrds","floor":18,"turns":4},{"damage":12,"enemies":"Shell Parasite","floor":19,"turns":6},{"damage":22,"enemies":"Snecko","floor":20,"turns":5},{"damage":16,"enemies":"Snake Plant","floor":21,"turns":5},{"damage":23,"enemies":"Centurion and Healer","floor":24,"turns":4},{"damage":17,"enemies":"Slavers","floor":25,"turns":2},{"damage":90,"enemies":"Automaton","floor":33,"turns":6}],"seed_played":"6631638270210493608","potions_obtained":[{"floor":1,"key":"FearPotion"},{"floor":4,"key":"Strength Potion"},{"floor":8,"key":"Explosive Potion"},{"floor":11,"key":"LiquidBronze"},{"floor":19,"key":"Energy Potion"},{"floor":25,"key":"Poison Potion"}],"is_trial":false,"path_per_floor":["M","M","M","M","$","M","R","M","T","R","M","?","E","?","R","B",null,"M","M","M","M","$","R","M","E","T","R","?","R","?","$","R","B"],"character_chosen":"IRONCLAD","items_purchased":["Cleave","Whirlwind","Brimstone"],"campfire_rested":1,"item_purchase_floors":[5,22,22],"current_hp_per_floor":[83,86,84,89,89,87,87,80,80,80,89,89,72,72,72,27,97,87,85,73,63,63,63,50,39,39,39,23,56,56,56,56,0],"gold":37,"neow_bonus":"THREE_RARE_CARDS","is_prod":false,"is_daily":false,"chose_seed":false,"campfire_upgraded":6,"win_rate":0,"timestamp":1571547028,"path_taken":["M","M","M","M","?","M","R","M","T","R","M","?","E","?","R","BOSS","M","M","M","M","$","R","M","E","T","R","?","R","?","?","R","BOSS"],"build_version":"2019-07-17","purchased_purges":1,"victory":false,"max_hp_per_floor":[83,86,86,89,89,89,89,89,89,89,93,93,97,97,97,97,97,101,105,109,109,109,109,113,113,113,113,113,113,113,113,113,113],"card_choices":[{"not_picked":["Impervious","Immolate"],"picked":"Feed","floor":0},{"not_picked":["Blood for Blood","Warcry","Anger"],"picked":"SKIP","floor":1},{"not_picked":["Fire Breathing","Ghostly Armor"],"picked":"Thunderclap","floor":2},{"not_picked":["Havoc","Ghostly Armor"],"picked":"Shrug It Off","floor":3},{"not_picked":["Sever Soul","Flex"],"picked":"Headbutt","floor":4},{"not_picked":["Thunderclap","Havoc","Burning Pact"],"picked":"SKIP","floor":6},{"not_picked":["Flex","Searing Blow"],"picked":"Feel No Pain","floor":8},{"not_picked":["Cleave","Combust"],"picked":"Flame Barrier","floor":11},{"not_picked":["Thunderclap","Wild Strike"],"picked":"Offering","floor":13},{"not_picked":["Double Tap","Berserk","Juggernaut"],"picked":"Limit Break","floor":16},{"not_picked":["Perfected Strike+1","Cleave","Carnage"],"picked":"Armaments+1","floor":18},{"not_picked":["Wild Strike+1","Sentinel+1","Seeing Red"],"picked":"True Grit+1","floor":19},{"not_picked":["Body Slam","Combust","Pommel Strike"],"picked":"Shrug It Off","floor":20},{"not_picked":["Armaments","Impervious","Havoc"],"picked":"Flex","floor":21},{"not_picked":["Second Wind","Wild Strike+1","Warcry+1"],"picked":"Heavy Blade","floor":24},{"not_picked":["Havoc","Metallicize","Clash"],"picked":"Shockwave","floor":25}],"player_experience":621229,"relics_obtained":[{"floor":9,"key":"Pen Nib"},{"floor":13,"key":"Question Card"},{"floor":25,"key":"Oddly Smooth Stone"},{"floor":26,"key":"Omamori"},{"floor":28,"key":"Enchiridion"}],"event_choices":[{"damage_healed":0,"gold_gain":0,"cards_transformed":["Strike_R"],"player_choice":"Change","damage_taken":0,"max_hp_gain":0,"max_hp_loss":0,"event_name":"Living Wall","floor":12,"gold_loss":0,"cards_obtained":["Feel No Pain"]},{"damage_healed":0,"gold_gain":0,"player_choice":"Ignored","damage_taken":0,"max_hp_gain":0,"max_hp_loss":0,"event_name":"Liars Game","floor":14,"gold_loss":0},{"damage_healed":0,"gold_gain":0,"player_choice":"Obtained Book","damage_taken":16,"max_hp_gain":0,"max_hp_loss":0,"event_name":"Cursed Tome","floor":28,"gold_loss":0},{"damage_healed":0,"gold_gain":0,"player_choice":"Stole Relic","damage_taken":0,"relics_obtained":["Tiny Chest"],"max_hp_gain":0,"max_hp_loss":0,"event_name":"Addict","floor":30,"gold_loss":0,"cards_obtained":["Shame"]}],"is_beta":false,"boss_relics":[{"not_picked":["Busted Crown","Eternal Feather"],"picked":"Philosopher\u0027s Stone"}],"items_purged_floors":[31],"is_endless":false,"potions_floor_spawned":[1,4,8,11,13,19,25],"killed_by":"Automaton","ascension_level":0}