{"gold_per_floor":[118,130,29,45,55,55,72,72,72,72,222,222,237,98,98,174,224,235,253,95,114,124,124,142,142,168,197,223,235],"floor_reached":29,"playtime":1286,"items_purged":["Strike_B","Doubt"],"score":431,"play_id":"705f4ecd-9627-44b0-adb0-0db12936271d","local_time":"20191027133514","is_ascension_mode":true,"campfire_choices":[{"data":"Coolheaded","floor":6.0,"key":"SMITH"},{"floor":8.0,"key":"REST"},{"data":"Go for the Eyes","floor":10.0,"key":"SMITH"},{"floor":15.0,"key":"REST"},{"floor":23.0,"key":"REST"},{"data":"Cold Snap","floor":25.0,"key":"SMITH"}],"neow_cost":"NONE","seed_source_timestamp":360738324622700,"circlet_count":0,"master_deck":["AscendersBane","Strike_B+1","Strike_B","Strike_B","Defend_B","Defend_B","Defend_B","Defend_B","Zap","Dualcast","Go for the Eyes+1","Gash","Cold Snap","Coolheaded+1","Cold Snap+1","Undo","Fission","Loop","Core Surge","Hologram","Cold Snap+1","Melter","Self Repair","Barrage","Undo","Coolheaded+1","Leap+1"],"special_seed":0,"relics":["Cracked Core","NeowsBlessing","Sundial","SsserpentHead","Tiny House","Boot","MawBank"],"potions_floor_usage":[28],"damage_taken":[{"damage":0.0,"enemies":"Jaw Worm","floor":1.0,"turns":1.0},{"damage":0.0,"enemies":"Small Slimes","floor":2.0,"turns":1.0},{"damage":0.0,"enemies":"Cultist","floor":4.0,"turns":1.0},{"damage":8.0,"enemies":"3 Louse","floor":5.0,"turns":3.0},{"damage":32.0,"enemies":"Exordium Thugs","floor":7.0,"turns":3.0},{"damage":2.0,"enemies":"Looter","floor":13.0,"turns":4.0},{"damage":23.0,"enemies":"The Guardian","floor":16.0,"turns":15.0},{"damage":33.0,"enemies":"3 Byrds","floor":18.0,"turns":9.0},{"damage":7.0,"enemies":"Spheric Guardian","floor":19.0,"turns":6.0},{"damage":18.0,"enemies":"Snake Plant","floor":21.0,"turns":4.0},{"damage":29.0,"enemies":"Shelled Parasite and Fungi","floor":22.0,"turns":7.0},{"damage":4.0,"enemies":"Sentry and Sphere","floor":24.0,"turns":3.0},{"damage":30.0,"enemies":"3 Cultists","floor":27.0,"turns":7.0},{"damage":18,"enemies":"Snecko","floor":28,"turns":9},{"damage":11,"enemies":"Shelled Parasite and Fungi","floor":29,"turns":4}],"seed_played":"6474620724607749638","potions_obtained":[{"floor":4.0,"key":"EssenceOfSteel"},{"floor":5.0,"key":"LiquidBronze"},{"floor":16.0,"key":"Regen Potion"},{"floor":17.0,"key":"Regen Potion"},{"floor":19.0,"key":"SkillPotion"},{"floor":21.0,"key":"Explosive Potion"},{"floor":24.0,"key":"AttackPotion"},{"floor":27.0,"key":"EssenceOfSteel"}],"is_trial":false,"path_per_floor":["M","M","$","M","M","R","M","R","T","R","?","?","M","$","R","B",null,"M","M","$","M","M","R","M","R","T","M","M","M"],"character_chosen":"DEFECT","items_purchased":["Cold Snap","Loop","Boot"],"campfire_rested":3,"item_purchase_floors":[3,14,20],"current_hp_per_floor":[64,64,64,64,56,56,24,45,45,45,45,45,43,43,64,41,69,51,44,44,26,18,40,43,43,43,20,9,0],"gold":235,"neow_bonus":"THREE_ENEMY_KILL","is_prod":false,"is_daily":false,"chose_seed":false,"campfire_upgraded":3,"win_rate":0,"timestamp":1572208514,"path_taken":["M","M","$","M","M","R","M","R","T","R","?","?","M","$","R","BOSS","M","M","$","M","M","R","M","R","T","M","M","M"],"build_version":"2019-07-17","purchased_purges":2,"victory":false,"max_hp_per_floor":[71,71,71,71,71,71,71,71,71,71,71,71,71,71,71,71,76,76,76,76,76,76,76,76,76,76,76,76,76],"card_choices":[{"not_picked":["Sweeping Beam","Rebound"],"picked":"Go for the Eyes","floor":1.0},{"not_picked":["Recycle","Barrage"],"picked":"Gash","floor":2.0},{"not_picked":["Undo","Redo"],"picked":"Coolheaded","floor":4.0},{"not_picked":["Doom and Gloom","Reprogram"],"picked":"Cold Snap","floor":5.0},{"not_picked":["Streamline","Lockon"],"picked":"Undo","floor":7.0},{"not_picked":["Turbo","Hello World"],"picked":"Fission","floor":13.0},{"not_picked":["Creative AI","Echo Form"],"picked":"Core Surge","floor":16.0},{"not_picked":["Steam Power","Melter"],"picked":"Hologram","floor":17.0},{"not_picked":["Stack","Conserve Battery"],"picked":"Cold Snap+1","floor":18.0},{"not_picked":["Compile Driver","Force Field"],"picked":"Melter","floor":19.0},{"not_picked":["Coolheaded","Stack"],"picked":"Self Repair","floor":21.0},{"not_picked":["Ball Lightning","Static Discharge"],"picked":"Barrage","floor":22.0},{"not_picked":["Self Repair","BootSequence"],"picked":"Undo","floor":24.0},{"not_picked":["Hello World","Static Discharge"],"picked":"Coolheaded+1","floor":27.0},{"not_picked":["Core Surge","Rebound"],"picked":"Leap+1","floor":28}],"player_experience":737438,"relics_obtained":[{"floor":9.0,"key":"Sundial"},{"floor":26.0,"key":"MawBank"}],"event_choices":[{"damage_healed":0.0,"max_hp_gain":0.0,"max_hp_loss":0.0,"gold_gain":150.0,"event_name":"Liars Game","player_choice":"AGREE","floor":11.0,"gold_loss":0.0,"damage_taken":0.0,"cards_obtained":["Doubt"]},{"damage_healed":0.0,"max_hp_gain":0.0,"max_hp_loss":0.0,"gold_gain":0.0,"event_name":"FaceTrader","player_choice":"Trade","floor":12.0,"gold_loss":0.0,"damage_taken":0.0,"relics_obtained":["SsserpentHead"]}],"is_beta":false,"boss_relics":[{"not_picked":["Lizard Tail","Astrolabe"],"picked":"Tiny House"}],"items_purged_floors":[3,14],"is_endless":false,"potions_floor_spawned":[4,5,16,19,21,24,27],"killed_by":"Shelled Parasite and Fungi","ascension_level":19}