{"gold_per_floor":[144,189,234,279,0,0,45,90,90,90,135,180,225,315,315,615,615,660,705,2,47,92,182,227,317,392,437,437,527,572,617,617,917,917,962,1007,1052,386,431,521,521,796,821,18,108,153,198,288,288,288],"floor_reached":51,"playtime":10198,"items_purged":["Strike_B"],"score":886,"play_id":"b17f29e6-01ce-49b1-8bc4-8973d4a655a3","local_time":"20191020073836","daily_mods":["Heirloom","Time Dilation","Midas"],"is_ascension_mode":false,"campfire_choices":[{"floor":6.0,"key":"REST"},{"floor":15.0,"key":"REST"},{"floor":28.0,"key":"REST"},{"floor":32.0,"key":"REST"},{"floor":41.0,"key":"REST"},{"floor":49.0,"key":"REST"}],"neow_cost":"","seed_source_timestamp":0,"circlet_count":0,"master_deck":["Strike_B","Defend_B","Defend_B","Defend_B+1","Zap","Dualcast","Fusion+1","Capacitor","Beam Cell","Leap","Self Repair","Steam","Cold Snap","Chaos","Consume","Redo","Steam Power","Fission","Fission","Electrodynamics","Darkness+1","Recycle+1","Doom and Gloom+1","Melter","Genetic Algorithm+1","Self Repair+1","White Noise","Scrape","Chaos","Mind Blast+1","Sweeping Beam","Meteor Strike","Biased Cognition+1","Fusion+1","Consume+1","Coolheaded","Heatsinks+1","Compile Driver","Turbo+1","Creative AI+1","Force Field","Go for the Eyes+1","Auto Shields","Defragment+1","Core Surge","Beam Cell+1","Finesse","Genetic Algorithm","Consume","Rebound+1","Loop+1","Regret","Biased Cognition+1","Doom and Gloom","All For One","Redo+1","Hyperbeam","Stack+1","Tempest"],"special_seed":18189,"relics":["Cracked Core","Unceasing Top","TheAbacus","War Paint","Bag of Marbles","Astrolabe","Frozen Egg 2","Dead Branch","Juzu Bracelet","Eternal Feather","Smiling Mask","Sozu","Whetstone","DataDisk","Vajra","Bird Faced Urn","ClockworkSouvenir","Mercury Hourglass","CaptainsWheel"],"potions_floor_usage":[50],"damage_taken":[{"damage":0.0,"enemies":"Cultist","floor":1.0,"turns":4.0},{"damage":1.0,"enemies":"Small Slimes","floor":2.0,"turns":4.0},{"damage":0.0,"enemies":"2 Louse","floor":3.0,"turns":2.0},{"damage":8.0,"enemies":"2 Fungi Beasts","floor":4.0,"turns":4.0},{"damage":1.0,"enemies":"Large Slime","floor":7.0,"turns":7.0},{"damage":4.0,"enemies":"Blue Slaver","floor":8.0,"turns":4.0},{"damage":16.0,"enemies":"2 Fungi Beasts","floor":11.0,"turns":5.0},{"damage":14.0,"enemies":"Exordium Thugs","floor":12.0,"turns":8.0},{"damage":4.0,"enemies":"Exordium Wildlife","floor":13.0,"turns":3.0},{"damage":9.0,"enemies":"3 Sentries","floor":14.0,"turns":3.0},{"damage":67.0,"enemies":"The Guardian","floor":16.0,"turns":14.0},{"damage":6.0,"enemies":"Shell Parasite","floor":18.0,"turns":4.0},{"damage":17.0,"enemies":"Chosen","floor":19.0,"turns":6.0},{"damage":40.0,"enemies":"Shelled Parasite and Fungi","floor":21.0,"turns":7.0},{"damage":5.0,"enemies":"Centurion and Healer","floor":22.0,"turns":4.0},{"damage":26.0,"enemies":"Gremlin Leader","floor":23.0,"turns":4.0},{"damage":0.0,"enemies":"Snake Plant","floor":24.0,"turns":1.0},{"damage":20.0,"enemies":"Book of Stabbing","floor":25.0,"turns":4.0},{"damage":18.0,"enemies":"Cultist and Chosen","floor":27.0,"turns":8.0},{"damage":15.0,"enemies":"Slavers","floor":29.0,"turns":7.0},{"damage":14.0,"enemies":"3 Cultists","floor":30.0,"turns":6.0},{"damage":0.0,"enemies":"Snake Plant","floor":31.0,"turns":1.0},{"damage":64.0,"enemies":"Automaton","floor":33.0,"turns":13.0},{"damage":8.0,"enemies":"Orb Walker","floor":35.0,"turns":3.0},{"damage":5.0,"enemies":"3 Shapes","floor":36.0,"turns":4.0},{"damage":46.0,"enemies":"Sphere and 2 Shapes","floor":37.0,"turns":8.0},{"damage":14.0,"enemies":"3 Darklings","floor":39.0,"turns":5.0},{"damage":14.0,"enemies":"Giant Head","floor":40.0,"turns":8.0},{"damage":47.0,"enemies":"Nemesis","floor":45.0,"turns":7.0},{"damage":17.0,"enemies":"Spire Growth","floor":46.0,"turns":4.0},{"damage":0.0,"enemies":"Sphere and 2 Shapes","floor":47.0,"turns":3.0},{"damage":37.0,"enemies":"Giant Head","floor":48.0,"turns":8.0},{"damage":65,"enemies":"Awakened One","floor":50,"turns":8}],"seed_played":"-5003695642774057606","potions_obtained":[{"floor":1.0,"key":"PowerPotion"},{"floor":3.0,"key":"AttackPotion"},{"floor":4.0,"key":"FairyPotion"},{"floor":10.0,"key":"LiquidMemories"},{"floor":13.0,"key":"AttackPotion"},{"floor":14.0,"key":"SneckoOil"},{"floor":18.0,"key":"AttackPotion"},{"floor":21.0,"key":"LiquidMemories"},{"floor":23.0,"key":"CultistPotion"},{"floor":25.0,"key":"FearPotion"},{"floor":27.0,"key":"AttackPotion"},{"floor":31.0,"key":"Fire Potion"}],"is_trial":false,"path_per_floor":["M","M","M","M","$","R","M","M","T","?","M","M","M","E","R","B",null,"M","M","$","M","M","E","M","E","T","M","R","E","M","M","R","B",null,"M","M","M","$","M","E","R","?","T","$","E","M","M","E","R","B",null],"character_chosen":"DEFECT","items_purchased":["Self Repair","TheAbacus","Steam","Cold Snap","Frozen Egg 2","Self Repair+1","White Noise","Scrape","Chaos","CultistPotion","Mind Blast","Defragment+1","Core Surge","Beam Cell","Finesse","Genetic Algorithm","Consume","Whetstone","Biased Cognition+1","Doom and Gloom","All For One","Bird Faced Urn","ClockworkSouvenir"],"campfire_rested":6,"item_purchase_floors":[5,5,5,5,20,20,20,20,20,20,20,38,38,38,38,38,38,38,44,44,44,44,44],"current_hp_per_floor":[75,74,74,66,66,75,75,75,75,75,66,59,62,60,75,15,75,75,65,65,42,54,28,38,35,35,34,75,67,70,70,75,21,75,67,72,36,36,39,42,75,75,75,75,65,62,75,75,75,28],"gold":288,"neow_bonus":"","is_prod":false,"is_daily":true,"chose_seed":false,"campfire_upgraded":0,"win_rate":0,"timestamp":1571571516,"path_taken":["M","M","M","M","$","R","M","M","T","?","M","M","M","E","R","BOSS","M","M","$","M","M","E","M","E","T","M","R","E","M","M","R","BOSS","M","M","M","$","M","E","R","?","T","$","E","M","M","E","R","BOSS"],"build_version":"2019-10-18","purchased_purges":1,"victory":true,"max_hp_per_floor":[75,75,75,75,75,75,75,75,75,75,75,75,75,75,75,75,75,75,75,75,75,75,75,75,75,75,75,75,75,75,75,75,75,75,75,75,75,75,75,75,75,75,75,75,75,75,75,75,75,75],"card_choices":[{"not_picked":["Leap","Skim"],"picked":"Fusion","floor":1.0},{"not_picked":["Go for the Eyes","Compile Driver"],"picked":"Capacitor","floor":2.0},{"not_picked":["Ball Lightning","Compile Driver"],"picked":"Beam Cell","floor":3.0},{"not_picked":["Barrage","Go for the Eyes"],"picked":"Leap","floor":4.0},{"not_picked":["Recycle","Hologram"],"picked":"Chaos","floor":7.0},{"not_picked":["Leap","Self Repair"],"picked":"Consume","floor":8.0},{"not_picked":["Go for the Eyes","Stack"],"picked":"Redo","floor":11.0},{"not_picked":["Redo","Stack"],"picked":"Steam Power","floor":12.0},{"not_picked":["Chill","Hologram"],"picked":"Fission","floor":13.0},{"not_picked":["Sweeping Beam","Rebound"],"picked":"Fission","floor":14.0},{"not_picked":["Machine Learning","Buffer"],"picked":"Electrodynamics","floor":16.0},{"not_picked":["Ball Lightning","Leap+1"],"picked":"Melter","floor":18.0},{"not_picked":["Sweeping Beam+1","Leap"],"picked":"Genetic Algorithm+1","floor":19.0},{"not_picked":["Barrage","Go for the Eyes"],"picked":"Sweeping Beam","floor":21.0},{"not_picked":["Coolheaded","Rebound"],"picked":"Meteor Strike","floor":22.0},{"not_picked":["Hologram","Undo+1"],"picked":"Biased Cognition+1","floor":23.0},{"not_picked":["Cold Snap","Conserve Battery"],"picked":"Fusion+1","floor":24.0},{"not_picked":["Thunder Strike","Go for the Eyes"],"picked":"Consume+1","floor":25.0},{"not_picked":["Tempest","Consume"],"picked":"Coolheaded","floor":27.0},{"not_picked":["Stack","Undo"],"picked":"Heatsinks+1","floor":29.0},{"not_picked":["Scrape","Steam Power"],"picked":"Compile Driver","floor":30.0},{"not_picked":["Hologram+1","Barrage"],"picked":"Turbo+1","floor":31.0},{"not_picked":["Machine Learning+1","Rainbow"],"picked":"Creative AI+1","floor":33.0},{"not_picked":["Leap","Genetic Algorithm+1"],"picked":"Force Field","floor":35.0},{"not_picked":["Rebound","Hologram+1"],"picked":"Go for the Eyes+1","floor":36.0},{"not_picked":["Coolheaded","Steam"],"picked":"Auto Shields","floor":37.0},{"not_picked":["Compile Driver+1","Go for the Eyes+1"],"picked":"Rebound+1","floor":39.0},{"not_picked":["FTL+1","Chill"],"picked":"Loop+1","floor":40.0},{"not_picked":["Gash","Conserve Battery"],"picked":"Redo+1","floor":45.0},{"not_picked":["Steam Power","Auto Shields+1"],"picked":"Hyperbeam","floor":46.0},{"not_picked":["Hello World+1","Streamline"],"picked":"Stack+1","floor":47.0},{"not_picked":["Ball Lightning","Stack"],"picked":"Tempest","floor":48.0}],"player_experience":142175,"relics_obtained":[{"floor":9.0,"key":"War Paint"},{"floor":14.0,"key":"Bag of Marbles"},{"floor":23.0,"key":"Dead Branch"},{"floor":25.0,"key":"Juzu Bracelet"},{"floor":26.0,"key":"Eternal Feather"},{"floor":29.0,"key":"Smiling Mask"},{"floor":40.0,"key":"DataDisk"},{"floor":43.0,"key":"Vajra"},{"floor":45.0,"key":"Mercury Hourglass"},{"floor":48.0,"key":"CaptainsWheel"}],"event_choices":[{"damage_healed":0.0,"max_hp_gain":0.0,"max_hp_loss":0.0,"gold_gain":0.0,"event_name":"Lab","player_choice":"Got Potions","floor":10.0,"gold_loss":0.0,"damage_taken":0.0},{"damage_healed":0.0,"max_hp_gain":0.0,"max_hp_loss":0.0,"gold_gain":275.0,"event_name":"Golden Shrine","player_choice":"Desecrate","floor":42.0,"gold_loss":0.0,"damage_taken":0.0,"cards_obtained":["Regret"]}],"is_beta":true,"boss_relics":[{"not_picked":["Cursed Key","Runic Pyramid"],"picked":"Astrolabe"},{"not_picked":["Runic Dome","Velvet Choker"],"picked":"Sozu"}],"items_purged_floors":[38],"is_endless":false,"potions_floor_spawned":[1,3,4,13,14,18,21,23,25,27,31,36,46,47,48],"ascension_level":0}