{"gold_per_floor":[217,217,21,21,37,37,66,31,31,31,43,43,57,68,68,169,169,180,22,32,32,44,44],"floor_reached":23,"playtime":3624,"items_purged":[],"score":191,"play_id":"43838f9e-d22d-4d7f-956f-2ecd2555e859","local_time":"20191014085926","is_ascension_mode":false,"campfire_choices":[{"floor":6,"key":"REST"},{"data":"Dualcast","floor":10,"key":"SMITH"},{"data":"Conserve Battery","floor":15,"key":"SMITH"}],"neow_cost":"NONE","seed_source_timestamp":232981719145700,"circlet_count":0,"master_deck":["Strike_B","Strike_B","Defend_B","Defend_B","Defend_B+1","Defend_B","Zap+1","Dualcast+1","Gash","Redo","Coolheaded","Reinforced Body","FTL","Conserve Battery+1","Fission","Steam","Thunder Strike","Chill+1","Self Repair"],"relics":["Cracked Core","ClockworkSouvenir","Bottled Lightning","Nunchaku","Black Star"],"potions_floor_usage":[18,20,22,23],"damage_taken":[{"damage":6,"enemies":"Jaw Worm","floor":1,"turns":4},{"damage":0,"enemies":"Small Slimes","floor":5,"turns":3},{"damage":19,"enemies":"3 Sentries","floor":7,"turns":8},{"damage":0,"enemies":"Cultist","floor":11,"turns":4},{"damage":6,"enemies":"Lots of Slimes","floor":13,"turns":5},{"damage":0,"enemies":"2 Fungi Beasts","floor":14,"turns":4},{"damage":20,"enemies":"The Guardian","floor":16,"turns":13},{"damage":2,"enemies":"Shell Parasite","floor":18,"turns":10},{"damage":0,"enemies":"Spheric Guardian","floor":20,"turns":4},{"damage":13,"enemies":"Snake Plant","floor":22,"turns":8},{"damage":64,"enemies":"Slavers","floor":23,"turns":7}],"seed_played":"4703812760452668735","potions_obtained":[{"floor":7,"key":"GamblersBrew"},{"floor":13,"key":"LiquidBronze"},{"floor":16,"key":"AttackPotion"},{"floor":18,"key":"Weak Potion"}],"is_trial":false,"path_per_floor":["M","?","$","?","M","R","E","?","T","R","M","?","M","M","R","B",null,"M","$","M","$","M","E"],"character_chosen":"DEFECT","items_purchased":["ClockworkSouvenir","Thunder Strike"],"campfire_rested":1,"item_purchase_floors":[3,19],"current_hp_per_floor":[69,54,54,47,47,69,50,68,68,68,68,68,62,62,62,42,75,73,73,73,73,60,0],"gold":44,"neow_bonus":"HUNDRED_GOLD","is_prod":false,"is_daily":false,"chose_seed":false,"campfire_upgraded":2,"win_rate":0.0,"timestamp":1571057966,"path_taken":["M","?","$","?","M","R","E","?","T","R","M","?","M","M","R","BOSS","M","$","?","?","M","E"],"build_version":"2019-07-17","purchased_purges":0,"victory":false,"max_hp_per_floor":[75,75,75,75,75,75,75,75,75,75,75,75,75,75,75,75,75,75,75,75,75,75,75],"card_choices":[{"not_picked":["Hologram","Go for the Eyes"],"picked":"Gash","floor":1},{"not_picked":["Beam Cell","Leap"],"picked":"Redo","floor":5},{"not_picked":["Biased Cognition","Compile Driver"],"picked":"Coolheaded","floor":7},{"not_picked":["Coolheaded","Beam Cell"],"picked":"Reinforced Body","floor":11},{"not_picked":["Beam Cell","Chaos"],"picked":"FTL","floor":13},{"not_picked":["Ball Lightning","Chaos"],"picked":"Conserve Battery","floor":14},{"not_picked":["Machine Learning","Multi-Cast"],"picked":"Fission","floor":16},{"not_picked":["Conserve Battery","Ball Lightning+1"],"picked":"Steam","floor":18},{"not_picked":["Hologram+1","Steam Power+1"],"picked":"Chill+1","floor":20},{"not_picked":["Ball Lightning","Go for the Eyes+1"],"picked":"Self Repair","floor":22}],"player_experience":37516,"relics_obtained":[{"floor":7,"key":"Bottled Lightning"},{"floor":9,"key":"Nunchaku"}],"event_choices":[{"damage_healed":0,"gold_gain":0,"player_choice":"Entered Light","damage_taken":15,"max_hp_gain":0,"max_hp_loss":0,"event_name":"Shining Light","floor":2,"gold_loss":0,"cards_upgraded":["Defend_B","Zap"]},{"cards_removed":["Strike_B"],"damage_healed":0,"gold_gain":0,"player_choice":"Card Removal","damage_taken":7,"max_hp_gain":0,"max_hp_loss":0,"event_name":"Golden Wing","floor":4,"gold_loss":0},{"damage_healed":18,"gold_gain":0,"player_choice":"Healed","damage_taken":0,"max_hp_gain":0,"max_hp_loss":0,"event_name":"The Cleric","floor":8,"gold_loss":35},{"cards_removed":["Strike_B"],"damage_healed":0,"gold_gain":0,"player_choice":"Offered Basic","damage_taken":0,"max_hp_gain":0,"max_hp_loss":0,"event_name":"Bonfire Elementals","floor":12,"gold_loss":0}],"is_beta":false,"boss_relics":[{"not_picked":["Empty Cage","Ectoplasm"],"picked":"Black Star"}],"items_purged_floors":[],"is_endless":false,"potions_floor_spawned":[7,13,16,18],"killed_by":"Slavers","ascension_level":0}