{"gold_per_floor":[114,124,42,58,58,58,78,78,78,108,122,122,153,153,153,253,253,273,273,293,10,10,37,37,65,140,172,185,201,201,230,230,335,335,348,403,403,419,151,182,182],"floor_reached":41,"playtime":6257,"items_purged":["Strike_G"],"score":822,"play_id":"e44b7bf4-69cb-48ac-b667-6a355ca20400","local_time":"20191014232050","is_ascension_mode":true,"campfire_choices":[{"data":"Bouncing Flask","floor":6,"key":"SMITH"},{"data":"Catalyst","floor":8,"key":"SMITH"},{"data":"Neutralize","floor":12,"key":"SMITH"},{"floor":15,"key":"REST"},{"data":"Noxious Fumes","floor":24,"key":"SMITH"},{"data":"Footwork","floor":30,"key":"SMITH"},{"data":"Corpse Explosion","floor":32,"key":"SMITH"}],"neow_cost":"NONE","seed_source_timestamp":563432592516848,"circlet_count":0,"master_deck":["Strike_G+1","Strike_G","Defend_G","Defend_G","Defend_G","Defend_G","Defend_G","Survivor","Neutralize+1","Deep Breath","Flying Knee","Deadly Poison","Bouncing Flask+1","Backflip","Catalyst+1","Malaise+1","Dodge and Roll","Corpse Explosion+1","Outmaneuver+1","Footwork+1","Deadly Poison","Noxious Fumes+1","Concentrate","Eviscerate","Infinite Blades+1","Footwork+1","Dagger Spray+1","Bane+1","Setup+1","PiercingWail","After Image","PiercingWail+1","Acrobatics"],"relics":["Ring of the Snake","Turnip","FossilizedHelix","Mummified Hand","Sozu","Letter Opener","Paper Crane","Molten Egg 2","Mercury Hourglass","Orichalcum","Matryoshka","Philosopher\u0027s Stone","Girya","Pen Nib","OrangePellets","Frozen Egg 2"],"potions_floor_usage":[11,16,18,25],"damage_taken":[{"damage":1,"enemies":"Cultist","floor":1,"turns":5},{"damage":0,"enemies":"Small Slimes","floor":2,"turns":4},{"damage":0,"enemies":"2 Louse","floor":4,"turns":4},{"damage":3,"enemies":"2 Fungi Beasts","floor":7,"turns":3},{"damage":22,"enemies":"3 Sentries","floor":10,"turns":6},{"damage":3,"enemies":"Exordium Wildlife","floor":11,"turns":3},{"damage":0,"enemies":"Lagavulin","floor":13,"turns":3},{"damage":0,"enemies":"The Guardian","floor":16,"turns":7},{"damage":0,"enemies":"2 Thieves","floor":18,"turns":2},{"damage":0,"enemies":"Chosen","floor":20,"turns":4},{"damage":0,"enemies":"Book of Stabbing","floor":23,"turns":5},{"damage":8,"enemies":"Gremlin Leader","floor":25,"turns":6},{"damage":1,"enemies":"Book of Stabbing","floor":27,"turns":5},{"damage":0,"enemies":"Snecko","floor":28,"turns":2},{"damage":0,"enemies":"Cultist and Chosen","floor":29,"turns":3},{"damage":5,"enemies":"Slavers","floor":31,"turns":3},{"damage":12,"enemies":"Champ","floor":33,"turns":7},{"damage":0,"enemies":"Orb Walker","floor":35,"turns":3},{"damage":30,"enemies":"2 Orb Walkers","floor":36,"turns":5},{"damage":4,"enemies":"3 Shapes","floor":38,"turns":3},{"damage":18,"enemies":"Nemesis","floor":40,"turns":5},{"damage":12,"enemies":"Sphere and 2 Shapes","floor":41,"turns":3}],"seed_played":"4684418296819793475","potions_obtained":[{"floor":1,"key":"Weak Potion"},{"floor":4,"key":"Ancient Potion"},{"floor":7,"key":"GamblersBrew"},{"floor":16,"key":"Fire Potion"}],"is_trial":false,"path_per_floor":["M","M","$","M","$","R","M","R","T","E","M","R","E","?","R","B",null,"M","?","M","$","?","E","R","E","T","E","M","M","R","E","R","B",null,"M","?","T","M","$","E","M"],"character_chosen":"THE_SILENT","items_purchased":["Bouncing Flask","Noxious Fumes","Letter Opener","OrangePellets"],"campfire_rested":1,"item_purchase_floors":[3,21,21,39],"current_hp_per_floor":[62,62,62,62,62,62,59,59,59,37,34,34,34,20,41,41,63,63,63,63,63,63,63,63,55,55,54,54,54,54,49,49,37,62,62,32,32,28,28,10,0],"gold":182,"neow_bonus":"RANDOM_COLORLESS","is_prod":false,"is_daily":false,"chose_seed":false,"campfire_upgraded":6,"win_rate":0,"timestamp":1571109650,"path_taken":["M","M","$","M","$","R","M","R","T","E","?","R","E","?","R","BOSS","M","?","M","$","?","E","R","E","T","E","M","M","R","E","R","BOSS","M","?","?","M","$","E","M"],"build_version":"2019-07-17","purchased_purges":1,"victory":false,"max_hp_per_floor":[70,70,70,70,70,70,70,70,70,70,70,70,70,70,70,70,70,70,70,70,70,70,70,70,70,70,70,70,70,70,70,70,70,70,70,70,70,70,70,70,70],"card_choices":[{"not_picked":["Underhanded Strike","Backflip"],"picked":"Flying Knee","floor":1},{"not_picked":["Underhanded Strike","Eviscerate"],"picked":"Deadly Poison","floor":2},{"not_picked":["Grand Finale","Poisoned Stab"],"picked":"Backflip","floor":4},{"not_picked":["Heel Hook","Distraction"],"picked":"Catalyst","floor":7},{"not_picked":["Cloak And Dagger","Concentrate","Eviscerate"],"picked":"SKIP","floor":10},{"not_picked":["Cloak And Dagger","Concentrate","Eviscerate"],"picked":"SKIP","floor":10},{"not_picked":["Prepared","Quick Slash"],"picked":"Malaise","floor":11},{"not_picked":["Backstab","Flechettes"],"picked":"Dodge and Roll","floor":13},{"not_picked":["Night Terror","Tools of the Trade"],"picked":"Corpse Explosion","floor":16},{"not_picked":["Eviscerate","Cloak And Dagger"],"picked":"Outmaneuver+1","floor":18},{"not_picked":["Dagger Throw","Reflex"],"picked":"Deadly Poison","floor":20},{"not_picked":["Backflip","Outmaneuver"],"picked":"Infinite Blades+1","floor":23},{"not_picked":["Choke","Setup"],"picked":"Footwork+1","floor":25},{"not_picked":["Dagger Throw+1","Deflect"],"picked":"Dagger Spray+1","floor":27},{"not_picked":["Dagger Spray+1","Reflex"],"picked":"Bane+1","floor":28},{"not_picked":["Prepared","Concentrate"],"picked":"Setup+1","floor":29},{"not_picked":["Grand Finale+1","Dagger Spray+1"],"picked":"PiercingWail","floor":31},{"not_picked":["Glass Knife+1","Envenom"],"picked":"After Image","floor":33},{"not_picked":["Endless Agony+1","Deflect+1","Setup+1"],"picked":"SKIP","floor":35},{"not_picked":["Blade Dance","Deflect"],"picked":"PiercingWail+1","floor":36},{"not_picked":["Prepared+1","Slice+1"],"picked":"Acrobatics","floor":38},{"not_picked":["Dagger Throw+1","Flechettes+1","Predator+1"],"picked":"SKIP","floor":40}],"player_experience":538250,"relics_obtained":[{"floor":9,"key":"Turnip"},{"floor":10,"key":"FossilizedHelix"},{"floor":13,"key":"Mummified Hand"},{"floor":23,"key":"Paper Crane"},{"floor":25,"key":"Molten Egg 2"},{"floor":26,"key":"Mercury Hourglass"},{"floor":27,"key":"Orichalcum"},{"floor":31,"key":"Matryoshka"},{"floor":36,"key":"Girya"},{"floor":37,"key":"Pen Nib"},{"floor":40,"key":"Frozen Egg 2"}],"event_choices":[{"damage_healed":0,"gold_gain":0,"player_choice":"Entered Light","damage_taken":14,"max_hp_gain":0,"max_hp_loss":0,"event_name":"Shining Light","floor":14,"gold_loss":0,"cards_upgraded":["Strike_G","Malaise"]},{"damage_healed":0,"gold_gain":0,"player_choice":"Read","damage_taken":0,"max_hp_gain":0,"max_hp_loss":0,"event_name":"The Library","floor":19,"gold_loss":0,"cards_obtained":["Footwork"]},{"damage_healed":0,"gold_gain":0,"cards_transformed":["Strike_G","Strike_G"],"player_choice":"Became Test Subject","damage_taken":0,"max_hp_gain":0,"max_hp_loss":0,"event_name":"Drug Dealer","floor":22,"gold_loss":0,"cards_obtained":["Concentrate","Eviscerate"]},{"damage_healed":0,"gold_gain":0,"player_choice":"Fight","damage_taken":0,"max_hp_gain":0,"max_hp_loss":0,"event_name":"Mysterious Sphere","floor":36,"gold_loss":0}],"is_beta":false,"boss_relics":[{"not_picked":["Runic Dome","White Beast Statue"],"picked":"Sozu"},{"not_picked":["Black Star","Empty Cage"],"picked":"Philosopher\u0027s Stone"}],"items_purged_floors":[39],"is_endless":false,"potions_floor_spawned":[1,4,7,10,16,23,25,28,31,33,36],"killed_by":"Sphere and 2 Shapes","ascension_level":6}