{"gold_per_floor":[114,39,39,55,66,66,96,96,165,340,300,300,312,339,339,440,440,453,465,465],"floor_reached":20,"playtime":1490,"items_purged":["Strike_B"],"score":246,"play_id":"98356da1-7dee-4603-bff9-083b459e504e","local_time":"20191016234352","is_ascension_mode":true,"campfire_choices":[{"floor":6,"key":"REST"},{"floor":8,"key":"REST"},{"data":"Go for the Eyes","floor":12,"key":"SMITH"},{"floor":15,"key":"REST"}],"neow_cost":"NONE","seed_source_timestamp":648006948129497,"circlet_count":0,"master_deck":["Strike_B","Strike_B","Strike_B","Defend_B","Defend_B","Defend_B+1","Defend_B","Zap+1","Dualcast","Seek","Go for the Eyes+1","Sweeping Beam","Capacitor","Coolheaded","Doubt","Genetic Algorithm","Conserve Battery","Biased Cognition","Streamline","Fusion+1"],"relics":["Cracked Core","Art of War","War Paint","Blue Candle","Omamori","Cursed Key"],"potions_floor_usage":[7,7,13,14,14,16],"damage_taken":[{"damage":2,"enemies":"Jaw Worm","floor":1,"turns":3},{"damage":0,"enemies":"2 Louse","floor":4,"turns":2},{"damage":1,"enemies":"Cultist","floor":5,"turns":3},{"damage":26,"enemies":"Gremlin Nob","floor":7,"turns":4},{"damage":6,"enemies":"Exordium Wildlife","floor":13,"turns":3},{"damage":23,"enemies":"3 Sentries","floor":14,"turns":6},{"damage":40,"enemies":"Hexaghost","floor":16,"turns":15},{"damage":15,"enemies":"Chosen","floor":18,"turns":7},{"damage":10,"enemies":"2 Thieves","floor":19,"turns":4},{"damage":39,"enemies":"Chosen and Byrds","floor":20,"turns":8}],"seed_played":"4777980946653747520","potions_obtained":[{"floor":4,"key":"Poison Potion"},{"floor":5,"key":"SpeedPotion"},{"floor":11,"key":"Explosive Potion"},{"floor":11,"key":"Fruit Juice"},{"floor":11,"key":"Energy Potion"},{"floor":14,"key":"Fire Potion"},{"floor":16,"key":"FearPotion"}],"is_trial":false,"path_per_floor":["M","$","?","M","M","R","E","R","T","?","?","R","M","E","R","B",null,"M","M","M"],"character_chosen":"DEFECT","items_purchased":[],"campfire_rested":3,"item_purchase_floors":[],"current_hp_per_floor":[66,66,33,33,32,54,28,50,50,50,50,50,49,26,50,10,63,48,38,0],"gold":465,"neow_bonus":"ONE_RANDOM_RARE_CARD","is_prod":false,"is_daily":false,"chose_seed":false,"campfire_upgraded":1,"win_rate":0,"timestamp":1571283832,"path_taken":["M","$","?","M","M","R","E","R","T","?","?","R","?","E","R","BOSS","M","M","M"],"build_version":"2019-07-17","purchased_purges":1,"victory":false,"max_hp_per_floor":[75,75,75,75,75,75,75,75,75,75,75,75,80,80,80,80,80,80,80,80],"card_choices":[{"not_picked":["Turbo","Stack"],"picked":"Go for the Eyes","floor":1},{"not_picked":["Heatsinks","Barrage"],"picked":"Sweeping Beam","floor":4},{"not_picked":["FTL","Turbo"],"picked":"Capacitor","floor":5},{"not_picked":["Rip and Tear","Gash"],"picked":"Coolheaded","floor":7},{"not_picked":["Compile Driver","Coolheaded"],"picked":"Genetic Algorithm","floor":13},{"not_picked":["Gash","Coolheaded"],"picked":"Conserve Battery","floor":14},{"not_picked":["Core Surge","Meteor Strike"],"picked":"Biased Cognition","floor":16},{"not_picked":["Steam","Beam Cell"],"picked":"Streamline","floor":18},{"not_picked":["Ball Lightning+1","Turbo+1"],"picked":"Fusion+1","floor":19}],"player_experience":568135,"relics_obtained":[{"floor":7,"key":"War Paint"},{"floor":9,"key":"Blue Candle"},{"floor":14,"key":"Omamori"}],"event_choices":[{"damage_healed":0,"gold_gain":0,"player_choice":"Success","damage_taken":33,"relics_obtained":["Art of War"],"max_hp_gain":0,"max_hp_loss":0,"event_name":"Scrap Ooze","floor":3,"gold_loss":0},{"damage_healed":0,"gold_gain":175,"player_choice":"AGREE","damage_taken":0,"max_hp_gain":0,"max_hp_loss":0,"event_name":"Liars Game","floor":10,"gold_loss":0,"cards_obtained":["Doubt"]},{"damage_healed":0,"gold_gain":0,"player_choice":"Bought 3 Potions","damage_taken":0,"max_hp_gain":0,"max_hp_loss":0,"event_name":"The Woman in Blue","floor":11,"gold_loss":0}],"is_beta":false,"boss_relics":[{"not_picked":["Runic Pyramid","Ectoplasm"],"picked":"Cursed Key"}],"items_purged_floors":[2],"is_endless":false,"potions_floor_spawned":[4,5,14,16],"killed_by":"Chosen and Byrds","ascension_level":7}