{"gold_per_floor":[117,117,130,24,38,38,56,56,56,71,98,118,138,157,157,258,258,269,269,289,1,20,20,50,60,60,60,77,92,103,103],"floor_reached":31,"playtime":3999,"items_purged":[],"score":302,"play_id":"d6114ae2-f215-4ed9-9c1d-3241eaeaf851","local_time":"20191016110630","is_ascension_mode":true,"campfire_choices":[{"data":"Recycle","floor":6.0,"key":"SMITH"},{"data":"Sunder","floor":8.0,"key":"SMITH"},{"floor":15.0,"key":"REST"},{"floor":23.0,"key":"REST"},{"floor":27.0,"key":"REST"}],"neow_cost":"NONE","seed_source_timestamp":89297771107800,"circlet_count":0,"master_deck":["Strike_B","Strike_B","Strike_B","Strike_B","Defend_B","Defend_B","Defend_B","Defend_B","Zap","Dualcast","Recycle+1","Stack","Bandage Up","Sweeping Beam","Redo","Sunder+1","Meteor Strike","Undo","Capacitor","Static Discharge","Melter","Thunder Strike","Writhe","Injury","Turbo+1","Barrage","Steam","Self Repair","Compile Driver","All For One","Rebound","Conserve Battery+1","Genetic Algorithm","Fusion"],"special_seed":0,"relics":["Cracked Core","Bottled Flame","Du-Vu Doll","Calling Bell","Orichalcum","Pear","StoneCalendar","Spirit Poop","Toy Ornithopter","Happy Flower","Darkstone Periapt"],"potions_floor_usage":[31,31],"damage_taken":[{"damage":1.0,"enemies":"Cultist","floor":1.0,"turns":3.0},{"damage":2.0,"enemies":"Jaw Worm","floor":3.0,"turns":4.0},{"damage":1.0,"enemies":"2 Louse","floor":5.0,"turns":6.0},{"damage":0.0,"enemies":"Lots of Slimes","floor":7.0,"turns":1.0},{"damage":0.0,"enemies":"Exordium Wildlife","floor":10.0,"turns":2.0},{"damage":18.0,"enemies":"Lagavulin","floor":11.0,"turns":7.0},{"damage":13.0,"enemies":"Gremlin Gang","floor":12.0,"turns":5.0},{"damage":4.0,"enemies":"Looter","floor":13.0,"turns":4.0},{"damage":12.0,"enemies":"Blue Slaver","floor":14.0,"turns":3.0},{"damage":51.0,"enemies":"Slime Boss","floor":16.0,"turns":11.0},{"damage":21.0,"enemies":"Shell Parasite","floor":18.0,"turns":6.0},{"damage":16.0,"enemies":"Chosen","floor":20.0,"turns":5.0},{"damage":5.0,"enemies":"Sentry and Sphere","floor":22.0,"turns":3.0},{"damage":56.0,"enemies":"Gremlin Leader","floor":24.0,"turns":7.0},{"damage":35.0,"enemies":"Shelled Parasite and Fungi","floor":25.0,"turns":7.0},{"damage":25.0,"enemies":"Centurion and Healer","floor":28.0,"turns":7.0},{"damage":29.0,"enemies":"Snake Plant","floor":29.0,"turns":4.0},{"damage":4.0,"enemies":"Snecko","floor":30.0,"turns":4.0},{"damage":31,"enemies":"Book of Stabbing","floor":31,"turns":5}],"seed_played":"1321379795895506635","potions_obtained":[{"floor":0.0,"key":"Strength Potion"},{"floor":0.0,"key":"EssenceOfSteel"},{"floor":0.0,"key":"Strength Potion"},{"floor":1.0,"key":"FearPotion"},{"floor":3.0,"key":"Explosive Potion"},{"floor":13.0,"key":"Weak Potion"},{"floor":14.0,"key":"LiquidBronze"},{"floor":20.0,"key":"Explosive Potion"},{"floor":24.0,"key":"Explosive Potion"},{"floor":28.0,"key":"FearPotion"},{"floor":29.0,"key":"SpeedPotion"}],"is_trial":false,"path_per_floor":["M","?","M","$","M","R","M","R","T","M","E","M","M","M","R","B",null,"M","?","M","$","M","R","E","M","T","R","M","M","M","E"],"character_chosen":"DEFECT","items_purchased":["Bandage Up","Sweeping Beam","Steam","Toy Ornithopter","Self Repair"],"campfire_rested":3,"item_purchase_floors":[4,4,21,21,21],"current_hp_per_floor":[74,79,77,77,80,80,80,80,80,80,66,53,53,45,69,22,90,73,73,57,57,59,86,46,27,27,54,40,22,18,0],"gold":103,"neow_bonus":"THREE_SMALL_POTIONS","is_prod":false,"is_daily":false,"chose_seed":false,"campfire_upgraded":2,"win_rate":0,"timestamp":1571238390,"path_taken":["M","?","M","$","M","R","M","R","T","M","E","M","M","M","R","BOSS","M","?","M","$","?","R","E","M","T","R","M","?","M","E"],"build_version":"2019-07-17","purchased_purges":0,"victory":false,"max_hp_per_floor":[75,80,80,80,80,80,80,80,80,80,80,80,80,80,80,80,90,90,90,90,90,90,90,90,90,90,90,90,90,90,90],"card_choices":[{"not_picked":["Scrape","Gash"],"picked":"Recycle","floor":1.0},{"not_picked":["Cold Snap","Beam Cell"],"picked":"Stack","floor":3.0},{"not_picked":["Leap","Streamline"],"picked":"Redo","floor":5.0},{"not_picked":["Stack","Steam"],"picked":"Sunder","floor":7.0},{"not_picked":["Cold Snap","Gash"],"picked":"Meteor Strike","floor":10.0},{"not_picked":["Melter","Steam Power"],"picked":"Undo","floor":11.0},{"not_picked":["Rebound","Cold Snap"],"picked":"Capacitor","floor":12.0},{"not_picked":["Beam Cell","Go for the Eyes"],"picked":"Static Discharge","floor":13.0},{"not_picked":["White Noise","Static Discharge"],"picked":"Melter","floor":14.0},{"not_picked":["Hyperbeam","Amplify"],"picked":"Thunder Strike","floor":16.0},{"not_picked":["Lockon","Genetic Algorithm"],"picked":"Turbo+1","floor":18.0},{"not_picked":["Capacitor","Steam"],"picked":"Barrage","floor":20.0},{"not_picked":["Sweeping Beam","Barrage"],"picked":"Compile Driver","floor":22.0},{"not_picked":["White Noise","Auto Shields+1"],"picked":"All For One","floor":24.0},{"not_picked":["Lockon","Self Repair"],"picked":"Rebound","floor":25.0},{"not_picked":["Auto Shields","Compile Driver"],"picked":"Conserve Battery+1","floor":28.0},{"not_picked":["Streamline","Sweeping Beam+1"],"picked":"Genetic Algorithm","floor":29.0},{"not_picked":["Sunder","Gash"],"picked":"Fusion","floor":30.0}],"player_experience":91897,"relics_obtained":[{"floor":9.0,"key":"Bottled Flame"},{"floor":11.0,"key":"Du-Vu Doll"},{"floor":17.0,"key":"Orichalcum"},{"floor":17.0,"key":"Pear"},{"floor":17.0,"key":"StoneCalendar"},{"floor":24.0,"key":"Happy Flower"},{"floor":26.0,"key":"Darkstone Periapt"}],"event_choices":[{"damage_healed":0.0,"max_hp_gain":5.0,"max_hp_loss":0.0,"gold_gain":0.0,"event_name":"Big Fish","player_choice":"Donut","floor":2.0,"gold_loss":0.0,"damage_taken":0.0},{"cards_removed":["Normality"],"damage_healed":0.0,"max_hp_gain":0.0,"max_hp_loss":0.0,"gold_gain":0.0,"event_name":"Bonfire Elementals","player_choice":"Offered Curse","floor":19.0,"gold_loss":0.0,"damage_taken":0.0,"relics_obtained":["Spirit Poop"]}],"is_beta":false,"boss_relics":[{"not_picked":["Velvet Choker","Tiny House"],"picked":"Calling Bell"}],"items_purged_floors":[],"is_endless":false,"potions_floor_spawned":[1,3,13,14,20,24,28,29],"killed_by":"Book of Stabbing","ascension_level":1}