{"gold_per_floor":[109,119,61,76,96,96,96,128,128,203,230,230,244,276,276,377,377,388,405,405,18,18,48,48,48,48,58,70,70,97,116,116,219,219,230,250,65,75,93,120,120,120,200,210,221,221,254,254],"floor_reached":48,"playtime":7257,"items_purged":["Dropkick"],"score":767,"play_id":"661d3238-847f-410d-a591-92ae21e6c1c8","local_time":"20190919001700","is_ascension_mode":true,"campfire_choices":[{"data":"Disarm","floor":6,"key":"SMITH"},{"floor":12,"key":"REST"},{"data":"Flex","floor":15,"key":"SMITH"},{"data":"Armaments","floor":25,"key":"SMITH"},{"data":"Ghostly","floor":29,"key":"SMITH"},{"data":"Ghostly","floor":32,"key":"SMITH"},{"data":"Armaments","floor":41,"key":"SMITH"},{"data":"Limit Break","floor":46,"key":"SMITH"}],"neow_cost":"NONE","seed_source_timestamp":86848679011159,"circlet_count":0,"master_deck":["Strike_R","Strike_R","Strike_R","Strike_R","Defend_R","Defend_R","Defend_R","Defend_R","Bash","Flex","Cleave","Disarm+1","Sentinel","Immolate","Flex+1","Headbutt","Barricade+1","Demon Form+1","Entrench+1","Ghostly+1","Ghostly+1","Ghostly","Ghostly","Ghostly","Ghostly Armor","Armaments+1","Finesse","Battle Trance","True Grit","True Grit","Limit Break+1","True Grit+1","Feel No Pain+1","Armaments+1","Corruption+1","Metallicize+1","Thunderclap+1","PanicButton","Bandage Up","Madness","Heavy Blade","Shockwave+1","Shrug It Off+1","Disarm"],"relics":["Burning Blood","Ornamental Fan","Peace Pipe","Magic Flower","Self Forming Clay","Frozen Egg 2","Coffee Dripper","Membership Card","PreservedInsect","Kunai","Letter Opener","Bag of Preparation","Snecko Eye","OrangePellets","Prayer Wheel","Gremlin Horn","Shuriken"],"potions_floor_usage":[8,16,16,16,18,18,23,30,30,33,33,35,39],"damage_taken":[{"damage":1,"enemies":"2 Louse","floor":1,"turns":3},{"damage":11,"enemies":"Cultist","floor":2,"turns":4},{"damage":10,"enemies":"Small Slimes","floor":4,"turns":3},{"damage":13,"enemies":"Blue Slaver","floor":5,"turns":4},{"damage":45,"enemies":"Lagavulin","floor":8,"turns":8},{"damage":18,"enemies":"Gremlin Nob","floor":11,"turns":4},{"damage":12,"enemies":"3 Louse","floor":13,"turns":2},{"damage":10,"enemies":"3 Sentries","floor":14,"turns":3},{"damage":21,"enemies":"The Guardian","floor":16,"turns":14},{"damage":13,"enemies":"Spheric Guardian","floor":18,"turns":5},{"damage":22,"enemies":"Shell Parasite","floor":19,"turns":6},{"damage":0,"enemies":"Slavers","floor":23,"turns":6},{"damage":0,"enemies":"Snecko","floor":27,"turns":5},{"damage":2,"enemies":"Sentry and Sphere","floor":28,"turns":9},{"damage":6,"enemies":"Book of Stabbing","floor":30,"turns":6},{"damage":5,"enemies":"Snake Plant","floor":31,"turns":4},{"damage":7,"enemies":"Automaton","floor":33,"turns":10},{"damage":6,"enemies":"Orb Walker","floor":35,"turns":5},{"damage":5,"enemies":"3 Shapes","floor":36,"turns":3},{"damage":0,"enemies":"Maw","floor":38,"turns":8},{"damage":0,"enemies":"Jaw Worm Horde","floor":39,"turns":4},{"damage":0,"enemies":"Nemesis","floor":40,"turns":9},{"damage":0,"enemies":"Spire Growth","floor":44,"turns":7},{"damage":0,"enemies":"Writhing Mass","floor":45,"turns":9},{"damage":0,"enemies":"Giant Head","floor":47,"turns":7},{"damage":48,"enemies":"Transient","floor":48,"turns":3}],"seed_played":"-1032792100824526920","potions_obtained":[{"floor":1,"key":"Regen Potion"},{"floor":8,"key":"GamblersBrew"},{"floor":14,"key":"EntropicBrew"},{"floor":16,"key":"Poison Potion"},{"floor":23,"key":"LiquidBronze"},{"floor":28,"key":"Energy Potion"},{"floor":30,"key":"SpeedPotion"},{"floor":31,"key":"Ancient Potion"},{"floor":33,"key":"GamblersBrew"},{"floor":35,"key":"Weak Potion"},{"floor":36,"key":"Explosive Potion"}],"is_trial":false,"path_per_floor":["M","M","?","M","M","R","?","E","T","?","E","R","M","E","R","B",null,"M","M","?","$","?","E","T","R","T","M","M","R","E","M","R","B",null,"M","M","$","M","M","E","R","?","T","M","M","R","E","M"],"character_chosen":"IRONCLAD","items_purchased":["Membership Card","PreservedInsect","Ghostly Armor","Armaments","Weak Potion","Finesse","Armaments","OrangePellets","Corruption+1"],"campfire_rested":1,"item_purchase_floors":[21,21,21,21,21,21,37,37,37],"current_hp_per_floor":[88,83,83,79,72,72,72,47,47,36,27,53,50,49,49,37,88,84,71,44,44,44,44,44,44,44,44,44,44,44,44,44,44,44,44,44,44,44,44,44,44,34,34,44,44,44,44,0],"gold":254,"neow_bonus":"TEN_PERCENT_HP_BONUS","is_prod":false,"is_daily":false,"chose_seed":false,"campfire_upgraded":7,"win_rate":0,"timestamp":1568866620,"path_taken":["M","M","?","?","M","R","?","E","T","?","E","R","M","E","R","BOSS","M","M","?","$","?","E","?","R","T","M","M","R","E","M","R","BOSS","M","M","$","M","M","E","R","?","T","M","M","R","E","M"],"build_version":"2019-07-17","purchased_purges":1,"victory":false,"max_hp_per_floor":[88,88,88,88,88,88,88,88,88,88,88,88,88,88,88,88,88,88,88,44,44,44,44,44,44,44,44,44,44,44,44,44,44,44,44,44,44,44,44,44,44,44,44,44,44,44,44,44],"card_choices":[{"not_picked":["Hemokinesis","Headbutt"],"picked":"Flex","floor":1},{"not_picked":["Headbutt","Heavy Blade"],"picked":"Cleave","floor":2},{"not_picked":["Burning Pact","Twin Strike"],"picked":"Disarm","floor":4},{"not_picked":["Perfected Strike","Dropkick"],"picked":"Sentinel","floor":5},{"not_picked":["Cleave","Fire Breathing"],"picked":"Immolate","floor":8},{"not_picked":["Cleave","Heavy Blade"],"picked":"Flex","floor":11},{"not_picked":["Clothesline","Wild Strike"],"picked":"Headbutt","floor":13},{"not_picked":["Warcry","Armaments"],"picked":"Barricade","floor":14},{"not_picked":["Brutality+1","Double Tap"],"picked":"Demon Form+1","floor":16},{"not_picked":["Pommel Strike","Anger","Flex"],"picked":"SKIP","floor":18},{"not_picked":["Inflame+1","Pummel"],"picked":"Entrench+1","floor":19},{"not_picked":["Brutality+1","Armaments","Searing Blow+1"],"picked":"SKIP","floor":23},{"not_picked":["Clothesline+1","Twin Strike"],"picked":"Battle Trance","floor":27},{"not_picked":["Sword Boomerang","Spot Weakness"],"picked":"True Grit","floor":28},{"not_picked":["Searing Blow","Warcry+1"],"picked":"True Grit","floor":30},{"not_picked":["Fire Breathing+1","Havoc","Anger+1"],"picked":"SKIP","floor":31},{"not_picked":["Dark Embrace+1","Exhume"],"picked":"Limit Break","floor":33},{"not_picked":["Twin Strike","Flex"],"picked":"True Grit+1","floor":35},{"not_picked":["Anger","Hemokinesis"],"picked":"Feel No Pain+1","floor":36},{"not_picked":["Havoc+1","Second Wind","Corruption+1"],"picked":"SKIP","floor":38},{"not_picked":["Warcry","Flex+1"],"picked":"Metallicize+1","floor":39},{"not_picked":["Ghostly Armor","Bloodletting"],"picked":"Thunderclap+1","floor":40},{"not_picked":["Bandage Up","Chrysalis"],"picked":"PanicButton","floor":42},{"not_picked":["Purity","Madness"],"picked":"Bandage Up","floor":42},{"not_picked":["HandOfGreed","Deep Breath"],"picked":"Madness","floor":42},{"not_picked":["Dropkick","Hemokinesis"],"picked":"Heavy Blade","floor":44},{"not_picked":["Anger+1","True Grit+1"],"picked":"Shockwave+1","floor":44},{"not_picked":["Blood for Blood+1","Flex+1"],"picked":"Shrug It Off+1","floor":45},{"not_picked":["Headbutt+1","Sentinel+1","Cleave+1"],"picked":"SKIP","floor":45},{"not_picked":["Sword Boomerang","Reckless Charge+1"],"picked":"Disarm","floor":47}],"player_experience":350058,"relics_obtained":[{"floor":8,"key":"Peace Pipe"},{"floor":9,"key":"Magic Flower"},{"floor":11,"key":"Self Forming Clay"},{"floor":14,"key":"Frozen Egg 2"},{"floor":23,"key":"Kunai"},{"floor":26,"key":"Letter Opener"},{"floor":30,"key":"Bag of Preparation"},{"floor":40,"key":"Prayer Wheel"},{"floor":43,"key":"Gremlin Horn"},{"floor":47,"key":"Shuriken"}],"event_choices":[{"damage_healed":0,"gold_gain":0,"player_choice":"Paid Gold","damage_taken":0,"relics_obtained":["Ornamental Fan"],"max_hp_gain":0,"max_hp_loss":0,"event_name":"WeMeetAgain","floor":3,"gold_loss":58},{"damage_healed":0,"gold_gain":0,"cards_transformed":["Strike_R"],"player_choice":"Change","damage_taken":0,"max_hp_gain":0,"max_hp_loss":0,"event_name":"Living Wall","floor":7,"gold_loss":0,"cards_obtained":["Dropkick"]},{"damage_healed":0,"gold_gain":75,"player_choice":"Gather Gold","damage_taken":11,"max_hp_gain":0,"max_hp_loss":0,"event_name":"World of Goop","floor":10,"gold_loss":0},{"damage_healed":0,"gold_gain":0,"player_choice":"Became a Ghost","damage_taken":0,"max_hp_gain":0,"max_hp_loss":44,"event_name":"Ghosts","floor":20,"gold_loss":0,"cards_obtained":["Ghostly","Ghostly","Ghostly","Ghostly","Ghostly"]},{"damage_healed":0,"gold_gain":0,"player_choice":"Ignored","damage_taken":0,"max_hp_gain":0,"max_hp_loss":0,"event_name":"The Mausoleum","floor":22,"gold_loss":0},{"damage_healed":0,"gold_gain":0,"player_choice":"Memory 3","damage_taken":10,"max_hp_gain":0,"max_hp_loss":0,"event_name":"SensoryStone","floor":42,"gold_loss":0}],"is_beta":false,"boss_relics":[{"not_picked":["Runic Pyramid","Lizard Tail"],"picked":"Coffee Dripper"},{"not_picked":["Pandora\u0027s Box","Runic Dome"],"picked":"Snecko Eye"}],"items_purged_floors":[37],"is_endless":false,"potions_floor_spawned":[1,8,14,16,23,28,30,31,33,35,36,38],"killed_by":"Transient","ascension_level":2}