{"gold_per_floor":[111,131,406,56,31,63,63,89,89,89,89,129,142,165,165,293,293,313,329,244,343,343,3,3,24,79,79,104,104,142,160,160,285,285,304,323,323,344,2,33,33,67,67,67,91,91,109,145,145,145,145,145,14,55,55],"floor_reached":56,"playtime":7145,"items_purged":["Regret"],"score":1980,"play_id":"5638b287-bec9-428a-aab9-f3de440e0c6f","local_time":"20191015012038","is_ascension_mode":true,"campfire_choices":[{"data":"Buffer","floor":7,"key":"SMITH"},{"floor":10,"key":"REST"},{"data":"Echo Form","floor":15,"key":"SMITH"},{"data":"Biased Cognition","floor":24,"key":"SMITH"},{"data":"Defragment","floor":27,"key":"SMITH"},{"data":"Static Discharge","floor":29,"key":"SMITH"},{"data":"Turbo","floor":32,"key":"SMITH"},{"floor":44,"key":"RECALL"},{"data":"Chill","floor":46,"key":"SMITH"},{"data":"Loop","floor":49,"key":"SMITH"},{"data":"Heatsinks","floor":52,"key":"SMITH"}],"neow_cost":"NONE","seed_source_timestamp":569707034276142,"circlet_count":0,"master_deck":["Strike_B","Strike_B","Strike_B","Strike_B","Defend_B","Defend_B","Defend_B","Defend_B","Zap","Dualcast","Buffer+1","Ball Lightning","Static Discharge+1","Sweeping Beam","Turbo+1","Chill+1","Fusion+1","Coolheaded+1","BootSequence+1","Echo Form+1","Biased Cognition+1","Leap+1","Streamline+1","Ghostly+1","Ghostly+1","Ghostly+1","Ghostly+1","Ghostly+1","Defragment+1","Hologram+1","Cold Snap+1","Chaos+1","Heatsinks+1","Core Surge","Static Discharge+1","Go for the Eyes+1","Loop+1","Capacitor","Glacier+1","Conserve Battery+1","Capacitor+1","Blizzard+1","Reinforced Body+1","Creative AI","Storm+1"],"relics":["Cracked Core","Mercury Hourglass","Mummified Hand","Toxic Egg 2","Ancient Tea Set","Golden Idol","DataDisk","Runic Pyramid","The Courier","Bag of Preparation","PreservedInsect","Bronze Scales","StoneCalendar","Philosopher\u0027s Stone","Runic Capacitor","Ornamental Fan","Pantograph","Darkstone Periapt","Strawberry"],"potions_floor_usage":[28,31,33,42,50,54,55],"damage_taken":[{"damage":0,"enemies":"2 Louse","floor":1,"turns":3},{"damage":0,"enemies":"Cultist","floor":2,"turns":2},{"damage":25,"enemies":"3 Sentries","floor":6,"turns":3},{"damage":0,"enemies":"Gremlin Nob","floor":8,"turns":4},{"damage":10,"enemies":"3 Sentries","floor":12,"turns":4},{"damage":1,"enemies":"Small Slimes","floor":13,"turns":2},{"damage":0,"enemies":"Blue Slaver","floor":14,"turns":3},{"damage":0,"enemies":"The Guardian","floor":16,"turns":11},{"damage":9,"enemies":"Shell Parasite","floor":18,"turns":5},{"damage":0,"enemies":"Chosen","floor":19,"turns":4},{"damage":0,"enemies":"Snake Plant","floor":25,"turns":3},{"damage":0,"enemies":"3 Cultists","floor":28,"turns":4},{"damage":0,"enemies":"Book of Stabbing","floor":30,"turns":5},{"damage":0,"enemies":"Centurion and Healer","floor":31,"turns":7},{"damage":0,"enemies":"Champ","floor":33,"turns":9},{"damage":0,"enemies":"Orb Walker","floor":35,"turns":4},{"damage":0,"enemies":"3 Shapes","floor":36,"turns":3},{"damage":0,"enemies":"Spire Growth","floor":38,"turns":4},{"damage":0,"enemies":"Giant Head","floor":40,"turns":7},{"damage":0,"enemies":"Reptomancer","floor":42,"turns":7},{"damage":0,"enemies":"Jaw Worm Horde","floor":45,"turns":4},{"damage":0,"enemies":"Writhing Mass","floor":47,"turns":6},{"damage":0,"enemies":"Nemesis","floor":48,"turns":7},{"damage":0,"enemies":"Donu and Deca","floor":50,"turns":9},{"damage":17,"enemies":"Shield and Spear","floor":54,"turns":5},{"damage":41,"enemies":"The Heart","floor":55,"turns":7}],"seed_played":"-2556229055080427787","potions_obtained":[{"floor":1,"key":"Swift Potion"},{"floor":6,"key":"SmokeBomb"},{"floor":12,"key":"Explosive Potion"},{"floor":18,"key":"EssenceOfSteel"},{"floor":19,"key":"Fire Potion"},{"floor":30,"key":"AttackPotion"},{"floor":35,"key":"FocusPotion"},{"floor":36,"key":"PowerPotion"},{"floor":45,"key":"Strength Potion"},{"floor":48,"key":"Swift Potion"}],"is_trial":false,"path_per_floor":["M","M","?","$","$","E","R","E","T","R","?","E","M","M","R","B",null,"M","M","?","?","?","$","R","M","T","R","M","R","E","M","R","B",null,"M","M","?","M","$","E","$","E","T","R","M","R","M","E","R","B",null,"R","$","E","B",null],"character_chosen":"DEFECT","items_purchased":["Mercury Hourglass","Sweeping Beam","Turbo","Bag of Preparation","PreservedInsect","Defragment","Hologram+1","Runic Capacitor","Loop","Capacitor","Glacier+1","Creative AI"],"campfire_rested":1,"item_purchase_floors":[4,4,5,23,23,23,23,39,39,39,39,53],"current_hp_per_floor":[68,68,68,68,68,43,43,43,43,65,47,37,36,36,36,36,65,56,56,56,56,37,37,37,37,37,37,37,37,37,37,37,37,37,37,37,47,47,47,47,47,47,47,47,47,47,47,47,47,47,47,47,47,37,13],"gold":55,"neow_bonus":"ONE_RANDOM_RARE_CARD","is_prod":false,"is_daily":false,"chose_seed":false,"campfire_upgraded":9,"win_rate":0,"timestamp":1571116838,"path_taken":["M","M","?","?","$","E","R","E","T","R","?","E","M","M","R","BOSS","M","M","?","?","?","$","R","?","T","R","M","R","E","M","R","BOSS","M","M","?","M","$","E","?","E","T","R","M","R","M","E","R","BOSS","R","$","E","BOSS"],"build_version":"2019-07-17","purchased_purges":1,"victory":true,"max_hp_per_floor":[75,75,75,75,75,75,75,75,75,75,75,75,75,75,75,75,75,75,75,75,75,37,37,37,37,37,37,37,37,37,37,37,37,37,37,37,47,47,47,47,47,47,47,47,47,47,47,47,47,47,47,47,47,54,54],"card_choices":[{"not_picked":["Compile Driver","Self Repair"],"picked":"Ball Lightning","floor":1},{"not_picked":["Barrage","Rebound"],"picked":"Static Discharge","floor":2},{"not_picked":["Aggregate","Stack"],"picked":"Chill","floor":6},{"not_picked":["Sunder","Ball Lightning"],"picked":"Fusion","floor":8},{"not_picked":["Stack+1","Rip and Tear"],"picked":"Coolheaded+1","floor":12},{"not_picked":["Barrage","Coolheaded+1"],"picked":"BootSequence+1","floor":13},{"not_picked":["Skim+1","Compile Driver"],"picked":"Echo Form","floor":14},{"not_picked":["Meteor Strike","Hyperbeam"],"picked":"Biased Cognition","floor":16},{"not_picked":["Redo+1","Compile Driver"],"picked":"Leap+1","floor":18},{"not_picked":["Rip and Tear","Leap+1"],"picked":"Streamline+1","floor":19},{"not_picked":["Gash","Ball Lightning"],"picked":"Cold Snap+1","floor":25},{"not_picked":["Barrage","Coolheaded+1"],"picked":"Chaos+1","floor":28},{"not_picked":["Barrage","Rebound+1"],"picked":"Heatsinks","floor":30},{"not_picked":["Reprogram+1","Rebound"],"picked":"Core Surge","floor":31},{"not_picked":["Amplify+1","Machine Learning"],"picked":"Core Surge","floor":33},{"not_picked":["Sunder","Beam Cell+1"],"picked":"Static Discharge+1","floor":35},{"not_picked":["Streamline+1","Redo+1","Gash+1"],"picked":"SKIP","floor":36},{"not_picked":["Coolheaded+1","Barrage+1"],"picked":"Go for the Eyes+1","floor":38},{"not_picked":["Steam+1","Rebound+1"],"picked":"Conserve Battery+1","floor":40},{"not_picked":["Hello World+1","Barrage+1"],"picked":"Capacitor+1","floor":42},{"not_picked":["Undo+1","Streamline"],"picked":"Blizzard+1","floor":45},{"not_picked":["Glacier+1","Cold Snap"],"picked":"Reinforced Body+1","floor":47},{"not_picked":["Steam+1","Compile Driver+1","Ball Lightning+1"],"picked":"SKIP","floor":48},{"not_picked":["Loop","Auto Shields+1"],"picked":"Storm+1","floor":54}],"player_experience":544507,"relics_obtained":[{"floor":6,"key":"Mummified Hand"},{"floor":8,"key":"Toxic Egg 2"},{"floor":9,"key":"Ancient Tea Set"},{"floor":12,"key":"DataDisk"},{"floor":26,"key":"Bronze Scales"},{"floor":30,"key":"StoneCalendar"},{"floor":40,"key":"Ornamental Fan"},{"floor":42,"key":"Pantograph"},{"floor":48,"key":"Darkstone Periapt"},{"floor":54,"key":"Strawberry"}],"event_choices":[{"damage_healed":0,"gold_gain":275,"player_choice":"Desecrate","damage_taken":0,"max_hp_gain":0,"max_hp_loss":0,"event_name":"Golden Shrine","floor":3,"gold_loss":0,"cards_obtained":["Regret"]},{"damage_healed":0,"gold_gain":0,"player_choice":"Take Damage","damage_taken":18,"relics_obtained":["Golden Idol"],"max_hp_gain":0,"max_hp_loss":0,"event_name":"Golden Idol","floor":11,"gold_loss":0},{"damage_healed":0,"gold_gain":0,"player_choice":"Obtained Relic","damage_taken":0,"relics_obtained":["The Courier"],"max_hp_gain":0,"max_hp_loss":0,"event_name":"Addict","floor":20,"gold_loss":85},{"damage_healed":0,"gold_gain":99,"player_choice":"Stole From Cult","damage_taken":0,"max_hp_gain":0,"max_hp_loss":0,"event_name":"Nest","floor":21,"gold_loss":0},{"damage_healed":0,"gold_gain":0,"player_choice":"Became a Ghost","damage_taken":0,"max_hp_gain":0,"max_hp_loss":38,"event_name":"Ghosts","floor":22,"gold_loss":0,"cards_obtained":["Ghostly","Ghostly","Ghostly","Ghostly","Ghostly"]},{"cards_removed":["Core Surge"],"damage_healed":0,"gold_gain":0,"player_choice":"Offered Rare","damage_taken":0,"max_hp_gain":10,"max_hp_loss":0,"event_name":"Bonfire Elementals","floor":37,"gold_loss":0}],"is_beta":false,"boss_relics":[{"not_picked":["Orrery","Empty Cage"],"picked":"Runic Pyramid"},{"not_picked":["Pandora\u0027s Box","Eternal Feather"],"picked":"Philosopher\u0027s Stone"}],"items_purged_floors":[4],"is_endless":false,"potions_floor_spawned":[1,6,12,16,18,19,25,30,35,36,45,47,48],"ascension_level":6}