{"gold_per_floor":[114,4,24,34,48,80,80,110,110,142,154,168,168,44,44,149,149,168,267,267,6,23,48,58,58],"floor_reached":25,"playtime":3180,"items_purged":["Defend_B"],"score":362,"play_id":"8bae3c1a-7330-4e2f-a53c-78893a81d86d","local_time":"20191027232515","is_ascension_mode":true,"campfire_choices":[{"data":"Sunder","floor":7.0,"key":"SMITH"},{"data":"Beam Cell","floor":13.0,"key":"SMITH"},{"data":"1","floor":15.0,"key":"LIFT"}],"neow_cost":"NONE","seed_source_timestamp":1015270680533331,"circlet_count":0,"master_deck":["Strike_B","Strike_B","Defend_B","Defend_B","Defend_B","Zap","Dualcast","Glacier","Doom and Gloom","Sunder+1","Beam Cell+1","Reinforced Body","Conserve Battery","Leap","Self Repair","Loop","Force Field","Core Surge","Cold Snap","Apotheosis","Loop","Hologram+1","Skim+1","Tempest+1"],"special_seed":0,"relics":["Cracked Core","Bag of Marbles","Shuriken","Girya","Unceasing Top","Cursed Key","Pen Nib"],"potions_floor_usage":[23,25],"damage_taken":[{"damage":3.0,"enemies":"Jaw Worm","floor":1.0,"turns":4.0},{"damage":1.0,"enemies":"Cultist","floor":3.0,"turns":3.0},{"damage":0.0,"enemies":"2 Louse","floor":4.0,"turns":3.0},{"damage":1.0,"enemies":"Blue Slaver","floor":5.0,"turns":4.0},{"damage":9.0,"enemies":"3 Sentries","floor":6.0,"turns":6.0},{"damage":15.0,"enemies":"Lagavulin","floor":8.0,"turns":4.0},{"damage":0.0,"enemies":"Gremlin Nob","floor":10.0,"turns":3.0},{"damage":0.0,"enemies":"3 Louse","floor":11.0,"turns":3.0},{"damage":15.0,"enemies":"2 Fungi Beasts","floor":12.0,"turns":3.0},{"damage":8.0,"enemies":"The Guardian","floor":16.0,"turns":9.0},{"damage":24.0,"enemies":"2 Thieves","floor":18.0,"turns":4.0},{"damage":19,"enemies":"3 Byrds","floor":22,"turns":6},{"damage":29,"enemies":"Gremlin Leader","floor":23,"turns":7},{"damage":3,"enemies":"Centurion and Healer","floor":24,"turns":6},{"damage":23,"enemies":"Book of Stabbing","floor":25,"turns":4}],"seed_played":"3577484755162627886","potions_obtained":[{"floor":3.0,"key":"SpeedPotion"},{"floor":5.0,"key":"Swift Potion"},{"floor":8.0,"key":"Block Potion"},{"floor":10.0,"key":"SteroidPotion"},{"floor":22,"key":"Block Potion"},{"floor":24,"key":"Poison Potion"}],"is_trial":false,"path_per_floor":["M","$","M","M","M","E","R","E","T","E","M","M","R","$","R","B",null,"M","?","?","$","M","E","M","E"],"character_chosen":"DEFECT","items_purchased":["Doom and Gloom","Sunder","Fire Potion","Apotheosis","Loop"],"campfire_rested":0,"item_purchase_floors":[2,2,14,21,21],"current_hp_per_floor":[65,65,64,64,63,54,54,39,39,39,46,31,31,31,31,30,64,47,47,47,47,35,13,20,0],"gold":58,"neow_bonus":"REMOVE_CARD","is_prod":false,"is_daily":false,"chose_seed":false,"campfire_upgraded":2,"win_rate":0,"timestamp":1572233115,"path_taken":["M","$","M","M","M","E","R","E","T","E","M","M","R","$","R","BOSS","M","?","?","$","M","E","M","E"],"build_version":"2019-07-17","purchased_purges":1,"victory":false,"max_hp_per_floor":[75,75,75,75,75,75,75,75,75,75,75,75,75,75,75,75,75,75,75,75,75,75,75,75,75],"card_choices":[{"not_picked":["Rebound","Barrage"],"picked":"Glacier","floor":1.0},{"not_picked":["Reprogram","Cold Snap"],"picked":"Beam Cell","floor":3.0},{"not_picked":["Loop","Reprogram"],"picked":"Reinforced Body","floor":4.0},{"not_picked":["Go for the Eyes","Leap"],"picked":"Conserve Battery","floor":5.0},{"not_picked":["Double Energy","Force Field"],"picked":"Leap","floor":6.0},{"not_picked":["Seek","Steam"],"picked":"Self Repair","floor":8.0},{"not_picked":["Undo","Ball Lightning"],"picked":"Loop","floor":10.0},{"not_picked":["Conserve Battery","Gash"],"picked":"Force Field","floor":11.0},{"not_picked":["BootSequence","Doom and Gloom","Barrage"],"picked":"SKIP","floor":12.0},{"not_picked":["Multi-Cast","Hyperbeam"],"picked":"Core Surge","floor":16.0},{"not_picked":["Blizzard","Doom and Gloom"],"picked":"Cold Snap","floor":18.0},{"not_picked":["Stack","Barrage+1"],"picked":"Hologram+1","floor":22},{"not_picked":["Gash","Blizzard+1"],"picked":"Skim+1","floor":23},{"not_picked":["Redo","Sweeping Beam"],"picked":"Tempest+1","floor":24}],"player_experience":730113,"relics_obtained":[{"floor":6.0,"key":"Bag of Marbles"},{"floor":8.0,"key":"Shuriken"},{"floor":9.0,"key":"Girya"},{"floor":10.0,"key":"Unceasing Top"},{"floor":23,"key":"Pen Nib"}],"event_choices":[{"damage_healed":0.0,"max_hp_gain":0.0,"max_hp_loss":0.0,"gold_gain":99.0,"event_name":"Nest","player_choice":"Stole From Cult","floor":19.0,"gold_loss":0.0,"damage_taken":0.0},{"cards_removed":["Strike_B"],"damage_healed":0.0,"max_hp_gain":0.0,"max_hp_loss":0.0,"gold_gain":0.0,"event_name":"Purifier","player_choice":"Purged","floor":20.0,"gold_loss":0.0,"damage_taken":0.0}],"is_beta":false,"boss_relics":[{"not_picked":["Astrolabe","Snecko Eye"],"picked":"Cursed Key"}],"items_purged_floors":[14],"is_endless":false,"potions_floor_spawned":[3,5,8,10,22,24],"killed_by":"Book of Stabbing","ascension_level":7}