{"gold_per_floor":[115,130,146,166,13,13,24,55,82,117,117,142,158,158,158,263,263,275,275,287,64,74,109,109,109,132,164,164,164,12,38,38,133,133,150,150,164,183,183],"floor_reached":39,"playtime":4612,"items_purged":["Strike_G"],"score":635,"play_id":"26be6f35-5dac-4002-9f6c-307133854035","local_time":"20190917012834","is_ascension_mode":true,"campfire_choices":[{"data":"Noxious Fumes","floor":6,"key":"SMITH"},{"data":"Adrenaline","floor":11,"key":"SMITH"},{"floor":15,"key":"REST"},{"data":"A Thousand Cuts","floor":25,"key":"SMITH"},{"data":"Crippling Poison","floor":28,"key":"SMITH"},{"data":"Wraith Form v2","floor":32,"key":"SMITH"}],"neow_cost":"NONE","seed_source_timestamp":19934310893719,"circlet_count":0,"master_deck":["Defend_G+1","Defend_G+1","Defend_G+1","Defend_G+1","Defend_G+1","Survivor","Neutralize+1","PiercingWail","Crippling Poison+1","Noxious Fumes+1","Acrobatics","Adrenaline+1","Cloak And Dagger","Wraith Form v2+1","Corpse Explosion","After Image","Deadly Poison","A Thousand Cuts+1","Bite","Bite","Bite","Bite","Bite","Dodge and Roll+1","Backflip","Dagger Spray","Leg Sweep","Bane","Skewer","After Image","Backstab+1","Discovery","Dark Shackles","Cloak And Dagger+1","Dash+1"],"relics":["Ring of the Snake","Unceasing Top","Whetstone","Art of War","Bronze Scales","Sozu","Toolbox","PreservedInsect","Blood Vial","Dream Catcher","Boot","Strawberry","Eternal Feather"],"potions_floor_usage":[8,12,13,23,31],"damage_taken":[{"damage":0,"enemies":"Small Slimes","floor":1,"turns":4},{"damage":0,"enemies":"2 Louse","floor":2,"turns":2},{"damage":2,"enemies":"Jaw Worm","floor":3,"turns":7},{"damage":16,"enemies":"Exordium Thugs","floor":4,"turns":5},{"damage":3,"enemies":"3 Louse","floor":7,"turns":4},{"damage":5,"enemies":"Lagavulin","floor":8,"turns":6},{"damage":12,"enemies":"3 Sentries","floor":10,"turns":6},{"damage":7,"enemies":"Lagavulin","floor":12,"turns":8},{"damage":9,"enemies":"Exordium Wildlife","floor":13,"turns":4},{"damage":0,"enemies":"Hexaghost","floor":16,"turns":8},{"damage":22,"enemies":"2 Thieves","floor":18,"turns":4},{"damage":18,"enemies":"Chosen","floor":20,"turns":6},{"damage":0,"enemies":"Centurion and Healer","floor":22,"turns":5},{"damage":15,"enemies":"Gremlin Leader","floor":23,"turns":6},{"damage":13,"enemies":"Book of Stabbing","floor":27,"turns":6},{"damage":9,"enemies":"Slavers","floor":31,"turns":3},{"damage":37,"enemies":"Collector","floor":33,"turns":9},{"damage":16,"enemies":"3 Shapes","floor":35,"turns":4},{"damage":21,"enemies":"3 Darklings","floor":37,"turns":4},{"damage":1,"enemies":"Jaw Worm Horde","floor":38,"turns":6},{"damage":45,"enemies":"Transient","floor":39,"turns":3}],"seed_played":"-3088580305598216522","potions_obtained":[{"floor":3,"key":"Ancient Potion"},{"floor":4,"key":"Weak Potion"},{"floor":7,"key":"FearPotion"},{"floor":10,"key":"Block Potion"},{"floor":12,"key":"Weak Potion"},{"floor":13,"key":"GhostInAJar"}],"is_trial":false,"path_per_floor":["M","M","M","M","$","R","M","E","T","E","R","E","M","?","R","B",null,"M","?","M","$","M","E","?","R","T","E","R","?","$","E","R","B",null,"M","?","M","M","M"],"character_chosen":"THE_SILENT","items_purchased":["Adrenaline","Toolbox","Backflip","Boot"],"campfire_rested":1,"item_purchase_floors":[5,21,21,30],"current_hp_per_floor":[77,77,75,59,59,59,56,51,51,39,39,32,23,23,46,46,77,55,53,37,37,49,46,46,46,46,46,46,46,46,50,50,31,60,44,39,22,31,0],"gold":183,"neow_bonus":"TEN_PERCENT_HP_BONUS","is_prod":false,"is_daily":false,"chose_seed":false,"campfire_upgraded":5,"win_rate":0,"timestamp":1568698114,"path_taken":["M","M","M","M","$","R","M","E","T","E","R","E","M","?","R","BOSS","M","?","M","$","M","E","?","R","T","E","R","?","?","E","R","BOSS","M","?","M","M","M"],"build_version":"2019-07-17","purchased_purges":1,"victory":false,"max_hp_per_floor":[77,77,77,77,77,77,77,77,77,77,77,77,77,77,77,77,77,77,53,53,53,53,53,53,53,53,53,53,53,53,60,60,60,60,60,60,60,60,60],"card_choices":[{"not_picked":["Dagger Spray","Predator"],"picked":"PiercingWail","floor":1},{"not_picked":["Escape Plan","Bane"],"picked":"Crippling Poison","floor":2},{"not_picked":["Poisoned Stab","Quick Slash"],"picked":"Noxious Fumes","floor":3},{"not_picked":["Distraction","Flechettes"],"picked":"Acrobatics","floor":4},{"not_picked":["Prepared","Poisoned Stab"],"picked":"Cloak And Dagger","floor":7},{"not_picked":["Outmaneuver","Accuracy"],"picked":"Wraith Form v2","floor":8},{"not_picked":["Dagger Spray","Eviscerate"],"picked":"Corpse Explosion","floor":10},{"not_picked":["All Out Attack","Skewer"],"picked":"After Image","floor":12},{"not_picked":["Prepared","Blade Dance"],"picked":"Deadly Poison","floor":13},{"not_picked":["Wraith Form v2","Unload"],"picked":"A Thousand Cuts","floor":16},{"not_picked":["Eviscerate","Blade Dance","Acrobatics"],"picked":"SKIP","floor":18},{"not_picked":["Outmaneuver","Sucker Punch"],"picked":"Dodge and Roll+1","floor":20},{"not_picked":["Blade Dance","Prepared"],"picked":"Dagger Spray","floor":22},{"not_picked":["Accuracy","Escape Plan"],"picked":"Leg Sweep","floor":23},{"not_picked":["Calculated Gamble+1","Accuracy"],"picked":"Bane","floor":27},{"not_picked":["Masterful Stab","Heel Hook"],"picked":"Skewer","floor":31},{"not_picked":["Burst","Grand Finale"],"picked":"After Image","floor":33},{"not_picked":["Dagger Spray","Cloak And Dagger"],"picked":"Backstab+1","floor":35},{"not_picked":["Trip","Mind Blast"],"picked":"Discovery","floor":36},{"not_picked":["Deep Breath","Mayhem"],"picked":"Dark Shackles","floor":36},{"not_picked":["Deflect+1","Sucker Punch"],"picked":"Cloak And Dagger+1","floor":37},{"not_picked":["Cloak And Dagger+1","Quick Slash+1"],"picked":"Dash+1","floor":38}],"player_experience":337217,"relics_obtained":[{"floor":8,"key":"Unceasing Top"},{"floor":9,"key":"Whetstone"},{"floor":10,"key":"Art of War"},{"floor":12,"key":"Bronze Scales"},{"floor":23,"key":"PreservedInsect"},{"floor":26,"key":"Blood Vial"},{"floor":27,"key":"Dream Catcher"},{"floor":31,"key":"Strawberry"}],"event_choices":[{"damage_healed":0,"gold_gain":0,"player_choice":"Ignored","damage_taken":0,"max_hp_gain":0,"max_hp_loss":0,"event_name":"Liars Game","floor":14,"gold_loss":0},{"damage_healed":0,"gold_gain":0,"player_choice":"Became a vampire","damage_taken":0,"max_hp_gain":0,"max_hp_loss":24,"event_name":"Vampires","floor":19,"gold_loss":0,"cards_obtained":["Bite","Bite","Bite","Bite","Bite"]},{"damage_healed":0,"gold_gain":0,"player_choice":"Simplicity","damage_taken":0,"max_hp_gain":0,"max_hp_loss":0,"event_name":"Back to Basics","floor":24,"gold_loss":0,"cards_upgraded":["Defend_G","Defend_G","Defend_G","Defend_G","Defend_G"]},{"damage_healed":0,"gold_gain":0,"player_choice":"Ignored","damage_taken":0,"max_hp_gain":0,"max_hp_loss":0,"event_name":"Ghosts","floor":29,"gold_loss":0},{"damage_healed":0,"gold_gain":0,"player_choice":"Memory 2","damage_taken":5,"max_hp_gain":0,"max_hp_loss":0,"event_name":"SensoryStone","floor":36,"gold_loss":0}],"is_beta":false,"boss_relics":[{"not_picked":["Lizard Tail","Black Star"],"picked":"Sozu"},{"not_picked":["Pandora\u0027s Box","Cursed Key"],"picked":"Eternal Feather"}],"items_purged_floors":[5],"is_endless":false,"potions_floor_spawned":[3,4,7,10,12,13,22,31,33,37],"killed_by":"Transient","ascension_level":3}