{"gold_per_floor":[116,131,21,36,56,56,84,84,137,137,162,179,198,4,4,101,101,114,29,29,41,41,41,53,53,53,72,72,85,85,114,114,211,211,231,11,21,33,83,83,114,114,140,174,185,195,195,209,209,209,209,209,2,32,32],"floor_reached":55,"playtime":7341,"items_purged":["Strike_R"],"score":926,"play_id":"6b32a430-f15e-414e-879a-16516675eb6c","local_time":"20191013232706","is_ascension_mode":true,"campfire_choices":[{"data":"Whirlwind","floor":6,"key":"SMITH"},{"data":"Feed","floor":8,"key":"SMITH"},{"data":"Shockwave","floor":10,"key":"SMITH"},{"floor":15,"key":"REST"},{"data":"Demon Form","floor":23,"key":"SMITH"},{"data":"Armaments","floor":25,"key":"SMITH"},{"data":"True Grit","floor":32,"key":"SMITH"},{"data":"Brutality","floor":40,"key":"SMITH"},{"floor":42,"key":"REST"},{"floor":47,"key":"RECALL"},{"data":"Combust","floor":49,"key":"SMITH"},{"data":"Metallicize","floor":52,"key":"SMITH"}],"neow_cost":"PERCENT_DAMAGE","seed_source_timestamp":520409917925212,"circlet_count":0,"master_deck":["Defend_R","Defend_R","Defend_R","Defend_R","Bash","Ghostly Armor","Headbutt","Whirlwind+1","Combust+1","Thunderclap","Shockwave+1","Feed+1","Iron Wave+1","Whirlwind+1","Spot Weakness","Pummel+1","Demon Form+1","True Grit+1","Feel No Pain","Bite+1","Bite+1","Bite+1","Bite+1","Bite+1","Feed+1","Armaments+1","Flex+1","RitualDagger+1","Brutality+1","Metallicize+1","Fire Breathing+1","Impervious+1","Shrug It Off+1","Armaments+1","Rupture","Spot Weakness+1","Infernal Blade+1","Shrug It Off+1","Battle Trance+1","True Grit+1","Shrug It Off+1","Clumsy","Disarm+1","Hemokinesis+1","Heavy Blade+1","Rupture+1","RitualDagger+1","Intimidate+1"],"relics":["Burning Blood","Magic Flower","Matryoshka","Molten Egg 2","Smiling Mask","Prayer Wheel","Strange Spoon","Velvet Choker","Potion Belt","Toxic Egg 2","Vajra","Cursed Key","Blood Vial","FossilizedHelix","Bronze Scales","Ice Cream","DollysMirror","StoneCalendar"],"potions_floor_usage":[7,18,24,29,33,37,41,41,44,45,48,50,55],"damage_taken":[{"damage":1,"enemies":"Cultist","floor":1,"turns":4},{"damage":3,"enemies":"2 Louse","floor":2,"turns":3},{"damage":3,"enemies":"Small Slimes","floor":4,"turns":3},{"damage":7,"enemies":"2 Fungi Beasts","floor":5,"turns":4},{"damage":40,"enemies":"Lagavulin","floor":7,"turns":6},{"damage":32,"enemies":"Gremlin Nob","floor":11,"turns":4},{"damage":6,"enemies":"Gremlin Gang","floor":12,"turns":4},{"damage":10,"enemies":"3 Louse","floor":13,"turns":3},{"damage":46,"enemies":"Hexaghost","floor":16,"turns":9},{"damage":3,"enemies":"Chosen","floor":18,"turns":3},{"damage":11,"enemies":"Spheric Guardian","floor":21,"turns":4},{"damage":34,"enemies":"Centurion and Healer","floor":24,"turns":5},{"damage":11,"enemies":"Snecko","floor":27,"turns":3},{"damage":2,"enemies":"Cultist and Chosen","floor":29,"turns":4},{"damage":21,"enemies":"Gremlin Leader","floor":31,"turns":6},{"damage":76,"enemies":"Automaton","floor":33,"turns":7},{"damage":6,"enemies":"Orb Walker","floor":35,"turns":2},{"damage":8,"enemies":"3 Shapes","floor":37,"turns":5},{"damage":44,"enemies":"3 Darklings","floor":38,"turns":4},{"damage":9,"enemies":"2 Orb Walkers","floor":39,"turns":3},{"damage":94,"enemies":"Reptomancer","floor":41,"turns":6},{"damage":39,"enemies":"Giant Head","floor":44,"turns":7},{"damage":30,"enemies":"Maw","floor":45,"turns":7},{"damage":33,"enemies":"4 Shapes","floor":46,"turns":3},{"damage":1,"enemies":"Spire Growth","floor":48,"turns":3},{"damage":82,"enemies":"Donu and Deca","floor":50,"turns":7},{"damage":67,"enemies":"Shield and Spear","floor":54,"turns":5},{"damage":117,"enemies":"The Heart","floor":55,"turns":6}],"seed_played":"-2260904997505503159","potions_obtained":[{"floor":2,"key":"SkillPotion"},{"floor":7,"key":"GamblersBrew"},{"floor":13,"key":"SpeedPotion"},{"floor":16,"key":"Poison Potion"},{"floor":24,"key":"BloodPotion"},{"floor":27,"key":"Swift Potion"},{"floor":31,"key":"Block Potion"},{"floor":33,"key":"Poison Potion"},{"floor":39,"key":"SpeedPotion"},{"floor":41,"key":"Poison Potion"},{"floor":45,"key":"GamblersBrew"},{"floor":46,"key":"Swift Potion"},{"floor":54,"key":"BloodPotion"}],"is_trial":false,"path_per_floor":["M","M","$","M","M","R","E","R","T","R","E","M","M","$","R","B",null,"M","$","?","M","?","R","M","R","T","M","?","M","?","E","R","B",null,"M","$","M","M","?","R","E","R","T","E","M","M","R","M","R","B",null,"R","$","E","B"],"character_chosen":"IRONCLAD","items_purchased":["Whirlwind","Combust","Strange Spoon","Feel No Pain","Rupture","Blood Vial","DollysMirror"],"campfire_rested":2,"item_purchase_floors":[3,3,14,19,36,36,53],"current_hp_per_floor":[64,70,70,76,78,78,47,47,47,47,24,33,38,38,64,27,88,88,88,61,61,51,51,52,52,52,68,62,74,84,84,84,38,88,88,88,88,58,61,61,32,58,58,56,69,64,64,85,85,40,96,96,96,54,0],"gold":32,"neow_bonus":"ONE_RARE_RELIC","is_prod":false,"is_daily":false,"chose_seed":false,"campfire_upgraded":9,"win_rate":0,"timestamp":1571023626,"path_taken":["M","M","$","M","M","R","E","R","T","R","E","M","M","?","R","BOSS","M","$","?","M","?","R","M","R","T","M","?","M","?","E","R","BOSS","M","$","?","M","?","R","E","R","T","E","M","M","R","M","R","BOSS","R","$","E","BOSS"],"build_version":"2019-07-17","purchased_purges":1,"victory":false,"max_hp_per_floor":[80,80,80,80,80,80,80,80,80,80,80,84,88,88,88,88,88,88,88,61,61,66,66,70,70,70,70,70,74,84,84,84,88,88,88,88,88,88,88,88,88,88,88,88,92,96,96,96,96,96,96,96,96,100,100],"card_choices":[{"not_picked":["Twin Strike","Body Slam"],"picked":"Ghostly Armor","floor":1},{"not_picked":["Carnage","Heavy Blade"],"picked":"Headbutt","floor":2},{"not_picked":["Armaments","Reckless Charge"],"picked":"Thunderclap","floor":4},{"not_picked":["Second Wind","Cleave"],"picked":"Shockwave","floor":5},{"not_picked":["Pummel","Entrench"],"picked":"Feed","floor":7},{"not_picked":["Sentinel","Ghostly Armor"],"picked":"Dark Embrace","floor":11},{"not_picked":["Power Through","Sword Boomerang+1"],"picked":"Iron Wave+1","floor":12},{"not_picked":["Clash+1","Sword Boomerang+1"],"picked":"Whirlwind+1","floor":12},{"not_picked":["Iron Wave+1","Dropkick+1"],"picked":"Spot Weakness","floor":13},{"not_picked":["Warcry","Perfected Strike+1"],"picked":"Pummel+1","floor":13},{"not_picked":["Berserk","Fiend Fire+1"],"picked":"Demon Form","floor":16},{"not_picked":["Armaments","Dropkick+1"],"picked":"True Grit","floor":18},{"not_picked":["Clash+1","Uppercut+1","Headbutt+1"],"picked":"SKIP","floor":18},{"not_picked":["Warcry","Fire Breathing"],"picked":"Feed+1","floor":21},{"not_picked":["Sever Soul+1","Headbutt+1","Ghostly Armor"],"picked":"SKIP","floor":21},{"not_picked":["Uppercut+1","Twin Strike+1"],"picked":"Armaments","floor":24},{"not_picked":["Flex","Headbutt+1","Pommel Strike+1"],"picked":"SKIP","floor":24},{"not_picked":["Wild Strike+1","Twin Strike+1"],"picked":"Flex+1","floor":27},{"not_picked":["Feel No Pain","Headbutt+1","Sword Boomerang+1"],"picked":"SKIP","floor":27},{"not_picked":["Corruption","Blood for Blood+1"],"picked":"Brutality","floor":29},{"not_picked":["Feel No Pain","Pommel Strike+1"],"picked":"Metallicize","floor":29},{"not_picked":["Thunderclap+1","Anger+1"],"picked":"Fire Breathing+1","floor":31},{"not_picked":["Brutality","Immolate+1"],"picked":"Impervious+1","floor":33},{"not_picked":["Clothesline+1","True Grit+1"],"picked":"Shrug It Off+1","floor":35},{"not_picked":["Perfected Strike+1","Feel No Pain"],"picked":"Armaments+1","floor":35},{"not_picked":["Armaments+1","Headbutt+1"],"picked":"Spot Weakness+1","floor":37},{"not_picked":["Bloodletting+1","Inflame"],"picked":"Infernal Blade+1","floor":37},{"not_picked":["Clash+1","Impervious+1"],"picked":"Shrug It Off+1","floor":38},{"not_picked":["Twin Strike+1","Clothesline+1"],"picked":"Battle Trance+1","floor":38},{"not_picked":["Thunderclap+1","Flex+1"],"picked":"True Grit+1","floor":39},{"not_picked":["Armaments+1","Havoc+1"],"picked":"Shrug It Off+1","floor":41},{"not_picked":["Demon Form","Carnage+1","Blood for Blood+1"],"picked":"SKIP","floor":44},{"not_picked":["Cleave+1","Sentinel+1"],"picked":"Disarm+1","floor":45},{"not_picked":["Wild Strike+1","Cleave+1"],"picked":"Hemokinesis+1","floor":45},{"not_picked":["Searing Blow+1","Pommel Strike+1"],"picked":"Heavy Blade+1","floor":46},{"not_picked":["Entrench+1","Headbutt+1","Havoc+1"],"picked":"SKIP","floor":46},{"not_picked":["Second Wind+1","Perfected Strike+1"],"picked":"Rupture+1","floor":48},{"not_picked":["Uppercut+1","Sword Boomerang+1","Pummel+1"],"picked":"SKIP","floor":48},{"not_picked":["Armaments+1","Carnage+1"],"picked":"Intimidate+1","floor":54}],"player_experience":530909,"relics_obtained":[{"floor":7,"key":"Matryoshka"},{"floor":9,"key":"Molten Egg 2"},{"floor":9,"key":"Smiling Mask"},{"floor":11,"key":"Prayer Wheel"},{"floor":26,"key":"Potion Belt"},{"floor":26,"key":"Toxic Egg 2"},{"floor":31,"key":"Vajra"},{"floor":39,"key":"FossilizedHelix"},{"floor":41,"key":"Bronze Scales"},{"floor":44,"key":"Ice Cream"},{"floor":54,"key":"StoneCalendar"}],"event_choices":[{"damage_healed":0,"gold_gain":0,"player_choice":"Became a vampire","damage_taken":0,"max_hp_gain":0,"max_hp_loss":27,"event_name":"Vampires","floor":20,"gold_loss":0,"cards_obtained":["Bite","Bite","Bite","Bite","Bite"]},{"damage_healed":0,"gold_gain":0,"player_choice":"Shed Blood","damage_taken":15,"max_hp_gain":5,"max_hp_loss":0,"event_name":"Forgotten Altar","floor":22,"gold_loss":0},{"damage_healed":0,"gold_gain":0,"player_choice":"Joined the Cult","damage_taken":6,"max_hp_gain":0,"max_hp_loss":0,"event_name":"Nest","floor":28,"gold_loss":0,"cards_obtained":["RitualDagger"]},{"cards_removed":["Dark Embrace"],"damage_healed":0,"gold_gain":0,"player_choice":"Offered Rare","damage_taken":0,"max_hp_gain":10,"max_hp_loss":0,"event_name":"Bonfire Elementals","floor":30,"gold_loss":0},{"damage_healed":0,"gold_gain":0,"player_choice":"Fight","damage_taken":0,"max_hp_gain":0,"max_hp_loss":0,"event_name":"Mysterious Sphere","floor":39,"gold_loss":0}],"is_beta":false,"boss_relics":[{"not_picked":["Snecko Eye","Black Star"],"picked":"Velvet Choker"},{"not_picked":["Mark of Pain","Empty Cage"],"picked":"Cursed Key"}],"items_purged_floors":[19],"is_endless":false,"potions_floor_spawned":[2,7,13,16,24,27,31,33,39,41,45,46,54],"killed_by":"The Heart","ascension_level":4}