{"gold_per_floor":[114,131,151,81,46,46,76,76,76,94,94,111,111,146,146,244,244,258,258,268,281,294,328,328,360,360,360,300,300,313,313],"floor_reached":31,"playtime":3582,"items_purged":[],"score":316,"play_id":"75ae5c04-6104-461a-a2d9-32d332141c4d","local_time":"20190928224627","is_ascension_mode":true,"campfire_choices":[{"data":"Loop","floor":6,"key":"SMITH"},{"data":"Buffer","floor":8,"key":"SMITH"},{"data":"Hologram","floor":11,"key":"SMITH"},{"data":"Zap","floor":15,"key":"SMITH"},{"floor":24,"key":"REST"},{"floor":29,"key":"REST"}],"neow_cost":"NONE","seed_source_timestamp":18504886424966,"circlet_count":0,"master_deck":["Strike_B+1","Strike_B+1","Defend_B+1","Defend_B+1","Defend_B+1","Zap+1","Dualcast","Compile Driver","Capacitor","Loop+1","Stack","Reinforced Body","Buffer+1","Hologram+1","Lockon","Machine Learning+1","Echo Form+1","Barrage+1","Force Field","Undo+1","Chill","Ball Lightning","Redo","Conserve Battery","Glacier","Cold Snap"],"special_seed":0,"relics":["Cracked Core","Dead Branch","Gremlin Horn","Pantograph","Frozen Egg 2","Busted Crown","Thread and Needle","Prayer Wheel","Question Card"],"potions_floor_usage":[12,16,18,22,25,27],"damage_taken":[{"damage":0,"enemies":"2 Louse","floor":1,"turns":1},{"damage":13,"enemies":"Jaw Worm","floor":2,"turns":4},{"damage":1,"enemies":"Cultist","floor":3,"turns":3},{"damage":8,"enemies":"Lagavulin","floor":7,"turns":7},{"damage":12,"enemies":"Looter","floor":10,"turns":4},{"damage":15,"enemies":"Lots of Slimes","floor":12,"turns":3},{"damage":22,"enemies":"3 Sentries","floor":14,"turns":6},{"damage":35,"enemies":"Hexaghost","floor":16,"turns":12},{"damage":43,"enemies":"3 Byrds","floor":18,"turns":7},{"damage":0,"enemies":"Spheric Guardian","floor":20,"turns":4},{"damage":0,"enemies":"Snecko","floor":21,"turns":5},{"damage":17,"enemies":"Centurion and Healer","floor":22,"turns":6},{"damage":22,"enemies":"Gremlin Leader","floor":23,"turns":7},{"damage":18,"enemies":"Book of Stabbing","floor":25,"turns":8},{"damage":0,"enemies":"Chosen and Byrds","floor":27,"turns":2},{"damage":1,"enemies":"Snake Plant","floor":30,"turns":5},{"damage":32,"enemies":"Gremlin Leader","floor":31,"turns":5}],"seed_played":"3793858291290780574","potions_obtained":[{"floor":1,"key":"PowerPotion"},{"floor":7,"key":"Weak Potion"},{"floor":14,"key":"GamblersBrew"},{"floor":16,"key":"Regen Potion"},{"floor":21,"key":"Fire Potion"},{"floor":23,"key":"SmokeBomb"}],"is_trial":false,"path_per_floor":["M","M","M","$","?","R","E","R","T","M","R","M","T","E","R","B",null,"M","?","M","M","M","E","R","E","T","M","?","R","M","E"],"character_chosen":"DEFECT","items_purchased":["Reinforced Body"],"campfire_rested":2,"item_purchase_floors":[4],"current_hp_per_floor":[75,62,61,61,75,75,67,67,67,55,55,40,40,18,18,8,75,41,41,41,41,24,2,24,6,6,6,6,28,27,0],"gold":313,"neow_bonus":"TRANSFORM_CARD","is_prod":false,"is_daily":false,"chose_seed":false,"campfire_upgraded":4,"win_rate":0,"timestamp":1569725187,"path_taken":["M","M","M","$","?","R","E","R","T","M","R","M","?","E","R","BOSS","M","?","M","M","M","E","R","E","T","M","?","R","?","E"],"build_version":"2019-07-17","purchased_purges":0,"victory":false,"max_hp_per_floor":[75,75,75,75,75,75,75,75,75,75,75,75,75,75,75,75,75,75,75,75,75,75,75,75,75,75,75,75,75,75,75],"card_choices":[{"not_picked":["Leap","Compile Driver"],"picked":"Capacitor","floor":1},{"not_picked":["Coolheaded","Ball Lightning"],"picked":"Loop","floor":2},{"not_picked":["Compile Driver","Go for the Eyes"],"picked":"Stack","floor":3},{"not_picked":["Coolheaded","Beam Cell"],"picked":"Buffer","floor":7},{"not_picked":["Rip and Tear","Leap"],"picked":"Hologram","floor":10},{"not_picked":["Sweeping Beam","Sunder"],"picked":"Lockon","floor":12},{"not_picked":["Leap","Turbo"],"picked":"Machine Learning","floor":14},{"not_picked":["Rainbow","Machine Learning+1"],"picked":"Echo Form+1","floor":16},{"not_picked":[],"picked":"Barrage+1","floor":18},{"not_picked":[],"picked":"Force Field","floor":20},{"not_picked":[],"picked":"Undo+1","floor":21},{"not_picked":[],"picked":"Chill","floor":22},{"not_picked":["Aggregate+1"],"picked":"SKIP","floor":23},{"not_picked":[],"picked":"Ball Lightning","floor":25},{"not_picked":["Gash"],"picked":"Glacier","floor":30},{"not_picked":["FTL"],"picked":"Cold Snap","floor":30}],"player_experience":405587,"relics_obtained":[{"floor":7,"key":"Dead Branch"},{"floor":9,"key":"Gremlin Horn"},{"floor":13,"key":"Pantograph"},{"floor":14,"key":"Frozen Egg 2"},{"floor":23,"key":"Thread and Needle"},{"floor":25,"key":"Prayer Wheel"},{"floor":26,"key":"Question Card"}],"event_choices":[{"damage_healed":18,"gold_gain":0,"player_choice":"Healed","damage_taken":0,"max_hp_gain":0,"max_hp_loss":0,"event_name":"The Cleric","floor":5,"gold_loss":35},{"damage_healed":0,"gold_gain":0,"player_choice":"Simplicity","damage_taken":0,"max_hp_gain":0,"max_hp_loss":0,"event_name":"Back to Basics","floor":19,"gold_loss":0,"cards_upgraded":["Strike_B","Strike_B","Strike_B","Defend_B","Defend_B","Defend_B","Defend_B"]},{"damage_healed":0,"gold_gain":0,"cards_transformed":["Strike_B","Defend_B"],"player_choice":"Transformed Cards","damage_taken":0,"max_hp_gain":0,"max_hp_loss":0,"event_name":"Designer","floor":28,"gold_loss":60,"cards_obtained":["Redo","Conserve Battery"]}],"is_beta":false,"boss_relics":[{"not_picked":["Orrery","Astrolabe"],"picked":"Busted Crown"}],"items_purged_floors":[],"is_endless":false,"potions_floor_spawned":[1,7,14,16,21,23,27],"killed_by":"Gremlin Leader","ascension_level":2}