{"gold_per_floor":[112,126,136,154,169,169,169,195,248,323,337,337,371,389,389,492,492,507,521,539,539],"floor_reached":21,"playtime":2386,"items_purged":[],"score":195,"play_id":"3b2ede48-fc6d-43e7-8020-15b3f0e3fe39","local_time":"20191015071714","is_ascension_mode":false,"campfire_choices":[{"data":"Inflame","floor":6.0,"key":"SMITH"},{"data":"Feed","floor":12.0,"key":"SMITH"},{"floor":15.0,"key":"REST"}],"neow_cost":"NONE","seed_source_timestamp":31008091986600,"circlet_count":0,"master_deck":["Strike_R","Strike_R","Strike_R","Defend_R","Defend_R","Defend_R","Defend_R","Bash","Deep Breath","Inflame+1","Warcry","Pommel Strike","Dual Wield","Sword Boomerang","Feed+1","Headbutt","Thunderclap","Seeing Red","Reaper","Shrug It Off+1","Rupture+1","Clumsy","Entrench","Blood for Blood","Dual Wield+1"],"special_seed":0,"relics":["Burning Blood","Shuriken","Tiny Chest","Boot","Astrolabe"],"potions_floor_usage":[21],"damage_taken":[{"damage":0.0,"enemies":"Cultist","floor":1.0,"turns":4.0},{"damage":4.0,"enemies":"Small Slimes","floor":2.0,"turns":4.0},{"damage":5.0,"enemies":"Jaw Worm","floor":3.0,"turns":5.0},{"damage":12.0,"enemies":"Looter","floor":4.0,"turns":4.0},{"damage":16.0,"enemies":"Blue Slaver","floor":5.0,"turns":5.0},{"damage":15.0,"enemies":"Gremlin Nob","floor":8.0,"turns":4.0},{"damage":0.0,"enemies":"Large Slime","floor":11.0,"turns":3.0},{"damage":26.0,"enemies":"Lagavulin","floor":13.0,"turns":5.0},{"damage":11.0,"enemies":"Red Slaver","floor":14.0,"turns":3.0},{"damage":61.0,"enemies":"The Guardian","floor":16.0,"turns":13.0},{"damage":27.0,"enemies":"Shell Parasite","floor":18.0,"turns":6.0},{"damage":26.0,"enemies":"Spheric Guardian","floor":19.0,"turns":5.0},{"damage":27.0,"enemies":"Snake Plant","floor":20.0,"turns":4.0},{"damage":55,"enemies":"Shelled Parasite and Fungi","floor":21,"turns":7}],"seed_played":"-7486792849167273682","potions_obtained":[{"floor":2.0,"key":"Poison Potion"},{"floor":5.0,"key":"Explosive Potion"},{"floor":11.0,"key":"Poison Potion"},{"floor":14.0,"key":"SteroidPotion"},{"floor":18.0,"key":"EssenceOfSteel"},{"floor":19.0,"key":"LiquidBronze"}],"is_trial":false,"path_per_floor":["M","M","M","M","M","R","?","E","T","?","M","R","E","M","R","B",null,"M","M","M","M"],"character_chosen":"IRONCLAD","items_purchased":[],"campfire_rested":1,"item_purchase_floors":[],"current_hp_per_floor":[80,80,80,74,64,64,80,71,71,60,66,66,46,45,70,15,81,73,61,40,0],"gold":539,"neow_bonus":"RANDOM_COLORLESS","is_prod":false,"is_daily":false,"chose_seed":false,"campfire_upgraded":2,"win_rate":0.0,"timestamp":1571138234,"path_taken":["M","M","M","M","?","R","?","E","T","?","M","R","E","M","R","BOSS","M","M","M","M"],"build_version":"2019-07-17","purchased_purges":0,"victory":false,"max_hp_per_floor":[80,80,80,80,80,80,80,80,80,80,80,80,80,84,84,84,81,85,85,85,85],"card_choices":[{"not_picked":["Cleave","Thunderclap"],"picked":"Inflame","floor":1.0},{"not_picked":["Corruption","Sword Boomerang"],"picked":"Warcry","floor":2.0},{"not_picked":["Perfected Strike","Clothesline"],"picked":"Pommel Strike","floor":3.0},{"not_picked":["Perfected Strike","Armaments"],"picked":"Dual Wield","floor":4.0},{"not_picked":["Pommel Strike","Sever Soul"],"picked":"Sword Boomerang","floor":5.0},{"not_picked":["Clash","Carnage"],"picked":"Feed","floor":8.0},{"not_picked":["Warcry","Clash"],"picked":"Headbutt","floor":11.0},{"not_picked":["Body Slam","Hemokinesis"],"picked":"Thunderclap","floor":13.0},{"not_picked":["Shockwave","Inflame"],"picked":"Seeing Red","floor":14.0},{"not_picked":["Impervious","Bludgeon"],"picked":"Reaper","floor":16.0},{"not_picked":["Twin Strike+1","Battle Trance"],"picked":"Entrench","floor":18.0},{"not_picked":["Clash","Twin Strike"],"picked":"Blood for Blood","floor":19.0},{"not_picked":["Hemokinesis","Combust"],"picked":"Dual Wield+1","floor":20.0}],"player_experience":73851,"relics_obtained":[{"floor":8.0,"key":"Shuriken"},{"floor":9.0,"key":"Tiny Chest"},{"floor":13.0,"key":"Boot"}],"event_choices":[{"damage_healed":20.0,"max_hp_gain":0.0,"max_hp_loss":0.0,"gold_gain":0.0,"event_name":"Mushrooms","player_choice":"Healed and dodged fight","floor":7.0,"gold_loss":0.0,"damage_taken":0.0,"cards_obtained":["Parasite"]},{"damage_healed":0.0,"max_hp_gain":0.0,"max_hp_loss":0.0,"gold_gain":75.0,"event_name":"World of Goop","player_choice":"Gather Gold","floor":10.0,"gold_loss":0.0,"damage_taken":11.0}],"is_beta":false,"boss_relics":[{"not_picked":["Fusion Hammer","Empty Cage"],"picked":"Astrolabe"}],"items_purged_floors":[],"is_endless":false,"potions_floor_spawned":[2,5,11,14,18,19],"killed_by":"Shelled Parasite and Fungi","ascension_level":0}