{"gold_per_floor":[115,126,144,163,5,5,5,20,20,20,46,46,23,35,35,35],"floor_reached":16,"playtime":864,"items_purged":[],"score":102,"play_id":"78597ff7-7726-4cb5-ad9d-174fe3fb9254","local_time":"20191019235345","is_ascension_mode":false,"campfire_choices":[{"data":"Immolate","floor":6,"key":"SMITH"},{"data":"Armaments","floor":10,"key":"SMITH"},{"floor":15,"key":"REST"}],"neow_cost":"TEN_PERCENT_HP_LOSS","seed_source_timestamp":761152321590264,"circlet_count":0,"master_deck":["Strike_R","Strike_R+1","Strike_R","Strike_R","Strike_R","Defend_R","Defend_R","Defend_R","Defend_R","Bash+1","Shockwave","Sword Boomerang","Pommel Strike","Pummel","Immolate+1","Armaments+1","Thunderclap","Shrug It Off"],"relics":["Burning Blood","Du-Vu Doll","Mummified Hand","Girya","Ice Cream"],"potions_floor_usage":[16,16],"damage_taken":[{"damage":1,"enemies":"Small Slimes","floor":1,"turns":3},{"damage":7,"enemies":"2 Louse","floor":2,"turns":3},{"damage":6,"enemies":"Jaw Worm","floor":3,"turns":3},{"damage":15,"enemies":"Exordium Wildlife","floor":4,"turns":5},{"damage":8,"enemies":"Red Slaver","floor":8,"turns":2},{"damage":10,"enemies":"Gremlin Nob","floor":11,"turns":3},{"damage":4,"enemies":"Blue Slaver","floor":14,"turns":4},{"damage":54,"enemies":"Hexaghost","floor":16,"turns":12}],"seed_played":"2647066322681813404","potions_obtained":[{"floor":1,"key":"Weak Potion"},{"floor":14,"key":"EssenceOfSteel"}],"is_trial":false,"path_per_floor":["M","M","M","M","$","R","?","M","T","R","E","?","$","M","R","B"],"character_chosen":"IRONCLAD","items_purchased":["Immolate","Shrug It Off"],"campfire_rested":1,"item_purchase_floors":[5,13],"current_hp_per_floor":[72,71,71,62,62,62,50,48,48,48,44,30,30,32,53,0],"gold":35,"neow_bonus":"ONE_RARE_RELIC","is_prod":false,"is_daily":false,"chose_seed":false,"campfire_upgraded":2,"win_rate":0,"timestamp":1571543625,"path_taken":["M","M","M","M","$","R","?","M","T","R","E","?","$","M","R","BOSS"],"build_version":"2019-07-17","purchased_purges":0,"victory":false,"max_hp_per_floor":[72,72,72,72,72,72,72,72,72,72,72,72,72,72,72,72],"card_choices":[{"not_picked":["Disarm","Twin Strike"],"picked":"Shockwave","floor":1},{"not_picked":["Wild Strike","Anger"],"picked":"Sword Boomerang","floor":2},{"not_picked":["Feel No Pain","Dropkick"],"picked":"Pommel Strike","floor":3},{"not_picked":["Wild Strike","Flex"],"picked":"Pummel","floor":4},{"not_picked":["Combust","Fire Breathing"],"picked":"Armaments","floor":8},{"not_picked":["Rupture","Flex"],"picked":"Thunderclap","floor":11},{"not_picked":["Fire Breathing","Pommel Strike","Reckless Charge"],"picked":"SKIP","floor":14}],"player_experience":620365,"relics_obtained":[{"floor":9,"key":"Girya"},{"floor":11,"key":"Ice Cream"}],"event_choices":[{"damage_healed":0,"gold_gain":0,"player_choice":"Success","damage_taken":12,"relics_obtained":["Mummified Hand"],"max_hp_gain":0,"max_hp_loss":0,"event_name":"Scrap Ooze","floor":7,"gold_loss":0},{"damage_healed":0,"gold_gain":0,"player_choice":"Entered Light","damage_taken":14,"max_hp_gain":0,"max_hp_loss":0,"event_name":"Shining Light","floor":12,"gold_loss":0,"cards_upgraded":["Bash","Strike_R"]}],"is_beta":false,"boss_relics":[],"items_purged_floors":[],"is_endless":false,"potions_floor_spawned":[1,14],"killed_by":"Hexaghost","ascension_level":0}