{"gold_per_floor":[118,118,130,130,149,149,184,199,271,50,50,50,70,86,86,184,184,198,198,217,217,242,268,2,2,2,2,2,2,20,53,53,156,156,168,168,181,181,199,224,243,243,243,262,262,262,262,18,18,18],"floor_reached":51,"playtime":12144,"items_purged":["Pain"],"score":715,"play_id":"b764d218-7a37-4313-8701-d9c96a190c50","local_time":"20191017013753","is_ascension_mode":false,"campfire_choices":[{"data":"Double Energy","floor":6.0,"key":"SMITH"},{"floor":11.0,"key":"REST"},{"data":"Hyperbeam","floor":15.0,"key":"SMITH"},{"floor":25.0,"key":"REST"},{"data":"Echo Form","floor":28.0,"key":"SMITH"},{"data":"Redo","floor":32.0,"key":"SMITH"},{"data":"Storm","floor":42.0,"key":"SMITH"},{"data":"Capacitor","floor":45,"key":"SMITH"},{"data":"Buffer","floor":46,"key":"SMITH"},{"data":"Heatsinks","floor":47,"key":"SMITH"},{"data":"Reinforced Body","floor":49,"key":"SMITH"}],"neow_cost":"NONE","seed_source_timestamp":134105342058600,"circlet_count":0,"master_deck":["Strike_B","Defend_B","Defend_B","Zap","Dualcast","Recycle+1","Double Energy+1","Redo+1","Reinforced Body+1","Hyperbeam+1","Undo+1","Coolheaded+1","Sweeping Beam","Storm+1","Chaos+1","Turbo+1","Echo Form+1","Auto Shields+1","Turbo+1","Heatsinks+1","All For One","Metamorphosis+1","Conserve Battery+1","Reinforced Body+1","Steam+1","Hologram+1","Buffer+1","White Noise+1","Core Surge+1","Gash+1","Gash+1","Fusion+1","Skim+1","Capacitor+1","Stack+1","Consume+1","Enlightenment+1"],"special_seed":0,"relics":["Cracked Core","Bird Faced Urn","Toxic Egg 2","WarpedTongs","Runic Pyramid","Strawberry","WingedGreaves","Smiling Mask","Bronze Scales","Astrolabe","Incense Burner","Regal Pillow","Bottled Tornado","Vajra"],"potions_floor_usage":[50],"damage_taken":[{"damage":0.0,"enemies":"Small Slimes","floor":1.0,"turns":2.0},{"damage":1.0,"enemies":"Cultist","floor":3.0,"turns":3.0},{"damage":0.0,"enemies":"Jaw Worm","floor":4.0,"turns":1.0},{"damage":8.0,"enemies":"Red Slaver","floor":5.0,"turns":3.0},{"damage":11.0,"enemies":"Gremlin Nob","floor":7.0,"turns":4.0},{"damage":1.0,"enemies":"3 Louse","floor":8.0,"turns":4.0},{"damage":1.0,"enemies":"Exordium Wildlife","floor":13.0,"turns":3.0},{"damage":0.0,"enemies":"Large Slime","floor":14.0,"turns":3.0},{"damage":42.0,"enemies":"The Guardian","floor":16.0,"turns":15.0},{"damage":5.0,"enemies":"Chosen","floor":18.0,"turns":4.0},{"damage":10.0,"enemies":"Shell Parasite","floor":20.0,"turns":4.0},{"damage":39.0,"enemies":"Gremlin Leader","floor":23.0,"turns":9.0},{"damage":10.0,"enemies":"Cultist and Chosen","floor":30.0,"turns":4.0},{"damage":6.0,"enemies":"Book of Stabbing","floor":31.0,"turns":5.0},{"damage":15.0,"enemies":"Champ","floor":33.0,"turns":9.0},{"damage":14.0,"enemies":"3 Darklings","floor":35.0,"turns":3.0},{"damage":10.0,"enemies":"3 Shapes","floor":37.0,"turns":3.0},{"damage":13.0,"enemies":"Jaw Worm Horde","floor":39.0,"turns":3.0},{"damage":5.0,"enemies":"Reptomancer","floor":40.0,"turns":6.0},{"damage":0.0,"enemies":"Spire Growth","floor":41.0,"turns":5.0},{"damage":0,"enemies":"4 Shapes","floor":44,"turns":4},{"damage":14,"enemies":"Donu and Deca","floor":50,"turns":7}],"seed_played":"-1769864403658881486","potions_obtained":[{"floor":3.0,"key":"SmokeBomb"},{"floor":5.0,"key":"AttackPotion"},{"floor":7.0,"key":"EssenceOfDarkness"},{"floor":13.0,"key":"Dexterity Potion"},{"floor":18.0,"key":"Regen Potion"},{"floor":20.0,"key":"GamblersBrew"},{"floor":37.0,"key":"Fruit Juice"},{"floor":44,"key":"Strength Potion"}],"is_trial":false,"path_per_floor":["M","?","M","M","M","R","E","M","T","$","R","?","M","M","R","B",null,"M","?","M","?","T","E","$","R","T","$","R","?","M","E","R","B",null,"M","?","M","$","M","E","M","R","T","M","R","R","R","$","R","B",null],"character_chosen":"DEFECT","items_purchased":["Undo+1","Coolheaded+1","Sweeping Beam","Storm","Metamorphosis+1","Vajra","Enlightenment+1"],"campfire_rested":2,"item_purchase_floors":[10,10,10,10,24,48,48],"current_hp_per_floor":[82,82,81,81,73,73,62,61,61,61,82,82,81,82,82,40,82,79,71,79,79,86,55,55,81,81,81,81,81,75,73,73,64,89,81,81,75,75,71,74,84,84,84,90,90,90,90,90,90,89],"gold":18,"neow_bonus":"TEN_PERCENT_HP_BONUS","is_prod":false,"is_daily":false,"chose_seed":false,"campfire_upgraded":9,"win_rate":0,"timestamp":1571290673,"path_taken":["M","?","M","M","?","R","E","M","T","$","R","?","?","M","R","BOSS","M","?","?","?","?","E","$","R","T","?","R","?","?","E","R","BOSS","M","?","M","$","M","E","M","R","T","M","R","R","R","$","R","BOSS"],"build_version":"2019-10-16","purchased_purges":1,"victory":true,"max_hp_per_floor":[82,82,82,82,82,82,82,82,82,82,82,82,82,82,82,82,82,82,82,82,82,89,89,89,89,89,89,89,89,89,89,89,89,89,89,89,89,89,94,94,94,94,94,94,94,94,94,94,94,94],"card_choices":[{"not_picked":["Go for the Eyes","Cold Snap"],"picked":"Recycle","floor":1.0},{"not_picked":["Heatsinks","Static Discharge"],"picked":"Double Energy","floor":3.0},{"not_picked":["Streamline","Sweeping Beam"],"picked":"Redo","floor":5.0},{"not_picked":["Turbo","Recycle"],"picked":"Reinforced Body","floor":7.0},{"not_picked":["Melter","Sweeping Beam"],"picked":"Hyperbeam","floor":8.0},{"not_picked":["Turbo+1","Rebound"],"picked":"Chaos+1","floor":13.0},{"not_picked":["Beam Cell","Compile Driver"],"picked":"Turbo+1","floor":14.0},{"not_picked":["Multi-Cast+1","Biased Cognition"],"picked":"Echo Form","floor":16.0},{"not_picked":["FTL+1","Sweeping Beam"],"picked":"Auto Shields+1","floor":18.0},{"not_picked":["Go for the Eyes","Genetic Algorithm+1"],"picked":"Turbo+1","floor":20.0},{"not_picked":["Redo+1","Compile Driver+1"],"picked":"All For One","floor":23.0},{"not_picked":["Cold Snap","Barrage+1"],"picked":"Steam+1","floor":30.0},{"not_picked":["Coolheaded+1","FTL"],"picked":"Hologram+1","floor":31.0},{"not_picked":["Hyperbeam","Rainbow+1"],"picked":"Buffer","floor":33.0},{"not_picked":["Beam Cell","Lockon"],"picked":"Gash+1","floor":35.0},{"not_picked":["Go for the Eyes","Rebound"],"picked":"Fusion+1","floor":37.0},{"not_picked":["Steam+1","Turbo+1"],"picked":"Skim+1","floor":39.0},{"not_picked":["Leap+1","Beam Cell+1"],"picked":"Capacitor","floor":40.0},{"not_picked":["Recycle+1","Barrage+1"],"picked":"Stack+1","floor":41.0},{"not_picked":["Rebound+1","Scrape+1"],"picked":"Consume+1","floor":44}],"player_experience":97725,"relics_obtained":[{"floor":7.0,"key":"Bird Faced Urn"},{"floor":9.0,"key":"Toxic Egg 2"},{"floor":22.0,"key":"Strawberry"},{"floor":23.0,"key":"WingedGreaves"},{"floor":26.0,"key":"Smiling Mask"},{"floor":31.0,"key":"Bronze Scales"},{"floor":40.0,"key":"Regal Pillow"},{"floor":43.0,"key":"Bottled Tornado"}],"event_choices":[{"damage_healed":0.0,"max_hp_gain":0.0,"max_hp_loss":0.0,"gold_gain":0.0,"event_name":"Upgrade Shrine","player_choice":"Upgraded","floor":2.0,"gold_loss":0.0,"damage_taken":0.0,"cards_upgraded":["Recycle"]},{"damage_healed":0.0,"max_hp_gain":0.0,"max_hp_loss":0.0,"gold_gain":0.0,"event_name":"Accursed Blacksmith","player_choice":"Rummage","floor":12.0,"gold_loss":0.0,"damage_taken":0.0,"relics_obtained":["WarpedTongs"],"cards_obtained":["Pain"]},{"damage_healed":0.0,"max_hp_gain":0.0,"max_hp_loss":0.0,"gold_gain":0.0,"event_name":"Wheel of Change","player_choice":"Damaged","floor":19.0,"gold_loss":0.0,"damage_taken":8.0},{"damage_healed":0.0,"max_hp_gain":0.0,"max_hp_loss":0.0,"gold_gain":0.0,"event_name":"The Library","player_choice":"Read","floor":21.0,"gold_loss":0.0,"damage_taken":0.0,"cards_obtained":["Heatsinks"]},{"damage_healed":0.0,"max_hp_gain":0.0,"max_hp_loss":0.0,"gold_gain":0.0,"cards_transformed":["Strike_B","Strike_B"],"event_name":"Drug Dealer","player_choice":"Became Test Subject","floor":29.0,"gold_loss":0.0,"damage_taken":0.0,"cards_obtained":["Conserve Battery","Reinforced Body"]},{"damage_healed":0.0,"max_hp_gain":0.0,"max_hp_loss":0.0,"gold_gain":0.0,"event_name":"WeMeetAgain","player_choice":"Gave Potion","floor":36.0,"gold_loss":0.0,"damage_taken":0.0,"relics_obtained":["Incense Burner"]}],"is_beta":true,"boss_relics":[{"not_picked":["Inserter","Cursed Key"],"picked":"Runic Pyramid"},{"not_picked":["Velvet Choker","Sozu"],"picked":"Astrolabe"}],"items_purged_floors":[24],"is_endless":false,"potions_floor_spawned":[3,4,5,7,13,18,20,37,44],"ascension_level":0}