{"gold_per_floor":[114,130,147,166,237,270,282,18,18,18,29,29,29,46,46,144,144,163,163,173,77,90,90,90],"floor_reached":24,"playtime":2067,"items_purged":["Strike_R"],"score":223,"play_id":"890c477a-2bea-4e42-95ac-881b399c2912","local_time":"20191019233909","is_ascension_mode":false,"campfire_choices":[{"data":"True Grit","floor":7,"key":"SMITH"},{"data":"Cleave","floor":12,"key":"SMITH"},{"data":"Limit Break","floor":15,"key":"SMITH"},{"data":"Whirlwind","floor":23,"key":"SMITH"}],"neow_cost":"NONE","seed_source_timestamp":759072207246813,"circlet_count":0,"master_deck":["Strike_R","Strike_R","Strike_R","Defend_R","Defend_R","Defend_R","Defend_R","Bash","Panacea","True Grit+1","Rage","Headbutt","Evolve","Flex","Cleave+1","Limit Break+1","Heavy Blade","Offering","Ghostly","Ghostly","Ghostly","Ghostly","Ghostly","Whirlwind+1","Shrug It Off","Shrug It Off+1"],"relics":["Black Blood","Sundial","MawBank","Vajra","The Courier"],"potions_floor_usage":[11,16,24,24],"damage_taken":[{"damage":10,"enemies":"Cultist","floor":1,"turns":4},{"damage":2,"enemies":"Small Slimes","floor":2,"turns":4},{"damage":5,"enemies":"2 Louse","floor":3,"turns":3},{"damage":7,"enemies":"Blue Slaver","floor":4,"turns":4},{"damage":34,"enemies":"Lagavulin","floor":6,"turns":8},{"damage":2,"enemies":"Exordium Wildlife","floor":11,"turns":2},{"damage":13,"enemies":"Lots of Slimes","floor":14,"turns":3},{"damage":18,"enemies":"The Guardian","floor":16,"turns":10},{"damage":15,"enemies":"Chosen","floor":18,"turns":6},{"damage":7,"enemies":"Spheric Guardian","floor":20,"turns":5},{"damage":9,"enemies":"Centurion and Healer","floor":22,"turns":6},{"damage":47,"enemies":"Book of Stabbing","floor":24,"turns":8}],"seed_played":"-7177176588829033961","potions_obtained":[{"floor":3,"key":"Explosive Potion"},{"floor":6,"key":"Poison Potion"},{"floor":11,"key":"Weak Potion"},{"floor":18,"key":"SpeedPotion"}],"is_trial":false,"path_per_floor":["M","M","M","M","T","E","R","$","T","$","M","R","?","M","R","B",null,"M","?","M","$","M","R","E"],"character_chosen":"IRONCLAD","items_purchased":["Cleave","Vajra","FairyPotion","Shrug It Off"],"campfire_rested":0,"item_purchase_floors":[8,8,8,21],"current_hp_per_floor":[76,80,80,79,79,51,51,51,51,51,55,55,55,48,48,36,80,75,40,40,40,40,40,0],"gold":90,"neow_bonus":"RANDOM_COLORLESS","is_prod":false,"is_daily":false,"chose_seed":false,"campfire_upgraded":4,"win_rate":0,"timestamp":1571542749,"path_taken":["M","M","M","M","?","E","R","$","T","$","M","R","?","M","R","BOSS","M","?","M","$","M","R","E"],"build_version":"2019-07-17","purchased_purges":1,"victory":false,"max_hp_per_floor":[80,80,80,80,80,80,80,80,80,80,80,80,80,80,80,80,80,80,40,40,40,40,40,40],"card_choices":[{"not_picked":["Pommel Strike","Ghostly Armor"],"picked":"True Grit","floor":1},{"not_picked":["Flex","Corruption"],"picked":"Rage","floor":2},{"not_picked":["Body Slam","Wild Strike"],"picked":"Headbutt","floor":3},{"not_picked":["Havoc","Iron Wave"],"picked":"Evolve","floor":4},{"not_picked":["Anger","Shockwave"],"picked":"Flex","floor":6},{"not_picked":["Headbutt","Dropkick","Uppercut"],"picked":"SKIP","floor":11},{"not_picked":["Flex","Sentinel"],"picked":"Heavy Blade","floor":14},{"not_picked":["Fiend Fire","Dark Embrace"],"picked":"Offering","floor":16},{"not_picked":["Uppercut","Flex","Clash+1"],"picked":"SKIP","floor":18},{"not_picked":["Heavy Blade+1","Sever Soul"],"picked":"Whirlwind","floor":20},{"not_picked":["Iron Wave","Infernal Blade+1"],"picked":"Shrug It Off+1","floor":22}],"player_experience":618298,"relics_obtained":[{"floor":5,"key":"Sundial"},{"floor":6,"key":"MawBank"},{"floor":9,"key":"The Courier"}],"event_choices":[{"damage_healed":0,"gold_gain":0,"cards_transformed":["Strike_R"],"player_choice":"Change","damage_taken":0,"max_hp_gain":0,"max_hp_loss":0,"event_name":"Living Wall","floor":13,"gold_loss":0,"cards_obtained":["Limit Break"]},{"damage_healed":0,"gold_gain":0,"player_choice":"Became a Ghost","damage_taken":0,"max_hp_gain":0,"max_hp_loss":40,"event_name":"Ghosts","floor":19,"gold_loss":0,"cards_obtained":["Ghostly","Ghostly","Ghostly","Ghostly","Ghostly"]}],"is_beta":false,"boss_relics":[{"not_picked":["Runic Dome","White Beast Statue"],"picked":"Black Blood"}],"items_purged_floors":[21],"is_endless":false,"potions_floor_spawned":[3,6,11,18,20],"killed_by":"Book of Stabbing","ascension_level":0}