{"gold_per_floor":[117,129,129,39,52,52,79,79,79,79,17,34,34,56,56,161,161,179,195,195,210,135,135,148,148,148,160,191,203,240,277,289,403,415,446,468,580,592,194,194,221,241,265,265,278,278,278,307,307,307],"floor_reached":51,"playtime":5352,"items_purged":["Shame"],"score":1106,"play_id":"a345a065-cd2a-478e-9dac-cad362c1b97b","local_time":"20191026234124","is_ascension_mode":true,"campfire_choices":[{"data":"Bouncing Flask","floor":6.0,"key":"SMITH"},{"data":"Catalyst","floor":10.0,"key":"SMITH"},{"data":"Noxious Fumes","floor":15.0,"key":"SMITH"},{"data":"Catalyst","floor":23.0,"key":"SMITH"},{"data":"Neutralize","floor":25.0,"key":"SMITH"},{"data":"Crippling Poison","floor":27.0,"key":"SMITH"},{"data":"Caltrops","floor":29.0,"key":"SMITH"},{"data":"Footwork","floor":32.0,"key":"SMITH"},{"data":"Predator","floor":40,"key":"SMITH"},{"floor":44,"key":"REST"},{"floor":47,"key":"REST"},{"data":"Footwork","floor":49,"key":"SMITH"}],"neow_cost":"NONE","seed_source_timestamp":0,"circlet_count":0,"master_deck":["Strike_G","Strike_G","Strike_G","Strike_G","Defend_G","Defend_G","Defend_G+1","Defend_G","Defend_G","Survivor+1","Neutralize+1","Catalyst+1","Backflip","Bouncing Flask+1","Footwork+1","Caltrops+1","Catalyst+1","Noxious Fumes+1","PiercingWail","Footwork+1","Corpse Explosion","Acrobatics+1","PiercingWail","Crippling Poison+1","Flying Knee","Noxious Fumes+1","Clumsy","Bullet Time","Sucker Punch+1","Dodge and Roll","Writhe","Predator+1","Night Terror","Well Laid Plans+1","Dash+1"],"special_seed":0,"relics":["Ring of the Snake","PreservedInsect","The Courier","Orichalcum","War Paint","Bottled Tornado","Odd Mushroom","Cursed Key","MawBank","Red Mask","Strawberry","Sozu","Gambling Chip","Omamori","OrangePellets","Happy Flower","Smiling Mask","WarpedTongs","StoneCalendar"],"potions_floor_usage":[37],"damage_taken":[{"damage":8.0,"enemies":"Jaw Worm","floor":1.0,"turns":6.0},{"damage":0.0,"enemies":"2 Louse","floor":2.0,"turns":5.0},{"damage":0.0,"enemies":"Cultist","floor":5.0,"turns":3.0},{"damage":41.0,"enemies":"3 Sentries","floor":7.0,"turns":6.0},{"damage":12.0,"enemies":"Exordium Wildlife","floor":12.0,"turns":5.0},{"damage":14.0,"enemies":"The Mushroom Lair","floor":14.0,"turns":5.0},{"damage":0.0,"enemies":"The Guardian","floor":16.0,"turns":7.0},{"damage":0.0,"enemies":"Spheric Guardian","floor":18.0,"turns":3.0},{"damage":0.0,"enemies":"3 Byrds","floor":19.0,"turns":3.0},{"damage":0.0,"enemies":"Snake Plant","floor":21.0,"turns":3.0},{"damage":0.0,"enemies":"Centurion and Healer","floor":24.0,"turns":6.0},{"damage":15.0,"enemies":"3 Cultists","floor":28.0,"turns":4.0},{"damage":2.0,"enemies":"Masked Bandits","floor":30.0,"turns":2.0},{"damage":44.0,"enemies":"Champ","floor":33.0,"turns":8.0},{"damage":4,"enemies":"Orb Walker","floor":35,"turns":3},{"damage":15,"enemies":"3 Shapes","floor":36,"turns":4},{"damage":24,"enemies":"Mind Bloom Boss Battle","floor":37,"turns":5},{"damage":22,"enemies":"Reptomancer","floor":41,"turns":4},{"damage":0,"enemies":"3 Darklings","floor":42,"turns":1},{"damage":16,"enemies":"Maw","floor":45,"turns":4},{"damage":0,"enemies":"Giant Head","floor":48,"turns":5},{"damage":0,"enemies":"Time Eater","floor":50,"turns":4}],"seed_played":"-5005837697327418868","potions_obtained":[{"floor":1.0,"key":"Regen Potion"},{"floor":12.0,"key":"SkillPotion"},{"floor":14.0,"key":"Fire Potion"},{"floor":16.0,"key":"Regen Potion"},{"floor":18.0,"key":"Regen Potion"},{"floor":19.0,"key":"PowerPotion"},{"floor":30.0,"key":"SkillPotion"}],"is_trial":false,"path_per_floor":["M","M","?","$","M","R","E","?","T","R","$","M","T","?","R","B",null,"M","M","?","M","?","R","M","R","T","R","M","R","?","T","R","B",null,"M","M","?","?","$","R","E","M","T","R","M","?","R","E","R","B",null],"character_chosen":"THE_SILENT","items_purchased":["Bouncing Flask","Footwork","Noxious Fumes","Omamori","OrangePellets","Predator"],"campfire_rested":2,"item_purchase_floors":[4,4,11,39,39,39],"current_hp_per_floor":[55,55,43,43,43,43,17,70,70,70,70,58,58,44,44,44,64,64,64,51,51,51,51,66,66,66,66,51,51,49,56,56,12,65,61,46,37,58,58,58,36,36,36,60,44,44,68,68,68,68],"gold":307,"neow_bonus":"RANDOM_COMMON_RELIC","is_prod":false,"is_daily":false,"chose_seed":false,"campfire_upgraded":10,"win_rate":0,"timestamp":1572147684,"path_taken":["M","M","?","$","M","R","E","?","T","R","$","?","?","?","R","BOSS","M","M","?","M","?","R","M","R","T","R","?","R","?","?","R","BOSS","M","M","?","?","$","R","E","M","T","R","M","?","R","E","R","BOSS"],"build_version":"2019-07-17","purchased_purges":1,"victory":true,"max_hp_per_floor":[70,70,70,70,70,70,70,70,70,70,70,70,70,70,70,70,70,70,70,75,75,75,75,75,75,75,75,75,75,75,82,82,82,82,82,82,82,82,82,82,82,82,82,82,82,82,82,82,82,82],"card_choices":[{"not_picked":["Deflect","Skewer"],"picked":"Catalyst","floor":1.0},{"not_picked":["Slice","Backstab"],"picked":"Backflip","floor":2.0},{"not_picked":["Riddle With Holes","Tactician"],"picked":"Caltrops","floor":5.0},{"not_picked":["Dagger Spray","Burst"],"picked":"Catalyst","floor":7.0},{"not_picked":["Finisher","Expertise"],"picked":"PiercingWail","floor":12.0},{"not_picked":["Endless Agony","Acrobatics"],"picked":"Footwork","floor":14.0},{"not_picked":["Unload","A Thousand Cuts"],"picked":"Corpse Explosion","floor":16.0},{"not_picked":["Infinite Blades","Flechettes"],"picked":"Acrobatics+1","floor":18.0},{"not_picked":["Underhanded Strike","Backflip+1"],"picked":"PiercingWail","floor":19.0},{"not_picked":["Acrobatics+1","Reflex+1"],"picked":"Crippling Poison","floor":21.0},{"not_picked":["Flechettes","Setup"],"picked":"Flying Knee","floor":24.0},{"not_picked":["Outmaneuver+1","Doppelganger","Quick Slash"],"picked":"SKIP","floor":28.0},{"not_picked":["Slice+1","Setup"],"picked":"Noxious Fumes+1","floor":30.0},{"not_picked":["Malaise","After Image"],"picked":"Bullet Time","floor":33.0},{"not_picked":["Finisher+1","Quick Slash"],"picked":"Sucker Punch+1","floor":35},{"not_picked":["Calculated Gamble+1","Prepared","Reflex+1"],"picked":"SKIP","floor":36},{"not_picked":["Cloak And Dagger","Prepared"],"picked":"Dodge and Roll","floor":37},{"not_picked":["Concentrate","Leg Sweep+1"],"picked":"Night Terror","floor":41},{"not_picked":["Underhanded Strike","PiercingWail+1"],"picked":"Well Laid Plans+1","floor":42},{"not_picked":["Slice","Prepared"],"picked":"Dash+1","floor":45},{"not_picked":["Flying Knee","Sucker Punch+1","Storm of Steel"],"picked":"SKIP","floor":48}],"player_experience":710277,"relics_obtained":[{"floor":7.0,"key":"Orichalcum"},{"floor":9.0,"key":"War Paint"},{"floor":13.0,"key":"Bottled Tornado"},{"floor":14.0,"key":"Odd Mushroom"},{"floor":26.0,"key":"MawBank"},{"floor":30.0,"key":"Red Mask"},{"floor":31.0,"key":"Strawberry"},{"floor":37,"key":"Gambling Chip"},{"floor":41,"key":"Happy Flower"},{"floor":43,"key":"Smiling Mask"},{"floor":48,"key":"StoneCalendar"}],"event_choices":[{"damage_healed":0.0,"max_hp_gain":0.0,"max_hp_loss":0.0,"gold_gain":0.0,"event_name":"Scrap Ooze","player_choice":"Success","floor":3.0,"gold_loss":0.0,"damage_taken":12.0,"relics_obtained":["The Courier"]},{"damage_healed":53.0,"max_hp_gain":0.0,"max_hp_loss":0.0,"gold_gain":0.0,"event_name":"Wheel of Change","player_choice":"Full Heal","floor":8.0,"gold_loss":0.0,"damage_taken":0.0},{"damage_healed":0.0,"max_hp_gain":0.0,"max_hp_loss":0.0,"gold_gain":0.0,"event_name":"Mushrooms","player_choice":"Fought Mushrooms","floor":14.0,"gold_loss":0.0,"damage_taken":0.0},{"damage_healed":0.0,"max_hp_gain":5.0,"max_hp_loss":0.0,"gold_gain":0.0,"event_name":"Forgotten Altar","player_choice":"Shed Blood","floor":20.0,"gold_loss":0.0,"damage_taken":18.0},{"cards_removed":["Strike_G"],"damage_healed":0.0,"max_hp_gain":0.0,"max_hp_loss":0.0,"gold_gain":0.0,"event_name":"Beggar","player_choice":"Gave Gold","floor":22.0,"gold_loss":75.0,"damage_taken":0.0},{"damage_healed":0.0,"max_hp_gain":0.0,"max_hp_loss":0.0,"gold_gain":0.0,"event_name":"Masked Bandits","player_choice":"Fought Bandits","floor":30.0,"gold_loss":0.0,"damage_taken":0.0},{"damage_healed":0,"gold_gain":0,"player_choice":"Fight","damage_taken":0,"max_hp_gain":0,"max_hp_loss":0,"event_name":"MindBloom","floor":37,"gold_loss":0},{"damage_healed":21,"gold_gain":0,"player_choice":"Writhe","damage_taken":0,"max_hp_gain":0,"max_hp_loss":0,"event_name":"Winding Halls","floor":38,"gold_loss":0,"cards_obtained":["Writhe"]},{"damage_healed":0,"gold_gain":0,"player_choice":"Rummage","damage_taken":0,"relics_obtained":["WarpedTongs"],"max_hp_gain":0,"max_hp_loss":0,"event_name":"Accursed Blacksmith","floor":46,"gold_loss":0,"cards_obtained":["Pain"]}],"is_beta":false,"boss_relics":[{"not_picked":["Snecko Eye","Coffee Dripper"],"picked":"Cursed Key"},{"not_picked":["Pandora\u0027s Box","Tiny House"],"picked":"Sozu"}],"items_purged_floors":[39],"is_endless":false,"potions_floor_spawned":[1,12,14,16,18,19,21,30,36,41,48],"ascension_level":7}