{"gold_per_floor":[114,189,206,111,124,157,170,170,220,247,265,290,290,290,290,389,389,405,69,88,103,153,188,202,232,232,232,252,263,263,278,278,375,375,387,399,413,432,448,481,481,209,236,251,251,271,305,324,324,324],"floor_reached":50,"playtime":5930,"items_purged":[],"score":671,"play_id":"ea536f83-4578-4b4c-b4e3-33c89d058559","local_time":"20191027015644","is_ascension_mode":true,"campfire_choices":[{"floor":8.0,"key":"REST"},{"floor":15.0,"key":"REST"},{"floor":30.0,"key":"REST"},{"floor":32.0,"key":"RECALL"},{"floor":41.0,"key":"REST"},{"floor":45.0,"key":"REST"},{"data":"Mind Blast","floor":49.0,"key":"SMITH"}],"neow_cost":"NONE","seed_source_timestamp":0,"circlet_count":0,"master_deck":["Strike_G","Strike_G","Strike_G","Strike_G","Defend_G","Defend_G+1","Defend_G","Defend_G","Defend_G+1","Survivor","Neutralize","Dramatic Entrance","Deadly Poison","Noxious Fumes+1","Deflect","Footwork","Footwork","Crippling Poison","Caltrops","Cloak And Dagger+1","Catalyst","Leg Sweep","A Thousand Cuts","Envenom","Terror","Calculated Gamble","Dash","Backstab+1","Backflip","Noxious Fumes","Die Die Die","Backstab","Poisoned Stab","PiercingWail+1","Venomology","Noxious Fumes","Crippling Poison+1","Heel Hook+1","Blur+1","Riddle With Holes+1","Blur+1","Accuracy","Mind Blast+1","Outmaneuver+1","Infinite Blades+1","Crippling Poison+1","Blade Dance+1"],"special_seed":0,"relics":["Ring of the Snake","Ornamental Fan","MealTicket","Bag of Preparation","Toy Ornithopter","Velvet Choker","Bottled Lightning","Vajra","Peace Pipe","Pantograph","SlaversCollar","War Paint","Blood Vial","Eternal Feather"],"potions_floor_usage":[50,50,50],"damage_taken":[{"damage":5.0,"enemies":"Jaw Worm","floor":1.0,"turns":5.0},{"damage":0.0,"enemies":"Small Slimes","floor":3.0,"turns":4.0},{"damage":0.0,"enemies":"Cultist","floor":5.0,"turns":4.0},{"damage":17.0,"enemies":"Gremlin Nob","floor":6.0,"turns":6.0},{"damage":9.0,"enemies":"Gremlin Gang","floor":7.0,"turns":4.0},{"damage":11.0,"enemies":"Lagavulin","floor":10.0,"turns":7.0},{"damage":0.0,"enemies":"Blue Slaver","floor":11.0,"turns":4.0},{"damage":14.0,"enemies":"Gremlin Nob","floor":12.0,"turns":5.0},{"damage":2.0,"enemies":"Hexaghost","floor":16.0,"turns":9.0},{"damage":0.0,"enemies":"Spheric Guardian","floor":18.0,"turns":5.0},{"damage":6.0,"enemies":"Chosen","floor":20.0,"turns":5.0},{"damage":3.0,"enemies":"Shelled Parasite and Fungi","floor":21.0,"turns":8.0},{"damage":16.0,"enemies":"Book of Stabbing","floor":23.0,"turns":7.0},{"damage":3.0,"enemies":"Snecko","floor":24.0,"turns":5.0},{"damage":34.0,"enemies":"Gremlin Leader","floor":25.0,"turns":7.0},{"damage":0.0,"enemies":"Slavers","floor":27.0,"turns":1.0},{"damage":2.0,"enemies":"Centurion and Healer","floor":28.0,"turns":4.0},{"damage":3.0,"enemies":"Snake Plant","floor":29.0,"turns":4.0},{"damage":0.0,"enemies":"Cultist and Chosen","floor":31.0,"turns":6.0},{"damage":28.0,"enemies":"Champ","floor":33.0,"turns":12.0},{"damage":11.0,"enemies":"3 Darklings","floor":35.0,"turns":5.0},{"damage":2.0,"enemies":"Orb Walker","floor":36.0,"turns":5.0},{"damage":10.0,"enemies":"Spire Growth","floor":37.0,"turns":5.0},{"damage":25.0,"enemies":"Transient","floor":38.0,"turns":5.0},{"damage":0.0,"enemies":"4 Shapes","floor":39.0,"turns":5.0},{"damage":31.0,"enemies":"Giant Head","floor":40.0,"turns":10.0},{"damage":2.0,"enemies":"Sphere and 2 Shapes","floor":44.0,"turns":3.0},{"damage":8.0,"enemies":"3 Darklings","floor":46.0,"turns":5.0},{"damage":13.0,"enemies":"Nemesis","floor":47.0,"turns":7.0},{"damage":10.0,"enemies":"4 Shapes","floor":48.0,"turns":4.0},{"damage":89,"enemies":"Awakened One","floor":50,"turns":9}],"seed_played":"-7900436131392320432","potions_obtained":[{"floor":3.0,"key":"Block Potion"},{"floor":7.0,"key":"SmokeBomb"},{"floor":11.0,"key":"Energy Potion"},{"floor":12.0,"key":"Swift Potion"},{"floor":20.0,"key":"GamblersBrew"},{"floor":21.0,"key":"PowerPotion"},{"floor":28.0,"key":"Ancient Potion"},{"floor":35.0,"key":"GhostInAJar"},{"floor":38.0,"key":"Fire Potion"},{"floor":44.0,"key":"Explosive Potion"},{"floor":47.0,"key":"Energy Potion"}],"is_trial":false,"path_per_floor":["M","?","M","$","M","E","M","R","T","E","M","E","?","?","R","B",null,"M","$","M","M","?","E","M","E","T","E","M","M","R","M","R","B",null,"M","M","M","M","M","E","R","$","T","M","R","M","E","M","R","B"],"character_chosen":"THE_SILENT","items_purchased":["Deflect","Footwork","Calculated Gamble","Bottled Lightning","BlessingOfTheForge","Blood Vial","Accuracy","Mind Blast"],"campfire_rested":5,"item_purchase_floors":[4,4,19,19,19,42,42,42],"current_hp_per_floor":[65,54,54,54,54,37,28,49,49,38,38,24,10,10,31,34,70,70,70,64,66,66,55,52,18,18,23,21,18,39,44,44,41,70,64,67,57,37,42,16,37,52,52,57,70,67,59,56,70,0],"gold":324,"neow_bonus":"RANDOM_COLORLESS","is_prod":false,"is_daily":false,"chose_seed":false,"campfire_upgraded":1,"win_rate":0,"timestamp":1572155804,"path_taken":["M","?","M","$","M","E","M","R","T","E","M","E","?","?","R","BOSS","M","$","M","M","?","E","M","E","T","E","M","M","R","?","R","BOSS","M","M","?","M","M","E","R","$","T","?","R","M","E","M","R","BOSS"],"build_version":"2019-10-25-V3","purchased_purges":0,"victory":false,"max_hp_per_floor":[70,70,70,70,70,70,70,70,70,70,70,70,70,70,70,70,70,70,70,70,70,70,70,70,70,70,70,70,70,70,70,70,70,70,70,70,70,70,70,70,70,70,70,70,70,70,70,70,70,70],"card_choices":[{"not_picked":["Trip","Blind"],"picked":"Dramatic Entrance","floor":0.0},{"not_picked":["Dagger Throw","PiercingWail"],"picked":"Deadly Poison","floor":1.0},{"not_picked":["Blade Dance","Sucker Punch"],"picked":"Noxious Fumes","floor":3.0},{"not_picked":["Dagger Spray","Blade Dance"],"picked":"Footwork","floor":5.0},{"not_picked":["Infinite Blades","Noxious Fumes"],"picked":"Crippling Poison","floor":6.0},{"not_picked":["Riddle With Holes","Blade Dance"],"picked":"Caltrops","floor":7.0},{"not_picked":["PiercingWail","Dagger Spray"],"picked":"Cloak And Dagger","floor":10.0},{"not_picked":["Skewer","Bane"],"picked":"Catalyst","floor":11.0},{"not_picked":["Slice","Choke"],"picked":"Leg Sweep","floor":12.0},{"not_picked":["Phantasmal Killer","Unload"],"picked":"Envenom","floor":16.0},{"not_picked":["Cloak And Dagger","Prepared"],"picked":"Terror","floor":18.0},{"not_picked":["All Out Attack","PiercingWail"],"picked":"Dash","floor":20.0},{"not_picked":["Terror","All Out Attack"],"picked":"Backstab+1","floor":21.0},{"not_picked":["Cloak And Dagger","Dagger Spray"],"picked":"Backflip","floor":23.0},{"not_picked":["Sucker Punch","Backflip"],"picked":"Noxious Fumes","floor":24.0},{"not_picked":["Accuracy","Well Laid Plans"],"picked":"Die Die Die","floor":25.0},{"not_picked":["Flying Knee","Dagger Throw+1"],"picked":"Backstab","floor":28.0},{"not_picked":["Cloak And Dagger","Choke"],"picked":"Poisoned Stab","floor":29.0},{"not_picked":["Choke","Deadly Poison"],"picked":"PiercingWail+1","floor":31.0},{"not_picked":["Burst","A Thousand Cuts"],"picked":"Venomology","floor":33.0},{"not_picked":["Endless Agony+1","Cloak And Dagger+1"],"picked":"Noxious Fumes","floor":35.0},{"not_picked":["Sucker Punch","Deadly Poison"],"picked":"Crippling Poison+1","floor":36.0},{"not_picked":["Slice","Dagger Throw"],"picked":"Heel Hook+1","floor":37.0},{"not_picked":["Deadly Poison","Expertise+1"],"picked":"Blur+1","floor":38.0},{"not_picked":["Well Laid Plans","Slice"],"picked":"Riddle With Holes+1","floor":39.0},{"not_picked":["Tactician","Deadly Poison"],"picked":"Blur+1","floor":40.0},{"not_picked":["Dagger Throw","Dodge and Roll"],"picked":"Outmaneuver+1","floor":44.0},{"not_picked":["Noxious Fumes","All Out Attack+1"],"picked":"Infinite Blades+1","floor":46.0},{"not_picked":["Prepared+1","Blade Dance"],"picked":"Crippling Poison+1","floor":47.0},{"not_picked":["Underhanded Strike","Quick Slash+1"],"picked":"Blade Dance+1","floor":48.0}],"player_experience":221663,"relics_obtained":[{"floor":6.0,"key":"Ornamental Fan"},{"floor":9.0,"key":"MealTicket"},{"floor":10.0,"key":"Bag of Preparation"},{"floor":12.0,"key":"Toy Ornithopter"},{"floor":23.0,"key":"Vajra"},{"floor":25.0,"key":"Peace Pipe"},{"floor":26.0,"key":"Pantograph"},{"floor":40.0,"key":"War Paint"},{"floor":47.0,"key":"Eternal Feather"}],"event_choices":[{"damage_healed":0.0,"max_hp_gain":0.0,"max_hp_loss":0.0,"gold_gain":75.0,"event_name":"World of Goop","player_choice":"Gather Gold","floor":2.0,"gold_loss":0.0,"damage_taken":11.0},{"damage_healed":0.0,"max_hp_gain":0.0,"max_hp_loss":0.0,"gold_gain":0.0,"event_name":"Shining Light","player_choice":"Entered Light","floor":13.0,"gold_loss":0.0,"damage_taken":14.0,"cards_upgraded":["Noxious Fumes","Defend_G"]},{"damage_healed":0.0,"max_hp_gain":0.0,"max_hp_loss":0.0,"gold_gain":0.0,"cards_transformed":["Strike_G"],"event_name":"Living Wall","player_choice":"Change","floor":14.0,"gold_loss":0.0,"damage_taken":0.0,"cards_obtained":["A Thousand Cuts"]},{"damage_healed":0.0,"max_hp_gain":0.0,"max_hp_loss":0.0,"gold_gain":100.0,"event_name":"The Joust","player_choice":"Bet on Murderer","floor":22.0,"gold_loss":50.0,"damage_taken":0.0}],"is_beta":true,"boss_relics":[{"not_picked":["Snecko Eye","Coffee Dripper"],"picked":"Velvet Choker"},{"not_picked":["Pandora\u0027s Box","Cursed Key"],"picked":"SlaversCollar"}],"items_purged_floors":[],"is_endless":false,"potions_floor_spawned":[3,7,11,12,20,21,28,35,38,44,47],"killed_by":"Awakened One","ascension_level":1}