{"gold_per_floor":[119,119,135,60,60,60,73,73,145,177,177,197,214,289,289,388,388,407,407,425,89,89,89,11,11,38,63,63,86,98,108,108,209,209,226,239,56,66,77,77,103,103,129,184,216,216,216,248,248,248,248,248,3,37,37],"floor_reached":55,"playtime":6181,"items_purged":["Strike_R","Strike_R","Strike_R"],"score":1052,"play_id":"4d58a6a8-5c5b-46bf-969d-7df5879bf598","local_time":"20191003235705","is_ascension_mode":true,"campfire_choices":[{"data":"Sword Boomerang","floor":6,"key":"SMITH"},{"data":"Corruption","floor":8,"key":"SMITH"},{"data":"1","floor":11,"key":"LIFT"},{"data":"2","floor":15,"key":"LIFT"},{"data":"Armaments","floor":23,"key":"SMITH"},{"data":"3","floor":25,"key":"LIFT"},{"data":"Bludgeon","floor":28,"key":"SMITH"},{"data":"Ghostly","floor":32,"key":"SMITH"},{"floor":40,"key":"RECALL"},{"data":"Barricade","floor":42,"key":"SMITH"},{"data":"Ghostly","floor":47,"key":"SMITH"},{"data":"Double Tap","floor":49,"key":"SMITH"},{"data":"Disarm","floor":52,"key":"SMITH"}],"neow_cost":"NONE","seed_source_timestamp":212670883669510,"circlet_count":0,"master_deck":["Strike_R+1","Strike_R+1","Defend_R","Defend_R","Defend_R","Defend_R","Bash","Headbutt","Sword Boomerang+1","Corruption+1","Battle Trance","Armaments+1","Bludgeon+1","Spot Weakness","Thunderclap","Exhume","Ghostly+1","Ghostly+1","Ghostly","Ghostly","Ghostly","Disarm+1","Double Tap+1","Shrug It Off","Shrug It Off","Demon Form+1","Flex+1","Headbutt","Panacea","Flame Barrier","Headbutt+1","Barricade+1","Armaments+1","Power Through+1","Flame Barrier+1","Exhume","Spot Weakness"],"relics":["Burning Blood","Blood Vial","Omamori","Dodecahedron","Girya","Velvet Choker","Regal Pillow","Thread and Needle","Potion Belt","Cursed Key","Happy Flower","Magic Flower","Letter Opener","Smiling Mask","Lee\u0027s Waffle","Anchor"],"potions_floor_usage":[10,16,16,16,38,41,44,45,45,54,54,55],"damage_taken":[{"damage":3,"enemies":"2 Louse","floor":1,"turns":2},{"damage":0,"enemies":"Small Slimes","floor":3,"turns":3},{"damage":1,"enemies":"Cultist","floor":7,"turns":3},{"damage":26,"enemies":"Lagavulin","floor":10,"turns":6},{"damage":0,"enemies":"Exordium Wildlife","floor":12,"turns":3},{"damage":3,"enemies":"Blue Slaver","floor":13,"turns":4},{"damage":50,"enemies":"Slime Boss","floor":16,"turns":12},{"damage":9,"enemies":"3 Byrds","floor":18,"turns":4},{"damage":0,"enemies":"Spheric Guardian","floor":20,"turns":2},{"damage":1,"enemies":"Slavers","floor":27,"turns":4},{"damage":0,"enemies":"Snecko","floor":30,"turns":3},{"damage":0,"enemies":"Chosen and Byrds","floor":31,"turns":4},{"damage":7,"enemies":"Automaton","floor":33,"turns":11},{"damage":0,"enemies":"Orb Walker","floor":35,"turns":2},{"damage":0,"enemies":"3 Darklings","floor":36,"turns":7},{"damage":0,"enemies":"Maw","floor":38,"turns":6},{"damage":6,"enemies":"4 Shapes","floor":39,"turns":5},{"damage":0,"enemies":"Reptomancer","floor":41,"turns":4},{"damage":0,"enemies":"2 Orb Walkers","floor":44,"turns":4},{"damage":0,"enemies":"Nemesis","floor":45,"turns":5},{"damage":0,"enemies":"Reptomancer","floor":48,"turns":6},{"damage":0,"enemies":"Time Eater","floor":50,"turns":9},{"damage":38,"enemies":"Shield and Spear","floor":54,"turns":8},{"damage":51,"enemies":"The Heart","floor":55,"turns":12}],"seed_played":"-8928182492807030935","potions_obtained":[{"floor":3,"key":"SkillPotion"},{"floor":7,"key":"Swift Potion"},{"floor":10,"key":"SteroidPotion"},{"floor":13,"key":"Strength Potion"},{"floor":31,"key":"FearPotion"},{"floor":33,"key":"PowerPotion"},{"floor":36,"key":"AttackPotion"},{"floor":41,"key":"Strength Potion"},{"floor":44,"key":"GamblersBrew"},{"floor":45,"key":"BloodPotion"},{"floor":54,"key":"Poison Potion"}],"is_trial":false,"path_per_floor":["M","?","M","$","?","R","M","R","T","E","R","M","M","?","R","B",null,"M","?","M","$","?","R","$","R","T","E","R","T","M","M","R","B",null,"M","M","$","M","M","R","E","R","T","?","E","?","R","E","R","B",null,"R","$","E","B"],"character_chosen":"IRONCLAD","items_purchased":["FairyPotion","Exhume","Disarm","Panacea","Flame Barrier","Energy Potion","Lee\u0027s Waffle"],"campfire_rested":0,"item_purchase_floors":[21,21,24,37,37,37,53],"current_hp_per_floor":[80,64,72,72,65,65,72,72,72,54,54,62,67,56,56,14,80,77,69,77,77,40,40,40,40,40,40,40,40,40,40,40,39,40,40,40,40,40,40,40,40,40,40,40,40,40,40,40,40,40,40,40,47,35,0],"gold":37,"neow_bonus":"RANDOM_COMMON_RELIC","is_prod":false,"is_daily":false,"chose_seed":false,"campfire_upgraded":9,"win_rate":0,"timestamp":1570161425,"path_taken":["M","?","M","$","?","R","M","R","T","E","R","M","M","?","R","BOSS","M","?","?","$","?","R","$","R","T","E","R","?","?","M","R","BOSS","M","M","$","M","M","R","E","R","T","?","E","?","R","E","R","BOSS","R","$","E","BOSS"],"build_version":"2019-07-17","purchased_purges":3,"victory":false,"max_hp_per_floor":[80,80,80,80,80,80,80,80,80,80,80,80,80,80,80,80,80,80,80,80,80,40,40,40,40,40,40,40,40,40,40,40,40,40,40,40,40,40,40,40,40,40,40,40,40,40,40,40,40,40,40,40,47,47,47],"card_choices":[{"not_picked":["True Grit","Reckless Charge"],"picked":"Headbutt","floor":1},{"not_picked":["Havoc","Flex"],"picked":"Sword Boomerang","floor":3},{"not_picked":["Wild Strike","Sword Boomerang"],"picked":"Corruption","floor":7},{"not_picked":["Ghostly Armor","Rampage"],"picked":"Battle Trance","floor":10},{"not_picked":["Double Tap","Clothesline"],"picked":"Armaments","floor":12},{"not_picked":["Wild Strike","Body Slam","Intimidate"],"picked":"SKIP","floor":13},{"not_picked":["Fiend Fire","Dark Embrace"],"picked":"Bludgeon","floor":16},{"not_picked":["Wild Strike","Clash"],"picked":"Spot Weakness","floor":18},{"not_picked":["Clash","Corruption+1"],"picked":"Thunderclap","floor":20},{"not_picked":["Bludgeon","Rampage+1"],"picked":"Double Tap","floor":27},{"not_picked":["Wild Strike","Rampage+1"],"picked":"Shrug It Off","floor":30},{"not_picked":["Rampage","Inflame"],"picked":"Shrug It Off","floor":31},{"not_picked":["Feed","Offering"],"picked":"Demon Form","floor":33},{"not_picked":["Twin Strike","Clothesline"],"picked":"Flex+1","floor":35},{"not_picked":["Sword Boomerang","Shrug It Off+1"],"picked":"Headbutt","floor":36},{"not_picked":["Sword Boomerang","Clothesline"],"picked":"Headbutt+1","floor":38},{"not_picked":["Heavy Blade","Headbutt"],"picked":"Barricade","floor":39},{"not_picked":["Iron Wave+1","Rupture+1"],"picked":"Armaments+1","floor":41},{"not_picked":["Shockwave","Shrug It Off"],"picked":"Power Through+1","floor":44},{"not_picked":["Uppercut+1","Anger"],"picked":"Flame Barrier+1","floor":45},{"not_picked":["Second Wind+1","Pommel Strike+1"],"picked":"Exhume","floor":48},{"not_picked":["Armaments","Thunderclap+1"],"picked":"Spot Weakness","floor":54}],"player_experience":429187,"relics_obtained":[{"floor":9,"key":"Dodecahedron"},{"floor":10,"key":"Girya"},{"floor":26,"key":"Regal Pillow"},{"floor":27,"key":"Thread and Needle"},{"floor":29,"key":"Potion Belt"},{"floor":41,"key":"Happy Flower"},{"floor":44,"key":"Magic Flower"},{"floor":45,"key":"Letter Opener"},{"floor":48,"key":"Smiling Mask"},{"floor":54,"key":"Anchor"}],"event_choices":[{"damage_healed":0,"gold_gain":0,"player_choice":"Entered Light","damage_taken":16,"max_hp_gain":0,"max_hp_loss":0,"event_name":"Shining Light","floor":2,"gold_loss":0,"cards_upgraded":["Strike_R","Strike_R"]},{"damage_healed":0,"gold_gain":0,"player_choice":"Success","damage_taken":7,"relics_obtained":["Omamori"],"max_hp_gain":0,"max_hp_loss":0,"event_name":"Scrap Ooze","floor":5,"gold_loss":0},{"damage_healed":0,"gold_gain":75,"player_choice":"Gather Gold","damage_taken":11,"max_hp_gain":0,"max_hp_loss":0,"event_name":"World of Goop","floor":14,"gold_loss":0},{"damage_healed":0,"gold_gain":0,"player_choice":"","damage_taken":8,"max_hp_gain":0,"max_hp_loss":0,"event_name":"Knowing Skull","floor":19,"potions_obtained":[],"gold_loss":0,"cards_obtained":[]},{"damage_healed":0,"gold_gain":0,"player_choice":"Became a Ghost","damage_taken":0,"max_hp_gain":0,"max_hp_loss":40,"event_name":"Ghosts","floor":22,"gold_loss":0,"cards_obtained":["Ghostly","Ghostly","Ghostly","Ghostly","Ghostly"]},{"damage_healed":0,"gold_gain":0,"player_choice":"Fight","damage_taken":0,"max_hp_gain":0,"max_hp_loss":0,"event_name":"Mysterious Sphere","floor":44,"gold_loss":0},{"damage_healed":0,"gold_gain":0,"player_choice":"Upgraded","damage_taken":0,"max_hp_gain":0,"max_hp_loss":0,"event_name":"Upgrade Shrine","floor":46,"gold_loss":0,"cards_upgraded":["Demon Form"]}],"is_beta":false,"boss_relics":[{"not_picked":["Black Star","Fusion Hammer"],"picked":"Velvet Choker"},{"not_picked":["Lizard Tail","Snecko Eye"],"picked":"Cursed Key"}],"items_purged_floors":[4,21,53],"is_endless":false,"potions_floor_spawned":[3,7,10,13,31,33,36,41,44,45,54],"killed_by":"The Heart","ascension_level":3}