{"gold_per_floor":[117,128,3,22,41,41,41,53,53,53,53,53,77,102,102,201,201,201],"floor_reached":18,"playtime":833,"items_purged":["Writhe"],"score":300,"play_id":"c909afa9-8bcd-4e16-9104-bf717d340409","local_time":"20191028141355","is_ascension_mode":true,"campfire_choices":[{"data":"Capacitor","floor":6,"key":"SMITH"},{"floor":12,"key":"DIG"},{"floor":15,"key":"DIG"}],"neow_cost":"CURSE","seed_source_timestamp":450031180410000,"circlet_count":0,"master_deck":["AscendersBane","Strike_B","Strike_B","Strike_B","Defend_B","Defend_B","Defend_B","Defend_B","Zap","Dualcast","Echo Form","Hologram","Cold Snap","Go for the Eyes","Sunder","Capacitor+1","Recycle","Injury","Undo","Melter","Biased Cognition"],"relics":["Cracked Core","Shovel","Ornamental Fan","Golden Idol","Meat on the Bone","Happy Flower","Coffee Dripper"],"potions_floor_usage":[2,2,5,16,16],"damage_taken":[{"damage":1,"enemies":"Cultist","floor":1,"turns":3},{"damage":0,"enemies":"Small Slimes","floor":2,"turns":2},{"damage":0,"enemies":"2 Louse","floor":4,"turns":2},{"damage":12,"enemies":"Exordium Thugs","floor":5,"turns":3},{"damage":5,"enemies":"3 Louse","floor":8,"turns":3},{"damage":0,"enemies":"Gremlin Gang","floor":13,"turns":4},{"damage":12,"enemies":"Exordium Wildlife","floor":14,"turns":5},{"damage":23,"enemies":"The Guardian","floor":16,"turns":12},{"damage":62,"enemies":"3 Byrds","floor":18,"turns":6}],"seed_played":"-2349011516450661141","potions_obtained":[{"floor":1,"key":"EntropicBrew"},{"floor":8,"key":"FearPotion"},{"floor":13,"key":"Ancient Potion"}],"is_trial":false,"path_per_floor":["M","M","$","M","M","R","?","M","T","?","?","R","M","M","R","B",null,"M"],"character_chosen":"DEFECT","items_purchased":["Go for the Eyes"],"campfire_rested":0,"item_purchase_floors":[3],"current_hp_per_floor":[63,63,63,63,51,51,46,41,41,41,41,41,41,41,41,30,61,0],"gold":201,"neow_bonus":"THREE_RARE_CARDS","is_prod":false,"is_daily":false,"chose_seed":false,"campfire_upgraded":1,"win_rate":0,"timestamp":1572297235,"path_taken":["M","?","$","M","M","R","?","M","T","?","?","R","?","M","R","BOSS","M"],"build_version":"2019-07-17","purchased_purges":1,"victory":false,"max_hp_per_floor":[71,71,71,71,71,71,71,71,71,71,71,71,71,71,71,71,71,71],"card_choices":[{"not_picked":["Creative AI","Reboot"],"picked":"Echo Form","floor":0},{"not_picked":["Beam Cell","Redo"],"picked":"Hologram","floor":1},{"not_picked":["Turbo","Gash"],"picked":"Cold Snap","floor":2},{"not_picked":["Stack","Gash"],"picked":"Sunder","floor":4},{"not_picked":["Streamline","Tempest"],"picked":"Capacitor","floor":5},{"not_picked":["Static Discharge","Redo"],"picked":"Recycle","floor":8},{"not_picked":["Rip and Tear","Streamline"],"picked":"Melter","floor":13},{"not_picked":["Reboot","Stack","Hello World"],"picked":"SKIP","floor":14},{"not_picked":["Seek","Electrodynamics"],"picked":"Biased Cognition","floor":16}],"player_experience":738724,"relics_obtained":[{"floor":9,"key":"Ornamental Fan"},{"floor":12,"key":"Meat on the Bone"},{"floor":15,"key":"Happy Flower"}],"event_choices":[{"damage_healed":0,"gold_gain":0,"player_choice":"Success","damage_taken":5,"relics_obtained":["Shovel"],"max_hp_gain":0,"max_hp_loss":0,"event_name":"Scrap Ooze","floor":7,"gold_loss":0},{"damage_healed":0,"gold_gain":0,"player_choice":"Take Wound","damage_taken":0,"relics_obtained":["Golden Idol"],"max_hp_gain":0,"max_hp_loss":0,"event_name":"Golden Idol","floor":10,"gold_loss":0,"cards_obtained":["Injury"]},{"damage_healed":0,"gold_gain":0,"cards_transformed":["Strike_B"],"player_choice":"Transformed","damage_taken":0,"max_hp_gain":0,"max_hp_loss":0,"event_name":"Transmorgrifier","floor":11,"gold_loss":0,"cards_obtained":["Undo"]}],"is_beta":false,"boss_relics":[{"not_picked":["Snecko Eye","Velvet Choker"],"picked":"Coffee Dripper"}],"items_purged_floors":[3],"is_endless":false,"potions_floor_spawned":[1,8,13,14],"killed_by":"3 Byrds","ascension_level":19}