{"gold_per_floor":[118,135,56,72,90,90,109,109,191,216,242,261,276,302,302,399,399,419,3,3,19,37,68,68,96,175,175,175,175,175,206,206,305,305,319,319,334,84,103,103,132,149,149,50,150,182,227,257,257,257],"floor_reached":50,"playtime":8620,"items_purged":["Strike_R","Strike_R"],"score":849,"play_id":"aaf7e768-3612-4aef-96a1-ddd08bb62ac5","local_time":"20191009020706","is_ascension_mode":true,"campfire_choices":[{"data":"Whirlwind","floor":6,"key":"SMITH"},{"data":"Combust","floor":8,"key":"SMITH"},{"data":"Spot Weakness","floor":15,"key":"SMITH"},{"floor":24,"key":"REST"},{"floor":27,"key":"REST"},{"floor":29,"key":"REST"},{"data":"Armaments","floor":32,"key":"SMITH"},{"data":"Demon Form","floor":40,"key":"SMITH"},{"floor":49,"key":"RECALL"}],"neow_cost":"PERCENT_DAMAGE","seed_source_timestamp":391479333680947,"circlet_count":0,"master_deck":["Strike_R","Strike_R","Strike_R","Defend_R","Defend_R","Defend_R","Defend_R","Bash","Thinking Ahead+1","PanicButton","Pommel Strike","Cleave","Feel No Pain","Whirlwind+1","Combust+1","Flex","Heavy Blade+1","Burning Pact","Flex","Shrug It Off","Exhume+1","Flex","Spot Weakness+1","Feed+1","Inflame","True Grit","Iron Wave+1","Bandage Up","Disarm+1","Armaments+1","Demon Form+1","True Grit+1","Berserk","Shrug It Off","Enlightenment","Trip","Flash of Steel+1","Flex+1","Exhume","Heavy Blade+1","Thunderclap+1","Metallicize+1","Shrug It Off+1","Intimidate+1"],"relics":["Burning Blood","Molten Egg 2","Odd Mushroom","Boot","Runic Pyramid","Strange Spoon","Nloth\u0027s Gift","Pocketwatch","Red Mask","Blue Candle","Pear","Art of War","Coffee Dripper","Vajra","Mango","FossilizedHelix","Nunchaku","Ice Cream","War Paint"],"potions_floor_usage":[11,11,14,16,16,21,25,31,39,39,41,41],"damage_taken":[{"damage":1,"enemies":"Cultist","floor":1,"turns":3},{"damage":2,"enemies":"Jaw Worm","floor":2,"turns":3},{"damage":5,"enemies":"2 Louse","floor":4,"turns":2},{"damage":17,"enemies":"Red Slaver","floor":5,"turns":5},{"damage":7,"enemies":"3 Louse","floor":7,"turns":3},{"damage":0,"enemies":"The Mushroom Lair","floor":10,"turns":3},{"damage":10,"enemies":"3 Sentries","floor":11,"turns":3},{"damage":5,"enemies":"Large Slime","floor":12,"turns":5},{"damage":1,"enemies":"Looter","floor":13,"turns":3},{"damage":15,"enemies":"Gremlin Nob","floor":14,"turns":5},{"damage":29,"enemies":"The Guardian","floor":16,"turns":12},{"damage":6,"enemies":"Spheric Guardian","floor":18,"turns":4},{"damage":20,"enemies":"3 Byrds","floor":21,"turns":5},{"damage":21,"enemies":"Snake Plant","floor":22,"turns":6},{"damage":72,"enemies":"Book of Stabbing","floor":23,"turns":7},{"damage":33,"enemies":"Masked Bandits","floor":25,"turns":5},{"damage":33,"enemies":"Gremlin Leader","floor":31,"turns":10},{"damage":13,"enemies":"Champ","floor":33,"turns":11},{"damage":11,"enemies":"Orb Walker","floor":35,"turns":4},{"damage":15,"enemies":"3 Darklings","floor":37,"turns":4},{"damage":6,"enemies":"Spire Growth","floor":39,"turns":5},{"damage":31,"enemies":"Reptomancer","floor":41,"turns":6},{"damage":3,"enemies":"Sphere and 2 Shapes","floor":42,"turns":5},{"damage":2,"enemies":"Mind Bloom Boss Battle","floor":45,"turns":6},{"damage":10,"enemies":"Nemesis","floor":46,"turns":5},{"damage":72,"enemies":"2 Orb Walkers","floor":47,"turns":5},{"damage":35,"enemies":"Reptomancer","floor":48,"turns":5},{"damage":42,"enemies":"Time Eater","floor":50,"turns":5}],"seed_played":"-3887889656444642953","potions_obtained":[{"floor":1,"key":"Block Potion"},{"floor":5,"key":"EssenceOfSteel"},{"floor":10,"key":"PowerPotion"},{"floor":13,"key":"EssenceOfSteel"},{"floor":14,"key":"SteroidPotion"},{"floor":18,"key":"Block Potion"},{"floor":23,"key":"Energy Potion"},{"floor":25,"key":"AttackPotion"},{"floor":31,"key":"Weak Potion"},{"floor":35,"key":"Regen Potion"},{"floor":37,"key":"Fire Potion"},{"floor":39,"key":"Poison Potion"},{"floor":42,"key":"SmokeBomb"},{"floor":47,"key":"FearPotion"}],"is_trial":false,"path_per_floor":["M","M","$","M","M","R","M","R","T","?","E","M","M","E","R","B",null,"M","$","?","M","M","E","R","?","T","R","?","R","T","E","R","B",null,"M","?","M","$","M","R","E","M","T","$","?","E","?","E","R","B"],"character_chosen":"IRONCLAD","items_purchased":["Feel No Pain","Strange Spoon","Iron Wave+1","Bandage Up","Vajra","Weak Potion","Heavy Blade+1"],"campfire_rested":3,"item_purchase_floors":[3,19,19,19,38,44,44],"current_hp_per_floor":[61,65,65,66,55,55,54,54,54,60,56,57,62,53,53,30,80,84,84,84,78,71,13,41,18,18,46,27,57,67,56,56,61,119,114,104,95,95,113,113,114,121,121,121,129,125,59,34,34,0],"gold":257,"neow_bonus":"RANDOM_COLORLESS_2","is_prod":false,"is_daily":false,"chose_seed":false,"campfire_upgraded":5,"win_rate":0,"timestamp":1570601226,"path_taken":["M","?","$","M","M","R","M","R","T","?","E","M","M","E","R","BOSS","M","$","?","?","M","E","R","?","T","R","?","R","?","E","R","BOSS","M","?","M","$","M","R","E","M","T","$","?","E","?","E","R","BOSS"],"build_version":"2019-07-17","purchased_purges":2,"victory":false,"max_hp_per_floor":[80,80,80,80,80,80,80,80,80,80,80,80,80,80,80,80,80,84,84,84,88,92,96,96,96,96,96,101,101,111,115,115,119,119,119,119,119,119,123,123,141,145,145,145,149,149,149,149,149,149],"card_choices":[{"not_picked":["Seeing Red","Ghostly Armor"],"picked":"Pommel Strike","floor":1},{"not_picked":["Body Slam","Clothesline"],"picked":"Cleave","floor":2},{"not_picked":["Clash","Dark Embrace"],"picked":"Whirlwind","floor":4},{"not_picked":["Shockwave","Armaments"],"picked":"Combust","floor":5},{"not_picked":["Shrug It Off","True Grit"],"picked":"Flex","floor":7},{"not_picked":["Infernal Blade","Armaments"],"picked":"Heavy Blade+1","floor":10},{"not_picked":["Rage","Sentinel"],"picked":"Burning Pact","floor":11},{"not_picked":["Wild Strike+1","Ghostly Armor"],"picked":"Flex","floor":12},{"not_picked":["Cleave+1","Twin Strike+1"],"picked":"Shrug It Off","floor":12},{"not_picked":["Uppercut+1","Twin Strike+1"],"picked":"Exhume","floor":13},{"not_picked":["Rage","Burning Pact"],"picked":"Flex","floor":13},{"not_picked":["Anger+1","True Grit"],"picked":"Spot Weakness","floor":14},{"not_picked":["Juggernaut","Bludgeon+1"],"picked":"Feed+1","floor":16},{"not_picked":["Heavy Blade+1","Pommel Strike+1"],"picked":"Inflame","floor":18},{"not_picked":["Burning Pact","Seeing Red"],"picked":"True Grit","floor":18},{"not_picked":["Searing Blow+1","Shockwave"],"picked":"Disarm+1","floor":21},{"not_picked":["Feel No Pain","Cleave+1"],"picked":"Armaments","floor":22},{"not_picked":["Corruption","Spot Weakness"],"picked":"Demon Form","floor":23},{"not_picked":["Carnage+1","Metallicize"],"picked":"True Grit+1","floor":31},{"not_picked":["Feed+1","Double Tap"],"picked":"Berserk","floor":33},{"not_picked":["Blood for Blood+1","Warcry"],"picked":"Shrug It Off","floor":35},{"not_picked":["Flash of Steel+1","Swift Strike+1"],"picked":"Enlightenment","floor":36},{"not_picked":["PanicButton","Master of Strategy"],"picked":"Trip","floor":36},{"not_picked":["Secret Weapon","Madness"],"picked":"Flash of Steel+1","floor":36},{"not_picked":["Perfected Strike+1","Sword Boomerang+1"],"picked":"Flex+1","floor":37},{"not_picked":["Wild Strike+1","Sword Boomerang+1","Shrug It Off"],"picked":"SKIP","floor":39},{"not_picked":["Second Wind+1","Rampage+1"],"picked":"Exhume","floor":41},{"not_picked":["Pommel Strike+1","Intimidate","Havoc+1"],"picked":"SKIP","floor":42},{"not_picked":["Pommel Strike+1","Flex+1"],"picked":"Thunderclap+1","floor":45},{"not_picked":["Exhume","Whirlwind+1"],"picked":"Metallicize+1","floor":46},{"not_picked":["Body Slam+1","Wild Strike+1"],"picked":"Shrug It Off+1","floor":47},{"not_picked":["Infernal Blade","Cleave+1"],"picked":"Intimidate+1","floor":48}],"player_experience":486947,"relics_obtained":[{"floor":9,"key":"Molten Egg 2"},{"floor":10,"key":"Odd Mushroom"},{"floor":11,"key":"Prayer Wheel"},{"floor":14,"key":"Boot"},{"floor":23,"key":"Pocketwatch"},{"floor":25,"key":"Red Mask"},{"floor":26,"key":"Blue Candle"},{"floor":30,"key":"Pear"},{"floor":31,"key":"Art of War"},{"floor":41,"key":"Mango"},{"floor":45,"key":"FossilizedHelix"},{"floor":46,"key":"Nunchaku"},{"floor":47,"key":"Ice Cream"},{"floor":48,"key":"War Paint"}],"event_choices":[{"damage_healed":0,"gold_gain":0,"player_choice":"Fought Mushrooms","damage_taken":0,"max_hp_gain":0,"max_hp_loss":0,"event_name":"Mushrooms","floor":10,"gold_loss":0},{"damage_healed":0,"gold_gain":0,"player_choice":"Traded Relic","damage_taken":0,"relics_obtained":["Nloth\u0027s Gift"],"max_hp_gain":0,"max_hp_loss":0,"event_name":"N\u0027loth","floor":20,"relics_lost":["Prayer Wheel"],"gold_loss":0},{"damage_healed":0,"gold_gain":0,"player_choice":"Fought Bandits","damage_taken":0,"max_hp_gain":0,"max_hp_loss":0,"event_name":"Masked Bandits","floor":25,"gold_loss":0},{"damage_healed":0,"gold_gain":0,"player_choice":"Shed Blood","damage_taken":24,"max_hp_gain":5,"max_hp_loss":0,"event_name":"Forgotten Altar","floor":28,"gold_loss":0},{"damage_healed":0,"gold_gain":0,"player_choice":"Memory 3","damage_taken":10,"max_hp_gain":0,"max_hp_loss":0,"event_name":"SensoryStone","floor":36,"gold_loss":0},{"damage_healed":0,"gold_gain":0,"player_choice":"Fight","damage_taken":0,"max_hp_gain":0,"max_hp_loss":0,"event_name":"MindBloom","floor":45,"gold_loss":0},{"damage_healed":0,"gold_gain":0,"player_choice":"Fight","damage_taken":0,"max_hp_gain":0,"max_hp_loss":0,"event_name":"Mysterious Sphere","floor":47,"gold_loss":0}],"is_beta":false,"boss_relics":[{"not_picked":["Eternal Feather","Lizard Tail"],"picked":"Runic Pyramid"},{"not_picked":["Black Blood","Mark of Pain"],"picked":"Coffee Dripper"}],"items_purged_floors":[19,38],"is_endless":false,"potions_floor_spawned":[1,5,10,13,14,18,23,25,31,35,37,39,42,47],"killed_by":"Time Eater","ascension_level":4}