{"gold_per_floor":[109,33,63,63,83,83,109,109,136,163,175,203,215,242,254,371,683,714,738,770,782],"floor_reached":21,"playtime":2215,"items_purged":[],"score":251,"play_id":"ea86f167-4d87-4647-8db9-dd833a508fe8","local_time":"20191015233849","is_ascension_mode":true,"campfire_choices":[{"data":"Spot Weakness","floor":6,"key":"SMITH"},{"data":"Feed","floor":8,"key":"SMITH"},{"data":"Heavy Blade","floor":13,"key":"SMITH"},{"data":"Feel No Pain","floor":15,"key":"SMITH"}],"neow_cost":"NONE","seed_source_timestamp":605113021585747,"circlet_count":0,"master_deck":["Strike_R","Strike_R","Strike_R","Strike_R","Strike_R","Defend_R","Defend_R","Defend_R","Defend_R+1","Bash+1","Feel No Pain+1","Spot Weakness+1","Shrug It Off","Feed+1","Shrug It Off","Heavy Blade+1","Headbutt","Limit Break","Doubt","True Grit+1","Twin Strike","Thunderclap+1"],"relics":["Burning Blood","Omamori","Tiny Chest","Paper Frog","MawBank","Calling Bell","Ancient Tea Set","Letter Opener","Old Coin"],"potions_floor_usage":[7,12,12,16],"damage_taken":[{"damage":1,"enemies":"Cultist","floor":1,"turns":4},{"damage":2,"enemies":"Small Slimes","floor":5,"turns":4},{"damage":15,"enemies":"Gremlin Nob","floor":7,"turns":4},{"damage":0,"enemies":"2 Louse","floor":10,"turns":3},{"damage":5,"enemies":"Gremlin Gang","floor":12,"turns":4},{"damage":0,"enemies":"2 Fungi Beasts","floor":14,"turns":3},{"damage":23,"enemies":"The Guardian","floor":16,"turns":10},{"damage":38,"enemies":"3 Byrds","floor":18,"turns":7},{"damage":19,"enemies":"Spheric Guardian","floor":19,"turns":4},{"damage":28,"enemies":"Snecko","floor":20,"turns":6},{"damage":61,"enemies":"3 Cultists","floor":21,"turns":5}],"seed_played":"-7229392784830236091","potions_obtained":[{"floor":1,"key":"SneckoOil"},{"floor":10,"key":"FairyPotion"},{"floor":11,"key":"Regen Potion"},{"floor":11,"key":"Energy Potion"},{"floor":14,"key":"SpeedPotion"},{"floor":16,"key":"SneckoOil"}],"is_trial":false,"path_per_floor":["M","$","?","?","M","R","E","R","T","M","?","M","R","M","R","B",null,"M","M","M","M"],"character_chosen":"IRONCLAD","items_purchased":["Spot Weakness"],"campfire_rested":0,"item_purchase_floors":[2],"current_hp_per_floor":[80,80,73,57,61,61,52,52,52,62,62,79,79,89,89,76,91,63,50,28,0],"gold":782,"neow_bonus":"RANDOM_COMMON_RELIC","is_prod":false,"is_daily":false,"chose_seed":false,"campfire_upgraded":4,"win_rate":0,"timestamp":1571197129,"path_taken":["M","$","?","?","M","R","E","R","T","M","?","M","R","M","R","BOSS","M","M","?","M"],"build_version":"2019-07-17","purchased_purges":0,"victory":false,"max_hp_per_floor":[80,80,80,80,80,80,80,80,80,84,84,88,88,92,92,96,96,100,100,100,104],"card_choices":[{"not_picked":["Flex","Second Wind"],"picked":"Feel No Pain","floor":1},{"not_picked":["Feel No Pain","Body Slam"],"picked":"Shrug It Off","floor":5},{"not_picked":["Disarm","Pommel Strike"],"picked":"Feed","floor":7},{"not_picked":["Havoc","Sword Boomerang"],"picked":"Shrug It Off","floor":10},{"not_picked":["Havoc","Warcry"],"picked":"Heavy Blade","floor":12},{"not_picked":["Second Wind","Iron Wave"],"picked":"Headbutt","floor":14},{"not_picked":["Double Tap","Juggernaut"],"picked":"Limit Break","floor":16},{"not_picked":["Iron Wave+1","Armaments"],"picked":"True Grit+1","floor":18},{"not_picked":["Heavy Blade","Body Slam"],"picked":"Twin Strike","floor":19},{"not_picked":["Shrug It Off","Cleave"],"picked":"Thunderclap+1","floor":20}],"player_experience":556900,"relics_obtained":[{"floor":7,"key":"Paper Frog"},{"floor":9,"key":"MawBank"},{"floor":17,"key":"Ancient Tea Set"},{"floor":17,"key":"Letter Opener"},{"floor":17,"key":"Old Coin"}],"event_choices":[{"damage_healed":0,"gold_gain":0,"player_choice":"Success","damage_taken":7,"relics_obtained":["Tiny Chest"],"max_hp_gain":0,"max_hp_loss":0,"event_name":"Scrap Ooze","floor":3,"gold_loss":0},{"damage_healed":0,"gold_gain":0,"player_choice":"Entered Light","damage_taken":16,"max_hp_gain":0,"max_hp_loss":0,"event_name":"Shining Light","floor":4,"gold_loss":0,"cards_upgraded":["Defend_R","Bash"]},{"damage_healed":0,"gold_gain":0,"player_choice":"Got Potions","damage_taken":0,"max_hp_gain":0,"max_hp_loss":0,"event_name":"Lab","floor":11,"gold_loss":0}],"is_beta":false,"boss_relics":[{"not_picked":["Velvet Choker","Black Star"],"picked":"Calling Bell"}],"items_purged_floors":[],"is_endless":false,"potions_floor_spawned":[1,10,14,16],"killed_by":"3 Cultists","ascension_level":5}