{"gold_per_floor":[110,40,40,60,85,85,120,120,167,167,203,203,59,73,73,197,197,210,210,224,156,175,175],"floor_reached":23,"playtime":2638,"items_purged":["Strike_G+1"],"score":259,"play_id":"4eae730c-87ff-42d5-9896-3e987a9bb609","local_time":"20191016231848","is_ascension_mode":true,"campfire_choices":[{"data":"Bullet Time","floor":6,"key":"SMITH"},{"data":"Neutralize","floor":8,"key":"SMITH"},{"floor":10,"key":"REST"},{"data":"Bouncing Flask","floor":15,"key":"SMITH"}],"neow_cost":"NONE","seed_source_timestamp":645353733643673,"circlet_count":0,"master_deck":["Survivor","Neutralize+1","Bullet Time+1","Deadly Poison","Well Laid Plans+1","Leg Sweep+1","All Out Attack","Well Laid Plans","Crippling Poison","Bouncing Flask+1","Bane","After Image","Noxious Fumes","Riddle With Holes","Choke","Blur","Storm of Steel","Terror","Caltrops","Malaise","Tools of the Trade","Dodge and Roll","Footwork","Skewer+1"],"relics":["Ring of the Snake","Golden Idol","Whetstone","Orichalcum","Sundial","Pandora\u0027s Box"],"potions_floor_usage":[16,22,23],"damage_taken":[{"damage":0,"enemies":"Jaw Worm","floor":1,"turns":4},{"damage":0,"enemies":"Cultist","floor":4,"turns":4},{"damage":0,"enemies":"2 Louse","floor":5,"turns":4},{"damage":19,"enemies":"Gremlin Nob","floor":7,"turns":5},{"damage":2,"enemies":"3 Sentries","floor":11,"turns":8},{"damage":0,"enemies":"Looter","floor":14,"turns":2},{"damage":10,"enemies":"Slime Boss","floor":16,"turns":9},{"damage":0,"enemies":"Spheric Guardian","floor":18,"turns":2},{"damage":0,"enemies":"Chosen","floor":20,"turns":5},{"damage":19,"enemies":"Sentry and Sphere","floor":22,"turns":6},{"damage":40,"enemies":"Gremlin Leader","floor":23,"turns":2}],"seed_played":"-6733207722254628098","potions_obtained":[{"floor":5,"key":"Swift Potion"},{"floor":11,"key":"AttackPotion"},{"floor":14,"key":"GamblersBrew"},{"floor":16,"key":"LiquidBronze"}],"is_trial":false,"path_per_floor":["M","$","?","M","M","R","E","R","T","R","E","?","$","M","R","B",null,"M","?","M","$","M","E"],"character_chosen":"THE_SILENT","items_purchased":["Well Laid Plans","Bouncing Flask","Footwork"],"campfire_rested":1,"item_purchase_floors":[2,13,21],"current_hp_per_floor":[63,63,63,63,63,63,44,44,44,63,61,48,48,48,48,38,58,58,58,58,58,39,0],"gold":175,"neow_bonus":"ONE_RANDOM_RARE_CARD","is_prod":false,"is_daily":false,"chose_seed":false,"campfire_upgraded":3,"win_rate":0,"timestamp":1571282328,"path_taken":["M","$","?","M","M","R","E","R","T","R","E","?","$","M","R","BOSS","M","?","M","$","M","E"],"build_version":"2019-07-17","purchased_purges":1,"victory":false,"max_hp_per_floor":[70,70,65,65,65,65,65,65,65,65,65,65,65,65,65,65,65,65,65,65,65,65,65],"card_choices":[{"not_picked":["Cloak And Dagger","Bane"],"picked":"Deadly Poison","floor":1},{"not_picked":["Slice","Deadly Poison"],"picked":"Leg Sweep","floor":4},{"not_picked":["Prepared","Deflect"],"picked":"All Out Attack","floor":5},{"not_picked":["Deflect","Masterful Stab"],"picked":"Well Laid Plans","floor":7},{"not_picked":["Backflip","Cloak And Dagger"],"picked":"Crippling Poison","floor":11},{"not_picked":["Leg Sweep","Predator"],"picked":"Bane","floor":14},{"not_picked":["Tools of the Trade","Venomology"],"picked":"After Image","floor":16},{"not_picked":["Deadly Poison+1","Well Laid Plans","Endless Agony"],"picked":"SKIP","floor":18},{"not_picked":["Outmaneuver","Quick Slash"],"picked":"Dodge and Roll","floor":20},{"not_picked":["Deadly Poison","Expertise"],"picked":"Skewer+1","floor":22}],"player_experience":565497,"relics_obtained":[{"floor":7,"key":"Whetstone"},{"floor":9,"key":"Orichalcum"},{"floor":11,"key":"Sundial"}],"event_choices":[{"damage_healed":0,"gold_gain":0,"player_choice":"Lose Max HP","damage_taken":0,"relics_obtained":["Golden Idol"],"max_hp_gain":0,"max_hp_loss":5,"event_name":"Golden Idol","floor":3,"gold_loss":0},{"damage_healed":0,"gold_gain":0,"player_choice":"Entered Light","damage_taken":13,"max_hp_gain":0,"max_hp_loss":0,"event_name":"Shining Light","floor":12,"gold_loss":0,"cards_upgraded":["Well Laid Plans","Leg Sweep"]},{"damage_healed":0,"gold_gain":0,"player_choice":"0 cards matched","damage_taken":0,"max_hp_gain":0,"max_hp_loss":0,"event_name":"Match and Keep!","floor":19,"gold_loss":0,"cards_obtained":[]}],"is_beta":false,"boss_relics":[{"not_picked":["Runic Dome","Calling Bell"],"picked":"Pandora\u0027s Box"}],"items_purged_floors":[13],"is_endless":false,"potions_floor_spawned":[5,11,14,16,18],"killed_by":"Gremlin Leader","ascension_level":6}