{"gold_per_floor":[118,138,149,73,86,116,81,113,137,156,221,221,70,84,84,180,180,198,113,131,131,148,148,174,174,224,23,42,42,52,52,52,155,155,166,180,28,46,63,163,197,216,216,216,216,249,249,259,259,259,259,259,51,81,81],"floor_reached":56,"playtime":10670,"items_purged":["Strike_B","Strike_B"],"score":1260,"play_id":"1d83e8e9-5a24-49eb-9064-1e0b08801968","local_time":"20190921010148","is_ascension_mode":true,"campfire_choices":[{"floor":12,"key":"REST"},{"data":"Fission","floor":15,"key":"SMITH"},{"data":"RitualDagger","floor":23,"key":"SMITH"},{"data":"Redo","floor":25,"key":"SMITH"},{"data":"Double Energy","floor":29,"key":"SMITH"},{"data":"Leap","floor":32,"key":"SMITH"},{"floor":45,"key":"RECALL"},{"data":"Stack","floor":47,"key":"SMITH"},{"data":"Leap","floor":49,"key":"SMITH"},{"data":"Chaos","floor":52,"key":"SMITH"}],"neow_cost":"NONE","seed_source_timestamp":162795097186511,"circlet_count":0,"master_deck":["Strike_B","Strike_B+1","Defend_B","Defend_B","Defend_B","Defend_B","Zap","Dualcast","Fission+1","Sweeping Beam","Leap+1","Darkness","Self Repair","Cold Snap","Chaos+1","Doom and Gloom+1","Creative AI+1","Redo+1","Self Repair+1","Biased Cognition+1","Double Energy+1","Skim","RitualDagger+1","Rebound+1","Hologram+1","Creative AI+1","Multi-Cast","Defragment+1","Static Discharge+1","Hologram+1","Leap+1","Stack+1","Loop+1","Stack+1","Discovery+1","PanicButton+1","Static Discharge+1","Turbo+1","Defragment+1","Leap+1","White Noise+1","Seek+1"],"relics":["Cracked Core","Frozen Egg 2","Strawberry","Omamori","Bag of Preparation","Coffee Dripper","Gremlin Horn","Orichalcum","Blood Vial","HandDrill","Cursed Key","Mango","Toxic Egg 2","Potion Belt","Whetstone"],"potions_floor_usage":[8,11,11,16,16,20,24,30,38,54,55,55],"damage_taken":[{"damage":6,"enemies":"Jaw Worm","floor":1,"turns":4},{"damage":0,"enemies":"2 Louse","floor":2,"turns":1},{"damage":0,"enemies":"Small Slimes","floor":3,"turns":4},{"damage":41,"enemies":"Exordium Wildlife","floor":5,"turns":8},{"damage":13,"enemies":"Lagavulin","floor":6,"turns":7},{"damage":13,"enemies":"3 Sentries","floor":8,"turns":6},{"damage":4,"enemies":"Exordium Thugs","floor":10,"turns":6},{"damage":13,"enemies":"3 Sentries","floor":11,"turns":5},{"damage":0,"enemies":"Large Slime","floor":14,"turns":4},{"damage":18,"enemies":"Hexaghost","floor":16,"turns":11},{"damage":1,"enemies":"Chosen","floor":18,"turns":4},{"damage":11,"enemies":"Shell Parasite","floor":20,"turns":4},{"damage":25,"enemies":"Sentry and Sphere","floor":22,"turns":4},{"damage":30,"enemies":"Slavers","floor":24,"turns":4},{"damage":13,"enemies":"Snake Plant","floor":28,"turns":3},{"damage":7,"enemies":"Snecko","floor":30,"turns":3},{"damage":28,"enemies":"Collector","floor":33,"turns":7},{"damage":5,"enemies":"3 Darklings","floor":35,"turns":3},{"damage":9,"enemies":"Orb Walker","floor":36,"turns":4},{"damage":7,"enemies":"3 Darklings","floor":38,"turns":5},{"damage":32,"enemies":"Spire Growth","floor":39,"turns":6},{"damage":38,"enemies":"Mind Bloom Boss Battle","floor":40,"turns":7},{"damage":26,"enemies":"Nemesis","floor":41,"turns":7},{"damage":30,"enemies":"Jaw Worm Horde","floor":42,"turns":5},{"damage":8,"enemies":"Giant Head","floor":46,"turns":9},{"damage":17,"enemies":"Writhing Mass","floor":48,"turns":7},{"damage":44,"enemies":"Donu and Deca","floor":50,"turns":11},{"damage":30,"enemies":"Shield and Spear","floor":54,"turns":5},{"damage":121,"enemies":"The Heart","floor":55,"turns":7}],"seed_played":"-2345918905121983995","potions_obtained":[{"floor":1,"key":"Swift Potion"},{"floor":5,"key":"Block Potion"},{"floor":6,"key":"Block Potion"},{"floor":10,"key":"Strength Potion"},{"floor":16,"key":"Energy Potion"},{"floor":18,"key":"Weak Potion"},{"floor":24,"key":"SkillPotion"},{"floor":36,"key":"FairyPotion"},{"floor":39,"key":"Strength Potion"},{"floor":40,"key":"GamblersBrew"},{"floor":46,"key":"FairyPotion"}],"is_trial":false,"path_per_floor":["M","M","M","$","M","E","?","E","T","M","?","R","$","M","R","B",null,"M","?","M","?","M","R","E","R","T","$","M","R","M","?","R","B",null,"M","M","$","M","M","?","E","M","T","?","R","E","R","M","R","B",null,"R","$","E","B",null],"character_chosen":"DEFECT","items_purchased":["Self Repair","Redo","SpeedPotion","HandDrill","Fire Potion","SpeedPotion","Defragment+1","Leap+1","White Noise+1"],"campfire_rested":1,"item_purchase_floors":[4,13,13,27,37,53,53,53,53],"current_hp_per_floor":[69,69,69,69,28,22,40,41,41,44,31,55,55,62,62,54,82,82,82,78,72,64,64,34,34,34,34,23,23,35,62,62,43,82,77,70,70,75,72,67,60,49,49,44,44,55,55,57,57,15,96,96,96,76,24],"gold":81,"neow_bonus":"ONE_RANDOM_RARE_CARD","is_prod":false,"is_daily":false,"chose_seed":false,"campfire_upgraded":8,"win_rate":0,"timestamp":1569042108,"path_taken":["M","M","M","$","M","E","?","E","T","M","?","R","$","M","R","BOSS","M","?","M","?","M","R","E","R","T","$","M","R","M","?","R","BOSS","M","M","$","M","M","?","E","M","T","?","R","E","R","M","R","BOSS","R","$","E","BOSS"],"build_version":"2019-07-17","purchased_purges":2,"victory":true,"max_hp_per_floor":[75,75,75,75,75,75,75,82,82,82,82,82,82,82,82,82,82,82,82,82,82,82,82,82,82,82,82,82,82,82,82,82,82,82,82,82,82,82,82,96,96,96,96,96,96,96,96,96,96,96,96,96,96,96,96],"card_choices":[{"not_picked":["Consume","Rebound"],"picked":"Sweeping Beam","floor":1},{"not_picked":["Beam Cell","Redo"],"picked":"Leap","floor":2},{"not_picked":["Fusion","Coolheaded"],"picked":"Darkness","floor":3},{"not_picked":["Rebound","Rip and Tear"],"picked":"Cold Snap","floor":5},{"not_picked":["Gash","Rip and Tear","Sweeping Beam"],"picked":"SKIP","floor":6},{"not_picked":["Compile Driver","Heatsinks+1"],"picked":"Chaos","floor":8},{"not_picked":["Stack","Ball Lightning"],"picked":"Doom and Gloom","floor":10},{"not_picked":["Redo","Darkness"],"picked":"Creative AI+1","floor":11},{"not_picked":["Leap","Melter"],"picked":"Self Repair+1","floor":14},{"not_picked":["Seek","Core Surge"],"picked":"Biased Cognition+1","floor":16},{"not_picked":["Barrage","Steam"],"picked":"Double Energy","floor":18},{"not_picked":["Sunder","Cold Snap"],"picked":"Skim","floor":20},{"not_picked":["Sunder","Melter"],"picked":"Rebound+1","floor":22},{"not_picked":["Doom and Gloom","Force Field"],"picked":"Hologram+1","floor":24},{"not_picked":["Steam","Rebound+1"],"picked":"Creative AI+1","floor":28},{"not_picked":["Barrage+1","Chaos","Skim"],"picked":"SKIP","floor":30},{"not_picked":["Meteor Strike","Reboot"],"picked":"Multi-Cast","floor":33},{"not_picked":["Barrage","Sunder+1"],"picked":"Defragment+1","floor":35},{"not_picked":["Chaos+1","Compile Driver+1"],"picked":"Static Discharge+1","floor":36},{"not_picked":["Go for the Eyes+1","Sweeping Beam"],"picked":"Hologram+1","floor":38},{"not_picked":["Skim+1","Turbo+1"],"picked":"Leap","floor":39},{"not_picked":["Compile Driver","Gash+1"],"picked":"Stack","floor":40},{"not_picked":["Sweeping Beam","Tempest+1"],"picked":"Loop+1","floor":41},{"not_picked":["Turbo+1","Cold Snap+1"],"picked":"Stack+1","floor":42},{"not_picked":["Master of Strategy+1","Jack Of All Trades+1"],"picked":"Discovery+1","floor":44},{"not_picked":["The Bomb+1","HandOfGreed"],"picked":"PanicButton+1","floor":44},{"not_picked":["Steam+1","Doom and Gloom"],"picked":"Static Discharge+1","floor":46},{"not_picked":["Compile Driver+1","Streamline"],"picked":"Turbo+1","floor":48},{"not_picked":["Sweeping Beam","Rip and Tear"],"picked":"Seek+1","floor":54}],"player_experience":364288,"relics_obtained":[{"floor":6,"key":"Frozen Egg 2"},{"floor":8,"key":"Strawberry"},{"floor":9,"key":"Omamori"},{"floor":11,"key":"Bag of Preparation"},{"floor":24,"key":"Orichalcum"},{"floor":26,"key":"Blood Vial"},{"floor":40,"key":"Mango"},{"floor":41,"key":"Toxic Egg 2"},{"floor":46,"key":"Potion Belt"},{"floor":54,"key":"Whetstone"}],"event_choices":[{"damage_healed":18,"gold_gain":0,"player_choice":"Healed","damage_taken":0,"max_hp_gain":0,"max_hp_loss":0,"event_name":"The Cleric","floor":7,"gold_loss":35},{"damage_healed":0,"gold_gain":30,"player_choice":"Searched \u00273\u0027 times","damage_taken":0,"max_hp_gain":0,"max_hp_loss":0,"event_name":"Dead Adventurer","floor":11,"gold_loss":0},{"damage_healed":0,"gold_gain":0,"player_choice":"Obtained Relic","damage_taken":0,"relics_obtained":["Gremlin Horn"],"max_hp_gain":0,"max_hp_loss":0,"event_name":"Addict","floor":19,"gold_loss":85},{"damage_healed":0,"gold_gain":0,"player_choice":"Joined the Cult","damage_taken":6,"max_hp_gain":0,"max_hp_loss":0,"event_name":"Nest","floor":21,"gold_loss":0,"cards_obtained":["RitualDagger"]},{"damage_healed":27,"gold_gain":0,"player_choice":"Heal","damage_taken":0,"max_hp_gain":0,"max_hp_loss":0,"event_name":"The Library","floor":31,"gold_loss":0},{"damage_healed":0,"gold_gain":0,"player_choice":"Fight","damage_taken":0,"max_hp_gain":0,"max_hp_loss":0,"event_name":"MindBloom","floor":40,"gold_loss":0},{"damage_healed":0,"gold_gain":0,"player_choice":"Memory 2","damage_taken":5,"max_hp_gain":0,"max_hp_loss":0,"event_name":"SensoryStone","floor":44,"gold_loss":0}],"is_beta":false,"boss_relics":[{"not_picked":["Inserter","Runic Dome"],"picked":"Coffee Dripper"},{"not_picked":["Snecko Eye","White Beast Statue"],"picked":"Cursed Key"}],"items_purged_floors":[13,37],"is_endless":false,"potions_floor_spawned":[1,5,6,10,16,18,24,36,39,40,46],"ascension_level":1}