{"gold_per_floor":[112,17,35,51,66,66,86,86,86,100,111,111,143,159,159,261,261,278,292,302,302,316,316,166,166,166,23,37,48,67,67,67,67],"floor_reached":33,"playtime":4845,"items_purged":[],"score":255,"play_id":"2793275c-5e46-4c3a-a764-334822910cbe","local_time":"20191014041526","is_ascension_mode":false,"campfire_choices":[{"data":"Whirlwind","floor":6.0,"key":"SMITH"},{"data":"Thunderclap","floor":8.0,"key":"SMITH"},{"data":"Dropkick","floor":12.0,"key":"SMITH"},{"data":"Seeing Red","floor":15.0,"key":"SMITH"},{"floor":23.0,"key":"REST"},{"floor":25.0,"key":"REST"},{"floor":32.0,"key":"REST"}],"neow_cost":"NONE","seed_source_timestamp":0,"circlet_count":0,"master_deck":["Strike_R","Strike_R","Strike_R","Strike_R","Strike_R","Defend_R","Defend_R","Defend_R","Defend_R","Bash","Offering","Rage","Metallicize","True Grit","Headbutt","Whirlwind+1","Seeing Red+1","Thunderclap+1","Shrug It Off","Dropkick+1","Anger","Rampage","Limit Break","Flex","Corruption+1","Iron Wave","Fire Breathing","Bludgeon","Shrug It Off+1","Cleave+1","Barricade"],"special_seed":0,"relics":["Black Blood","Mercury Hourglass","Boot","Blood Vial","Ornamental Fan","Enchiridion"],"potions_floor_usage":[33],"damage_taken":[{"damage":6.0,"enemies":"Cultist","floor":1.0,"turns":3.0},{"damage":6.0,"enemies":"Jaw Worm","floor":3.0,"turns":5.0},{"damage":1.0,"enemies":"Small Slimes","floor":4.0,"turns":4.0},{"damage":10.0,"enemies":"Exordium Thugs","floor":5.0,"turns":8.0},{"damage":0.0,"enemies":"Exordium Wildlife","floor":7.0,"turns":4.0},{"damage":11.0,"enemies":"Blue Slaver","floor":10.0,"turns":3.0},{"damage":0.0,"enemies":"3 Louse","floor":11.0,"turns":2.0},{"damage":13.0,"enemies":"Gremlin Nob","floor":13.0,"turns":4.0},{"damage":0.0,"enemies":"Lots of Slimes","floor":14.0,"turns":1.0},{"damage":28.0,"enemies":"Slime Boss","floor":16.0,"turns":8.0},{"damage":20.0,"enemies":"Shell Parasite","floor":18.0,"turns":4.0},{"damage":41.0,"enemies":"Chosen","floor":19.0,"turns":7.0},{"damage":32.0,"enemies":"Shelled Parasite and Fungi","floor":20.0,"turns":9.0},{"damage":33.0,"enemies":"Centurion and Healer","floor":22.0,"turns":8.0},{"damage":36.0,"enemies":"Cultist and Chosen","floor":28.0,"turns":8.0},{"damage":25.0,"enemies":"Snake Plant","floor":29.0,"turns":5.0},{"damage":6.0,"enemies":"Centurion and Healer","floor":30.0,"turns":7.0},{"damage":68,"enemies":"Automaton","floor":33,"turns":6}],"seed_played":"-6366304633182787003","potions_obtained":[{"floor":1.0,"key":"Weak Potion"},{"floor":3.0,"key":"EssenceOfSteel"},{"floor":5.0,"key":"EssenceOfSteel"},{"floor":10.0,"key":"Fire Potion"},{"floor":11.0,"key":"EssenceOfSteel"},{"floor":18.0,"key":"SkillPotion"},{"floor":22.0,"key":"EssenceOfSteel"},{"floor":30.0,"key":"Explosive Potion"}],"is_trial":false,"path_per_floor":["M","$","M","M","M","R","M","R","T","M","M","R","E","M","R","B",null,"M","M","M","?","M","R","$","R","T","$","M","M","M","?","R","B"],"character_chosen":"IRONCLAD","items_purchased":["Metallicize","True Grit","Blood Vial","Bludgeon"],"campfire_rested":3,"item_purchase_floors":[2,2,24,27],"current_hp_per_floor":[80,80,80,80,76,76,80,80,80,75,80,80,73,79,79,57,80,70,39,17,43,20,44,44,68,68,68,44,31,37,21,45,0],"gold":67,"neow_bonus":"ONE_RANDOM_RARE_CARD","is_prod":false,"is_daily":false,"chose_seed":false,"campfire_upgraded":4,"win_rate":0.0,"timestamp":1571040926,"path_taken":["M","$","M","M","M","R","M","R","T","?","?","R","E","M","R","BOSS","M","M","M","?","M","R","$","R","T","$","M","M","M","?","R","BOSS"],"build_version":"2019-07-17","purchased_purges":0,"victory":false,"max_hp_per_floor":[80,80,80,80,80,80,80,80,80,80,80,80,80,80,80,80,80,80,80,80,80,80,80,80,80,80,80,80,80,80,80,80,80],"card_choices":[{"not_picked":["True Grit","Blood for Blood"],"picked":"Rage","floor":1.0},{"not_picked":["Sword Boomerang","Intimidate"],"picked":"Headbutt","floor":3.0},{"not_picked":["Disarm","Thunderclap"],"picked":"Whirlwind","floor":4.0},{"not_picked":["Pommel Strike","Pummel"],"picked":"Seeing Red","floor":5.0},{"not_picked":["Clothesline","Armaments"],"picked":"Thunderclap","floor":7.0},{"not_picked":["Flex","Thunderclap"],"picked":"Shrug It Off","floor":10.0},{"not_picked":["Carnage","Twin Strike"],"picked":"Dropkick","floor":11.0},{"not_picked":["Pummel","Berserk"],"picked":"Anger","floor":13.0},{"not_picked":["Second Wind","Headbutt"],"picked":"Rampage","floor":14.0},{"not_picked":["Offering","Juggernaut"],"picked":"Limit Break","floor":16.0},{"not_picked":["Pummel","Clothesline"],"picked":"Flex","floor":18.0},{"not_picked":["True Grit","Clothesline+1"],"picked":"Corruption+1","floor":19.0},{"not_picked":["Sword Boomerang","Fire Breathing"],"picked":"Iron Wave","floor":20.0},{"not_picked":["Pommel Strike+1","Body Slam"],"picked":"Fire Breathing","floor":22.0},{"not_picked":["True Grit","Carnage"],"picked":"Shrug It Off+1","floor":28.0},{"not_picked":["Clothesline","Anger"],"picked":"Cleave+1","floor":29.0},{"not_picked":["Iron Wave+1","Flex"],"picked":"Barricade","floor":30.0}],"player_experience":24680,"relics_obtained":[{"floor":9.0,"key":"Mercury Hourglass"},{"floor":13.0,"key":"Boot"},{"floor":26.0,"key":"Ornamental Fan"},{"floor":31.0,"key":"Enchiridion"}],"event_choices":[{"damage_healed":26.0,"max_hp_gain":0.0,"max_hp_loss":0.0,"gold_gain":0.0,"event_name":"The Library","player_choice":"Heal","floor":21.0,"gold_loss":0.0,"damage_taken":0.0},{"damage_healed":0.0,"max_hp_gain":0.0,"max_hp_loss":0.0,"gold_gain":0.0,"event_name":"Cursed Tome","player_choice":"Obtained Book","floor":31.0,"gold_loss":0.0,"damage_taken":16.0}],"is_beta":false,"boss_relics":[{"not_picked":["Ectoplasm","Calling Bell"],"picked":"Black Blood"}],"items_purged_floors":[],"is_endless":false,"potions_floor_spawned":[1,3,5,10,11,18,22,30],"killed_by":"Automaton","ascension_level":0}