{"gold_per_floor":[113,127,144,155,168,168,178,178,201,240,252,292,21,39,39,135,135,145,9,9,36,36,36,61,61,61,61,72,172,203,13,13,115,115,135,135,2,2,15,15,15,26,53,53,53,71,99,110,110,110,110,110,9,9],"floor_reached":54,"playtime":5568,"items_purged":["Strike_R","Strike_R+1","Decay"],"score":738,"play_id":"5d1f9da0-4982-4b47-994f-b8400d93c40a","local_time":"20191020222815","is_ascension_mode":false,"campfire_choices":[{"data":"Cleave","floor":6,"key":"SMITH"},{"data":"Iron Wave","floor":8,"key":"SMITH"},{"data":"Whirlwind","floor":11,"key":"SMITH"},{"data":"Ghostly Armor","floor":15,"key":"SMITH"},{"data":"Berserk","floor":23,"key":"SMITH"},{"data":"True Grit","floor":25,"key":"SMITH"},{"data":"Heavy Blade","floor":27,"key":"SMITH"},{"floor":32,"key":"REST"},{"floor":40,"key":"RECALL"},{"data":"Spot Weakness","floor":44,"key":"SMITH"},{"data":"Spot Weakness","floor":45,"key":"SMITH"},{"floor":49,"key":"REST"},{"data":"Pummel","floor":52,"key":"SMITH"}],"neow_cost":"NONE","seed_source_timestamp":779106686562139,"circlet_count":0,"master_deck":["Strike_R+1","Strike_R+1","Strike_R+1","Defend_R+1","Defend_R+1","Defend_R+1","Defend_R+1","Bash","Pummel+1","Disarm","Cleave+1","Iron Wave+1","Ghostly Armor+1","Whirlwind+1","Heavy Blade+1","Evolve","Berserk+1","True Grit+1","Thunderclap","Battle Trance","Exhume","Spot Weakness+1","Barricade+1","Clothesline+1","Madness","Madness","Rupture+1","Combust+1","Rupture+1","Spot Weakness+1","Headbutt+1","Injury","Body Slam","Demon Form+1","Rupture+1"],"relics":["Burning Blood","Vajra","MawBank","Pocketwatch","Red Skull","Membership Card","Cursed Key","Mummified Hand","Red Mask","Bronze Scales","The Courier","WingedGreaves","Frozen Egg 2","Smiling Mask","Dead Branch","Velvet Choker","Meat on the Bone","Bottled Tornado"],"potions_floor_usage":[10,12,16,24,29,30,33,47,47,50],"damage_taken":[{"damage":6,"enemies":"Cultist","floor":1,"turns":3},{"damage":0,"enemies":"2 Louse","floor":2,"turns":3},{"damage":5,"enemies":"Small Slimes","floor":3,"turns":3},{"damage":2,"enemies":"Exordium Wildlife","floor":4,"turns":4},{"damage":0,"enemies":"3 Louse","floor":5,"turns":2},{"damage":7,"enemies":"2 Fungi Beasts","floor":7,"turns":3},{"damage":7,"enemies":"Gremlin Nob","floor":10,"turns":3},{"damage":9,"enemies":"3 Sentries","floor":12,"turns":3},{"damage":13,"enemies":"Red Slaver","floor":14,"turns":2},{"damage":32,"enemies":"Hexaghost","floor":16,"turns":13},{"damage":10,"enemies":"2 Thieves","floor":18,"turns":3},{"damage":0,"enemies":"Masked Bandits","floor":21,"turns":2},{"damage":7,"enemies":"Book of Stabbing","floor":24,"turns":4},{"damage":14,"enemies":"Spheric Guardian","floor":28,"turns":4},{"damage":13,"enemies":"Colosseum Slavers","floor":29,"turns":2},{"damage":10,"enemies":"Colosseum Nobs","floor":29,"turns":3},{"damage":25,"enemies":"Gremlin Leader","floor":30,"turns":5},{"damage":60,"enemies":"Collector","floor":33,"turns":8},{"damage":2,"enemies":"Orb Walker","floor":35,"turns":3},{"damage":0,"enemies":"3 Shapes","floor":39,"turns":3},{"damage":23,"enemies":"Writhing Mass","floor":42,"turns":4},{"damage":0,"enemies":"Jaw Worm Horde","floor":46,"turns":2},{"damage":43,"enemies":"Nemesis","floor":47,"turns":7},{"damage":7,"enemies":"3 Darklings","floor":48,"turns":4},{"damage":85,"enemies":"Awakened One","floor":50,"turns":9},{"damage":82,"enemies":"Shield and Spear","floor":54,"turns":4}],"seed_played":"-5952499569964278379","potions_obtained":[{"floor":1,"key":"AttackPotion"},{"floor":2,"key":"Swift Potion"},{"floor":3,"key":"Weak Potion"},{"floor":16,"key":"LiquidBronze"},{"floor":24,"key":"Dexterity Potion"},{"floor":29,"key":"Explosive Potion"},{"floor":30,"key":"FairyPotion"},{"floor":35,"key":"Regen Potion"},{"floor":46,"key":"Block Potion"},{"floor":48,"key":"Dexterity Potion"}],"is_trial":false,"path_per_floor":["M","M","M","M","M","R","M","R","T","E","R","E","$","M","R","B",null,"M","$","?","?","$","R","E","R","T","R","M","?","E","$","R","B",null,"M","?","$","?","M","R","$","M","T","R","R","M","E","M","R","B",null,"R","$","E"],"character_chosen":"IRONCLAD","items_purchased":["Membership Card","Evolve","Mummified Hand","Thunderclap","Dead Branch","SteroidPotion","Rupture+1","Combust+1","Rupture+1","Bottled Tornado"],"campfire_rested":2,"item_purchase_floors":[13,13,19,19,31,31,37,37,37,53],"current_hp_per_floor":[80,80,80,80,80,80,79,79,79,78,78,75,75,68,68,42,80,76,76,76,80,80,80,79,79,79,79,71,60,41,41,65,11,80,80,70,70,70,76,76,76,59,59,59,59,65,43,54,78,19,80,80,80,0],"gold":9,"neow_bonus":"RANDOM_COMMON_RELIC","is_prod":false,"is_daily":false,"chose_seed":false,"campfire_upgraded":10,"win_rate":0,"timestamp":1571624895,"path_taken":["M","M","M","?","M","R","M","R","T","E","R","E","$","M","R","BOSS","M","$","?","?","?","R","E","R","T","R","?","?","E","$","R","BOSS","M","?","$","?","M","R","$","?","T","R","R","?","E","M","R","BOSS","R","$","E"],"build_version":"2019-07-17","purchased_purges":3,"victory":false,"max_hp_per_floor":[80,80,80,80,80,80,80,80,80,80,80,80,80,80,80,80,80,80,80,80,80,80,80,80,80,80,80,80,80,80,80,80,80,80,80,80,80,80,80,80,80,80,80,80,80,80,80,80,80,80,80,80,80,80],"card_choices":[{"not_picked":["Evolve","Intimidate"],"picked":"Pummel","floor":1},{"not_picked":["Armaments","Power Through"],"picked":"Disarm","floor":2},{"not_picked":["Uppercut","Rupture"],"picked":"Cleave","floor":3},{"not_picked":["Clash","Pommel Strike"],"picked":"Iron Wave","floor":4},{"not_picked":["Flex","Pommel Strike"],"picked":"Ghostly Armor","floor":5},{"not_picked":["Hemokinesis","Clash","Sever Soul"],"picked":"SKIP","floor":7},{"not_picked":["Second Wind","Pommel Strike"],"picked":"Whirlwind","floor":10},{"not_picked":["Body Slam","Seeing Red"],"picked":"Heavy Blade","floor":12},{"not_picked":["Pummel","Body Slam","Warcry"],"picked":"SKIP","floor":14},{"not_picked":["Offering","Juggernaut"],"picked":"Berserk","floor":16},{"not_picked":["Infernal Blade+1","Bloodletting"],"picked":"True Grit","floor":18},{"not_picked":["Pummel","True Grit+1"],"picked":"Battle Trance","floor":21},{"not_picked":["Ghostly Armor+1","Body Slam"],"picked":"Exhume","floor":24},{"not_picked":["Perfected Strike","Twin Strike"],"picked":"Spot Weakness","floor":28},{"not_picked":["Twin Strike","Anger","Whirlwind"],"picked":"SKIP","floor":30},{"not_picked":["Juggernaut+1","Demon Form+1"],"picked":"Barricade+1","floor":33},{"not_picked":["Sever Soul+1","Perfected Strike"],"picked":"Clothesline+1","floor":35},{"not_picked":["Flex","Rampage","Iron Wave"],"picked":"SKIP","floor":39},{"not_picked":["Rupture+1","Pommel Strike"],"picked":"Headbutt+1","floor":42},{"not_picked":["Cleave","Fire Breathing+1"],"picked":"Body Slam","floor":46},{"not_picked":["Evolve+1","True Grit+1"],"picked":"Demon Form+1","floor":47},{"not_picked":["Perfected Strike+1","Warcry+1"],"picked":"Rupture+1","floor":48}],"player_experience":634049,"relics_obtained":[{"floor":9,"key":"MawBank"},{"floor":10,"key":"Pocketwatch"},{"floor":12,"key":"Red Skull"},{"floor":21,"key":"Red Mask"},{"floor":24,"key":"Bronze Scales"},{"floor":26,"key":"The Courier"},{"floor":29,"key":"WingedGreaves"},{"floor":29,"key":"Frozen Egg 2"},{"floor":30,"key":"Smiling Mask"},{"floor":47,"key":"Meat on the Bone"}],"event_choices":[{"damage_healed":0,"gold_gain":0,"player_choice":"Simplicity","damage_taken":0,"max_hp_gain":0,"max_hp_loss":0,"event_name":"Back to Basics","floor":20,"gold_loss":0,"cards_upgraded":["Strike_R","Strike_R","Strike_R","Strike_R","Defend_R","Defend_R","Defend_R","Defend_R"]},{"damage_healed":0,"gold_gain":0,"player_choice":"Fought Bandits","damage_taken":0,"max_hp_gain":0,"max_hp_loss":0,"event_name":"Masked Bandits","floor":21,"gold_loss":0},{"damage_healed":0,"gold_gain":0,"player_choice":"Fight","damage_taken":0,"max_hp_gain":0,"max_hp_loss":0,"event_name":"Colosseum","floor":29,"gold_loss":0},{"damage_healed":0,"gold_gain":0,"player_choice":"Fought Nobs","damage_taken":0,"max_hp_gain":0,"max_hp_loss":0,"event_name":"Colosseum","floor":29,"gold_loss":0},{"damage_healed":0,"gold_gain":0,"player_choice":"Embrace Madness","damage_taken":10,"max_hp_gain":0,"max_hp_loss":0,"event_name":"Winding Halls","floor":36,"gold_loss":0,"cards_obtained":["Madness","Madness"]},{"damage_healed":0,"gold_gain":0,"player_choice":"Copied","damage_taken":0,"max_hp_gain":0,"max_hp_loss":0,"event_name":"Duplicator","floor":38,"gold_loss":0,"cards_obtained":["Spot Weakness"]}],"is_beta":false,"boss_relics":[{"not_picked":["Empty Cage","Lizard Tail"],"picked":"Cursed Key"},{"not_picked":["Sozu","Orrery"],"picked":"Velvet Choker"}],"items_purged_floors":[13,31,37],"is_endless":false,"potions_floor_spawned":[1,2,3,7,16,24,29,29,30,35,46,48],"killed_by":"Shield and Spear","ascension_level":0}