{"gold_per_floor":[109,125,135,152,152,152,24,50,105,125,141,156,228,228,228,305,305,321,321,321,2,2,2,17,17],"floor_reached":25,"playtime":697,"items_purged":[],"score":421,"play_id":"8a946693-6876-4d16-9c8b-c69d5f4bcca1","local_time":"20191028185134","is_ascension_mode":true,"campfire_choices":[{"data":"Cold Snap","floor":6.0,"key":"SMITH"},{"floor":15.0,"key":"REST"},{"data":"Dualcast","floor":23.0,"key":"SMITH"}],"neow_cost":"NONE","seed_source_timestamp":466793089929600,"circlet_count":0,"master_deck":["AscendersBane","Defend_B","Defend_B","Defend_B","Defend_B","Zap","Dualcast+1","Cold Snap+1","Streamline+1","Ball Lightning","Hologram","Barrage","Panacea","Electrodynamics","Loop","Darkness","Leap","All For One","Go for the Eyes","Decay","Bite","Bite","Bite","Bite","Bite","Gash","Coolheaded","Writhe","Glacier+1"],"special_seed":0,"relics":["Cracked Core","Mummified Hand","Lantern","White Beast Statue","ClockworkSouvenir","Oddly Smooth Stone"],"potions_floor_usage":[25],"damage_taken":[{"damage":1.0,"enemies":"Cultist","floor":1.0,"turns":3.0},{"damage":9.0,"enemies":"Jaw Worm","floor":2.0,"turns":3.0},{"damage":0.0,"enemies":"2 Louse","floor":3.0,"turns":2.0},{"damage":12.0,"enemies":"Blue Slaver","floor":4.0,"turns":3.0},{"damage":14.0,"enemies":"3 Sentries","floor":8.0,"turns":6.0},{"damage":5.0,"enemies":"2 Fungi Beasts","floor":10.0,"turns":2.0},{"damage":9.0,"enemies":"Exordium Wildlife","floor":11.0,"turns":4.0},{"damage":0.0,"enemies":"Large Slime","floor":12.0,"turns":3.0},{"damage":43.0,"enemies":"The Guardian","floor":16.0,"turns":9.0},{"damage":23.0,"enemies":"2 Thieves","floor":18.0,"turns":3.0},{"damage":26,"enemies":"Chosen","floor":24,"turns":5},{"damage":29,"enemies":"Gremlin Leader","floor":25,"turns":3}],"seed_played":"-567280840132551189","potions_obtained":[{"floor":1.0,"key":"LiquidBronze"},{"floor":4.0,"key":"FearPotion"},{"floor":8.0,"key":"Regen Potion"},{"floor":11.0,"key":"EntropicBrew"},{"floor":18.0,"key":"SteroidPotion"},{"floor":24,"key":"Swift Potion"}],"is_trial":false,"path_per_floor":["M","M","M","M","?","R","$","E","T","M","M","M","?","?","R","B",null,"M","?","?","$","?","R","M","E"],"character_chosen":"DEFECT","items_purchased":["Barrage","Panacea","ClockworkSouvenir","Gash","Coolheaded"],"campfire_rested":1,"item_purchase_floors":[7,7,21,21,21],"current_hp_per_floor":[70,61,61,49,49,49,49,35,35,30,21,21,21,21,44,16,63,40,40,40,40,40,40,24,0],"gold":17,"neow_bonus":"TEN_PERCENT_HP_BONUS","is_prod":false,"is_daily":false,"chose_seed":false,"campfire_upgraded":2,"win_rate":0,"timestamp":1572313894,"path_taken":["M","M","?","M","?","R","$","E","T","M","?","M","?","?","R","BOSS","M","?","?","$","?","R","M","E"],"build_version":"2019-07-17","purchased_purges":0,"victory":false,"max_hp_per_floor":[78,78,78,78,78,78,78,78,78,78,78,78,78,78,78,78,78,78,78,54,54,54,54,54,54],"card_choices":[{"not_picked":["Storm","Beam Cell"],"picked":"Cold Snap","floor":1.0},{"not_picked":["Beam Cell","Turbo"],"picked":"Streamline","floor":2.0},{"not_picked":["Steam Power","Melter"],"picked":"Ball Lightning","floor":3.0},{"not_picked":["Sweeping Beam","Redo"],"picked":"Hologram","floor":4.0},{"not_picked":["Steam Power","Ball Lightning"],"picked":"Electrodynamics","floor":8.0},{"not_picked":["Rebound","Beam Cell"],"picked":"Loop","floor":10.0},{"not_picked":["Steam","Rip and Tear"],"picked":"Darkness","floor":11.0},{"not_picked":["Redo","Beam Cell"],"picked":"Leap","floor":12.0},{"not_picked":["Creative AI","Thunder Strike"],"picked":"All For One","floor":16.0},{"not_picked":["BootSequence","Aggregate"],"picked":"Go for the Eyes","floor":18.0},{"not_picked":["Compile Driver","Chill"],"picked":"Glacier+1","floor":24}],"player_experience":739557,"relics_obtained":[{"floor":8.0,"key":"Mummified Hand"},{"floor":9.0,"key":"Lantern"}],"event_choices":[{"damage_healed":0.0,"max_hp_gain":0.0,"max_hp_loss":0.0,"gold_gain":0.0,"event_name":"Upgrade Shrine","player_choice":"Upgraded","floor":5.0,"gold_loss":0.0,"damage_taken":0.0,"cards_upgraded":["Streamline"]},{"damage_healed":0.0,"max_hp_gain":0.0,"max_hp_loss":0.0,"gold_gain":72.0,"event_name":"Golden Wing","player_choice":"Gained Gold","floor":13.0,"gold_loss":0.0,"damage_taken":0.0},{"damage_healed":0.0,"max_hp_gain":0.0,"max_hp_loss":0.0,"gold_gain":0.0,"event_name":"Liars Game","player_choice":"Ignored","floor":14.0,"gold_loss":0.0,"damage_taken":0.0},{"damage_healed":0.0,"max_hp_gain":0.0,"max_hp_loss":0.0,"gold_gain":0.0,"event_name":"Forgotten Altar","player_choice":"Smashed Altar","floor":19.0,"gold_loss":0.0,"damage_taken":0.0,"cards_obtained":["Decay"]},{"damage_healed":0.0,"max_hp_gain":0.0,"max_hp_loss":24.0,"gold_gain":0.0,"event_name":"Vampires","player_choice":"Became a vampire","floor":20.0,"gold_loss":0.0,"damage_taken":0.0,"cards_obtained":["Bite","Bite","Bite","Bite","Bite"]},{"damage_healed":0.0,"max_hp_gain":0.0,"max_hp_loss":0.0,"gold_gain":0.0,"event_name":"The Mausoleum","player_choice":"Opened","floor":22.0,"gold_loss":0.0,"damage_taken":0.0,"relics_obtained":["Oddly Smooth Stone"],"cards_obtained":["Writhe"]}],"is_beta":false,"boss_relics":[{"not_picked":["Pandora\u0027s Box","Velvet Choker"],"picked":"White Beast Statue"}],"items_purged_floors":[],"is_endless":false,"potions_floor_spawned":[1,4,8,11,18,24],"killed_by":"Gremlin Leader","ascension_level":19}