{"gold_per_floor":[13,29,45,45,45,45,56,56,135,135,162,191,205,217,217,314,314,330,340,354,22,39,50,50,50,75,75,87,87,118,118,118,118],"floor_reached":33,"playtime":6513,"items_purged":[],"score":401,"play_id":"1dec15ea-f170-40ad-9e52-fb12ad416cc2","local_time":"20191011233138","is_ascension_mode":true,"campfire_choices":[{"data":"Bullet Time","floor":6.0,"key":"SMITH"},{"data":"Dagger Spray","floor":8.0,"key":"SMITH"},{"data":"Neutralize","floor":10.0,"key":"SMITH"},{"floor":15.0,"key":"REST"},{"data":"Caltrops","floor":25.0,"key":"SMITH"},{"floor":29.0,"key":"REST"},{"floor":32.0,"key":"REST"}],"neow_cost":"NO_GOLD","seed_source_timestamp":0,"circlet_count":0,"master_deck":["Strike_G","Strike_G","Defend_G","Defend_G","Defend_G","Defend_G","Defend_G","Survivor","Neutralize+1","PiercingWail","Bullet Time+1","Dagger Spray+1","Acrobatics","Flying Knee","Flying Knee","Night Terror","PiercingWail","Unload+1","Well Laid Plans","Infinite Blades","Caltrops+1","Finisher","Dodge and Roll","Masterful Stab+1","Deadly Poison","Corpse Explosion"],"special_seed":0,"relics":["Ring of the Snake","Ninja Scroll","Odd Mushroom","Pen Nib","Philosopher\u0027s Stone","Mercury Hourglass","Snake Skull","Molten Egg 2"],"potions_floor_usage":[],"damage_taken":[{"damage":7.0,"enemies":"Cultist","floor":1.0,"turns":7.0},{"damage":11.0,"enemies":"Jaw Worm","floor":2.0,"turns":5.0},{"damage":1.0,"enemies":"Small Slimes","floor":3.0,"turns":5.0},{"damage":0.0,"enemies":"3 Louse","floor":7.0,"turns":3.0},{"damage":0.0,"enemies":"The Mushroom Lair","floor":11.0,"turns":4.0},{"damage":26.0,"enemies":"Gremlin Nob","floor":12.0,"turns":4.0},{"damage":0.0,"enemies":"2 Fungi Beasts","floor":13.0,"turns":1.0},{"damage":0.0,"enemies":"Gremlin Gang","floor":14.0,"turns":3.0},{"damage":0.0,"enemies":"Slime Boss","floor":16.0,"turns":7.0},{"damage":7.0,"enemies":"Shell Parasite","floor":18.0,"turns":4.0},{"damage":9.0,"enemies":"Chosen","floor":19.0,"turns":2.0},{"damage":9.0,"enemies":"Snecko","floor":20.0,"turns":3.0},{"damage":0.0,"enemies":"Snake Plant","floor":22.0,"turns":4.0},{"damage":11.0,"enemies":"Cultist and Chosen","floor":23.0,"turns":6.0},{"damage":32.0,"enemies":"Centurion and Healer","floor":28.0,"turns":4.0},{"damage":29.0,"enemies":"Gremlin Leader","floor":30.0,"turns":4.0},{"damage":0.0,"enemies":"Snake Plant","floor":31.0,"turns":2.0},{"damage":41,"enemies":"Automaton","floor":33,"turns":6}],"seed_played":"378147563966441261","potions_obtained":[{"floor":1.0,"key":"Energy Potion"},{"floor":2.0,"key":"Poison Potion"},{"floor":12.0,"key":"SkillPotion"},{"floor":13.0,"key":"Fire Potion"},{"floor":19.0,"key":"Energy Potion"},{"floor":20.0,"key":"EssenceOfSteel"},{"floor":22.0,"key":"Regen Potion"},{"floor":23.0,"key":"LiquidBronze"},{"floor":28.0,"key":"SmokeBomb"}],"is_trial":false,"path_per_floor":["M","M","M","?","?","R","M","R","T","R","?","E","M","M","R","B",null,"M","M","M","$","M","M","?","R","T","?","M","R","E","M","R","B"],"character_chosen":"THE_SILENT","items_purchased":["Mercury Hourglass","Finisher","Dodge and Roll"],"campfire_rested":3,"item_purchase_floors":[21,21,21],"current_hp_per_floor":[63,52,51,44,44,44,44,44,44,44,44,18,18,18,39,39,62,55,46,37,37,37,41,41,41,41,41,9,30,1,1,22,0],"gold":118,"neow_bonus":"TRANSFORM_TWO_CARDS","is_prod":false,"is_daily":false,"chose_seed":false,"campfire_upgraded":4,"win_rate":0,"timestamp":1570851098,"path_taken":["M","M","M","?","?","R","M","R","T","R","?","E","M","M","R","BOSS","M","M","M","$","M","M","?","R","T","?","M","R","E","?","R","BOSS"],"build_version":"2019-07-17","purchased_purges":0,"victory":false,"max_hp_per_floor":[70,70,70,70,70,70,70,70,70,70,70,70,70,70,70,70,70,70,70,70,70,70,70,70,70,70,70,70,70,70,70,70,70],"card_choices":[{"not_picked":["PiercingWail","Prepared"],"picked":"Dagger Spray","floor":1.0},{"not_picked":["Slice","Calculated Gamble"],"picked":"Acrobatics","floor":2.0},{"not_picked":["Prepared","PiercingWail","Blade Dance"],"picked":"SKIP","floor":3.0},{"not_picked":["Outmaneuver","Endless Agony"],"picked":"Flying Knee","floor":7.0},{"not_picked":["Concentrate","Escape Plan"],"picked":"Flying Knee","floor":11.0},{"not_picked":["Bane","Acrobatics","Underhanded Strike"],"picked":"SKIP","floor":12.0},{"not_picked":["Prepared","Bane"],"picked":"Night Terror","floor":13.0},{"not_picked":["Concentrate","Finisher"],"picked":"PiercingWail","floor":14.0},{"not_picked":["Bullet Time","Malaise"],"picked":"Unload","floor":16.0},{"not_picked":["Bane","Dagger Throw"],"picked":"Well Laid Plans","floor":18.0},{"not_picked":["Backflip","Dagger Spray"],"picked":"Infinite Blades","floor":19.0},{"not_picked":["Skewer+1","Dagger Spray"],"picked":"Caltrops","floor":20.0},{"not_picked":["Underhanded Strike","Dagger Throw"],"picked":"Masterful Stab+1","floor":22.0},{"not_picked":["Slice","Flechettes","PiercingWail"],"picked":"SKIP","floor":23.0},{"not_picked":["Skewer","Flying Knee"],"picked":"Deadly Poison","floor":28.0},{"not_picked":["Blade Dance","Sucker Punch"],"picked":"Corpse Explosion","floor":30.0}],"player_experience":498644,"relics_obtained":[{"floor":9.0,"key":"Ninja Scroll"},{"floor":11.0,"key":"Odd Mushroom"},{"floor":12.0,"key":"Pen Nib"},{"floor":26.0,"key":"Snake Skull"},{"floor":30.0,"key":"Molten Egg 2"}],"event_choices":[{"cards_removed":["Strike_G"],"damage_healed":0.0,"max_hp_gain":0.0,"max_hp_loss":0.0,"gold_gain":0.0,"event_name":"Golden Wing","player_choice":"Card Removal","floor":4.0,"gold_loss":0.0,"damage_taken":7.0},{"damage_healed":0.0,"max_hp_gain":0.0,"max_hp_loss":0.0,"gold_gain":0.0,"event_name":"Liars Game","player_choice":"Ignored","floor":5.0,"gold_loss":0.0,"damage_taken":0.0},{"damage_healed":0.0,"max_hp_gain":0.0,"max_hp_loss":0.0,"gold_gain":0.0,"event_name":"Mushrooms","player_choice":"Fought Mushrooms","floor":11.0,"gold_loss":0.0,"damage_taken":0.0},{"damage_healed":0.0,"max_hp_gain":0.0,"max_hp_loss":0.0,"gold_gain":0.0,"event_name":"The Mausoleum","player_choice":"Ignored","floor":24.0,"gold_loss":0.0,"damage_taken":0.0},{"damage_healed":0.0,"max_hp_gain":0.0,"max_hp_loss":0.0,"gold_gain":0.0,"event_name":"Accursed Blacksmith","player_choice":"Forge","floor":27.0,"gold_loss":0.0,"damage_taken":0.0,"cards_upgraded":["Unload"]}],"is_beta":false,"boss_relics":[{"not_picked":["Velvet Choker","Tiny House"],"picked":"Philosopher\u0027s Stone"}],"items_purged_floors":[],"is_endless":false,"potions_floor_spawned":[1,2,12,13,19,20,22,23,28],"killed_by":"Automaton","ascension_level":5}