{"gold_per_floor":[119,135,38,57,7,7,40,40,40,40,67,67,67,87,87,192,192,211,211,225,241,241],"floor_reached":22,"playtime":2168,"items_purged":["Defend_G"],"score":262,"play_id":"7ada1d47-bd50-4cd7-bce9-a9c9289e150c","local_time":"20191025233326","is_ascension_mode":true,"campfire_choices":[{"data":"Deadly Poison","floor":6,"key":"SMITH"},{"floor":8,"key":"REST"},{"data":"A Thousand Cuts","floor":10,"key":"SMITH"},{"data":"Cloak And Dagger","floor":15,"key":"SMITH"}],"neow_cost":"NONE","seed_source_timestamp":983283992207773,"circlet_count":0,"master_deck":["Strike_G","Strike_G","Strike_G","Strike_G","Defend_G","Defend_G","Defend_G","Defend_G","Survivor","Neutralize","Caltrops","Deadly Poison+1","Cloak And Dagger+1","Dagger Spray","A Thousand Cuts+1","Flying Knee+1","Quick Slash+1","Wraith Form v2+1","Predator+1","Dash+1","Cloak And Dagger"],"special_seed":0,"relics":["Ring of the Snake","Bag of Preparation","Darkstone Periapt","Molten Egg 2","Ornamental Fan","Eternal Feather"],"potions_floor_usage":[2,2,7,7,11,16,21],"damage_taken":[{"damage":1,"enemies":"2 Louse","floor":1,"turns":4},{"damage":6,"enemies":"Jaw Worm","floor":2,"turns":4},{"damage":0,"enemies":"Cultist","floor":4,"turns":4},{"damage":12,"enemies":"Gremlin Nob","floor":7,"turns":4},{"damage":19,"enemies":"3 Sentries","floor":11,"turns":5},{"damage":0,"enemies":"Looter","floor":14,"turns":3},{"damage":44,"enemies":"The Guardian","floor":16,"turns":10},{"damage":18,"enemies":"Spheric Guardian","floor":18,"turns":5},{"damage":4,"enemies":"Chosen","floor":20,"turns":5},{"damage":16,"enemies":"Centurion and Healer","floor":21,"turns":6},{"damage":24,"enemies":"3 Cultists","floor":22,"turns":4}],"seed_played":"-7253955680594244205","potions_obtained":[{"floor":1,"key":"EntropicBrew"},{"floor":7,"key":"Explosive Potion"},{"floor":11,"key":"EssenceOfSteel"},{"floor":16,"key":"Strength Potion"}],"is_trial":false,"path_per_floor":["M","M","$","M","?","R","E","R","T","R","E","$","?","M","R","B",null,"M","?","M","M","M"],"character_chosen":"THE_SILENT","items_purchased":["Cloak And Dagger"],"campfire_rested":1,"item_purchase_floors":[3],"current_hp_per_floor":[62,56,56,56,56,56,44,65,65,65,46,46,46,46,46,2,53,35,35,31,15,0],"gold":241,"neow_bonus":"RANDOM_COMMON_RELIC","is_prod":false,"is_daily":false,"chose_seed":false,"campfire_upgraded":3,"win_rate":0,"timestamp":1572060806,"path_taken":["M","M","$","M","?","R","E","R","T","R","E","$","?","M","R","BOSS","M","?","M","?","M"],"build_version":"2019-07-17","purchased_purges":1,"victory":false,"max_hp_per_floor":[70,70,70,70,70,70,70,70,70,70,70,70,70,70,70,70,70,70,70,70,70,70],"card_choices":[{"not_picked":["Slice","Cloak And Dagger"],"picked":"Caltrops","floor":1},{"not_picked":["Slice","Outmaneuver"],"picked":"Deadly Poison","floor":2},{"not_picked":["Setup","Deflect"],"picked":"Dagger Spray","floor":4},{"not_picked":["Sucker Punch","Poisoned Stab"],"picked":"A Thousand Cuts","floor":7},{"not_picked":["Flechettes+1","Reflex"],"picked":"Flying Knee+1","floor":11},{"not_picked":["Acrobatics","Dagger Throw+1"],"picked":"Quick Slash+1","floor":14},{"not_picked":["Storm of Steel","Grand Finale+1"],"picked":"Wraith Form v2","floor":16},{"not_picked":["Acrobatics","Heel Hook+1"],"picked":"Predator+1","floor":18},{"not_picked":["Blur","Endless Agony+1"],"picked":"Dash+1","floor":20},{"not_picked":["Choke+1","Blade Dance"],"picked":"Cloak And Dagger","floor":21}],"player_experience":708109,"relics_obtained":[{"floor":7,"key":"Darkstone Periapt"},{"floor":9,"key":"Molten Egg 2"},{"floor":11,"key":"Ornamental Fan"}],"event_choices":[{"cards_removed":["Strike_G"],"damage_healed":0,"gold_gain":0,"player_choice":"Card Removal","damage_taken":0,"max_hp_gain":0,"max_hp_loss":0,"event_name":"The Cleric","floor":5,"gold_loss":50},{"damage_healed":0,"gold_gain":0,"player_choice":"Ignored","damage_taken":0,"max_hp_gain":0,"max_hp_loss":0,"event_name":"Liars Game","floor":13,"gold_loss":0},{"damage_healed":0,"gold_gain":0,"player_choice":"Upgraded","damage_taken":0,"max_hp_gain":0,"max_hp_loss":0,"event_name":"Upgrade Shrine","floor":19,"gold_loss":0,"cards_upgraded":["Wraith Form v2"]}],"is_beta":false,"boss_relics":[{"not_picked":["Orrery","HoveringKite"],"picked":"Eternal Feather"}],"items_purged_floors":[3],"is_endless":false,"potions_floor_spawned":[1,7,11,16],"killed_by":"3 Cultists","ascension_level":7}