{"gold_per_floor":[114,114,129,31,46,76,76,106,156,156,181,456,486,501,501,601,601,641,681,696,76,110,110,125,125,180,244,253,292,337,376,385,494,494,518,12,36,36,60,60,99,108,183,222,331,370,370,394,403,403],"floor_reached":51,"playtime":7827,"items_purged":["Regret"],"score":859,"play_id":"1d606971-1c67-4037-bb80-248f9be1037b","local_time":"20191021065307","daily_mods":["Chimera","Uncertain Future","Elite Swarm"],"is_ascension_mode":false,"campfire_choices":[{"floor":7.0,"key":"REST"},{"floor":10.0,"key":"REST"},{"data":"Vault","floor":15.0,"key":"SMITH"},{"data":"Worship","floor":23.0,"key":"SMITH"},{"floor":28.0,"key":"REST"},{"floor":32.0,"key":"REST"},{"data":"DevaForm","floor":40.0,"key":"SMITH"},{"floor":42.0,"key":"REST"},{"floor":49.0,"key":"REST"}],"neow_cost":"","seed_source_timestamp":0,"circlet_count":0,"master_deck":["Bash","Survivor","Zap","Defend_R","Defend_G","Defend_B","ForeignInfluence","Vengeance","EmptyFist","Panacea","Meditate","Wish","Ragnarok","Vault+1","Protect","Establishment","Consecrate+1","Protect+1","ClearTheMind+1","Wireheading","Halt","FlurryOfBlows","Worship+1","Establishment","DevaForm+1","FlyingSleeves","Devotion","Bite","Bite","Bite","Bite","Bite","Brilliance","CrushJoints","ConjureBlade","DeceiveReality","Crescendo","FearNoEvil","Worship","Madness","FollowUp+1","ThirdEye+1","Alpha","Wireheading+1","DevaForm","Sanctity+1","Alpha","Meditate+1","ForeignInfluence+1"],"special_seed":18190,"relics":["PureWater","Lantern","CaptainsWheel","Dream Catcher","Regal Pillow","Bag of Marbles","Sozu","Mummified Hand","Lee\u0027s Waffle","Red Mask","Tiny Chest","CeramicFish","HornCleat","PreservedInsect","SlaversCollar","Strange Spoon","Bronze Scales","Question Card","Eternal Feather","Peace Pipe","Turnip","Gambling Chip","Omamori"],"potions_floor_usage":[],"damage_taken":[{"damage":4.0,"enemies":"Jaw Worm","floor":1.0,"turns":4.0},{"damage":0.0,"enemies":"Cultist","floor":3.0,"turns":3.0},{"damage":0.0,"enemies":"2 Louse","floor":5.0,"turns":2.0},{"damage":26.0,"enemies":"Lagavulin","floor":6.0,"turns":6.0},{"damage":12.0,"enemies":"Gremlin Nob","floor":8.0,"turns":3.0},{"damage":16.0,"enemies":"Lagavulin","floor":13.0,"turns":6.0},{"damage":0.0,"enemies":"2 Fungi Beasts","floor":14.0,"turns":1.0},{"damage":49.0,"enemies":"Hexaghost","floor":16.0,"turns":8.0},{"damage":5.0,"enemies":"3 Byrds","floor":18.0,"turns":4.0},{"damage":11.0,"enemies":"2 Thieves","floor":19.0,"turns":4.0},{"damage":6.0,"enemies":"Centurion and Healer","floor":20.0,"turns":6.0},{"damage":0.0,"enemies":"Masked Bandits","floor":22.0,"turns":4.0},{"damage":8.0,"enemies":"Snake Plant","floor":24.0,"turns":6.0},{"damage":39.0,"enemies":"Book of Stabbing","floor":27.0,"turns":5.0},{"damage":63.0,"enemies":"Gremlin Leader","floor":29.0,"turns":8.0},{"damage":19.0,"enemies":"Slavers","floor":31.0,"turns":5.0},{"damage":52.0,"enemies":"Collector","floor":33.0,"turns":10.0},{"damage":7.0,"enemies":"Orb Walker","floor":35.0,"turns":3.0},{"damage":9.0,"enemies":"3 Darklings","floor":37.0,"turns":7.0},{"damage":8.0,"enemies":"Transient","floor":39.0,"turns":6.0},{"damage":30.0,"enemies":"Giant Head","floor":41.0,"turns":7.0},{"damage":29.0,"enemies":"Reptomancer","floor":44.0,"turns":7.0},{"damage":16.0,"enemies":"Mind Bloom Boss Battle","floor":45.0,"turns":8.0},{"damage":22.0,"enemies":"Nemesis","floor":46.0,"turns":8.0},{"damage":58.0,"enemies":"Spire Growth","floor":48.0,"turns":8.0},{"damage":47,"enemies":"Donu and Deca","floor":50,"turns":9}],"seed_played":"-3223743147139902098","potions_obtained":[{"floor":3.0,"key":"Strength Potion"},{"floor":8.0,"key":"FairyPotion"},{"floor":14.0,"key":"Swift Potion"},{"floor":16.0,"key":"DistilledChaos"}],"is_trial":false,"path_per_floor":["M","?","M","$","M","E","R","E","T","R","T","?","E","M","R","B",null,"M","M","M","$","?","R","M","?","T","E","R","E","?","E","R","B",null,"M","$","M","?","M","R","E","R","T","E","?","E","T","M","R","B",null],"character_chosen":"WATCHER","items_purchased":["Panacea","Wireheading","Mummified Hand","Halt","Lee\u0027s Waffle","FlurryOfBlows","Strange Spoon","Crescendo","FearNoEvil","Worship","Bronze Scales","Madness"],"campfire_rested":6,"item_purchase_floors":[4,21,21,21,21,21,36,36,36,36,36,36],"current_hp_per_floor":[68,68,68,68,68,42,63,51,51,72,72,72,56,56,56,7,72,67,56,50,79,79,79,71,71,71,32,70,7,7,16,47,41,55,52,52,51,51,49,49,25,55,55,31,33,40,40,3,55,31],"gold":403,"neow_bonus":"","is_prod":false,"is_daily":true,"chose_seed":false,"campfire_upgraded":3,"win_rate":0,"timestamp":1571655187,"path_taken":["M","?","M","$","M","E","R","E","T","R","?","?","E","M","R","BOSS","M","M","M","$","?","R","M","?","T","E","R","E","?","E","R","BOSS","M","$","M","?","M","R","E","R","T","E","?","E","?","M","R","BOSS"],"build_version":"2019-10-18","purchased_purges":1,"victory":true,"max_hp_per_floor":[72,72,72,72,72,72,72,72,72,72,72,72,72,72,72,72,72,72,72,72,79,79,79,79,79,79,79,79,79,55,55,55,55,55,55,55,55,55,55,55,55,55,55,55,55,55,55,55,55,55],"card_choices":[{"not_picked":["ClearTheMind","SandsOfTime"],"picked":"ForeignInfluence","floor":1.0},{"not_picked":["SashWhip","Worship"],"picked":"EmptyFist","floor":3.0},{"not_picked":["Study","Sanctity"],"picked":"Meditate","floor":5.0},{"not_picked":["Omniscience","Brilliance"],"picked":"Wish","floor":6.0},{"not_picked":["Brilliance","MasterReality"],"picked":"Ragnarok","floor":8.0},{"not_picked":["FollowUp","Halt"],"picked":"BowlingBash","floor":10.0},{"not_picked":["Judgement","MasterReality"],"picked":"Vault","floor":13.0},{"not_picked":["Collect","Indignation"],"picked":"Protect","floor":14.0},{"not_picked":["Alpha","Judgement"],"picked":"Establishment","floor":16.0},{"not_picked":["Halt","Nirvana"],"picked":"Consecrate+1","floor":18.0},{"not_picked":["Pray","PathToVictory"],"picked":"Protect+1","floor":19.0},{"not_picked":["ThirdEye","JustLucky"],"picked":"ClearTheMind+1","floor":20.0},{"not_picked":["Consecrate","CrushJoints+1"],"picked":"Worship","floor":22.0},{"not_picked":["Study","BowlingBash"],"picked":"Establishment","floor":24.0},{"not_picked":["Vault","ConjureBlade"],"picked":"DevaForm","floor":27.0},{"not_picked":["Indignation","Evaluate"],"picked":"FlyingSleeves","floor":28.0},{"not_picked":["Vault","Establishment"],"picked":"Devotion","floor":29.0},{"not_picked":["Vault","Judgement"],"picked":"Brilliance","floor":31.0},{"not_picked":["PathToVictory","BowlingBash"],"picked":"CrushJoints","floor":32.0},{"not_picked":["Judgement","Blasphemy"],"picked":"ConjureBlade","floor":33.0},{"not_picked":["ThirdEye","EmptyFist+1"],"picked":"DeceiveReality","floor":35.0},{"not_picked":["FlyingSleeves","LessonLearned"],"picked":"FollowUp+1","floor":37.0},{"not_picked":["EmptyFist","FollowUp"],"picked":"ThirdEye+1","floor":39.0},{"not_picked":["Vault","DeusExMachina"],"picked":"Alpha","floor":41.0},{"not_picked":["DeceiveReality","Consecrate+1","FearNoEvil"],"picked":"Wireheading+1","floor":42.0},{"not_picked":["Vault","Judgement","MasterReality"],"picked":"DevaForm","floor":44.0},{"not_picked":["Wallop","Crescendo+1","SashWhip"],"picked":"Sanctity+1","floor":45.0},{"not_picked":["ConjureBlade","Ragnarok","Devotion"],"picked":"Alpha","floor":46.0},{"not_picked":["FollowUp+1","FlyingSleeves","EmptyBody+1"],"picked":"Meditate+1","floor":48.0},{"not_picked":["JustLucky+1","Sanctity","SashWhip+1"],"picked":"ForeignInfluence+1","floor":49.0}],"player_experience":158137,"relics_obtained":[{"floor":6.0,"key":"Lantern"},{"floor":8.0,"key":"CaptainsWheel"},{"floor":9.0,"key":"Dream Catcher"},{"floor":11.0,"key":"Regal Pillow"},{"floor":13.0,"key":"Bag of Marbles"},{"floor":22.0,"key":"Red Mask"},{"floor":26.0,"key":"Tiny Chest"},{"floor":27.0,"key":"CeramicFish"},{"floor":29.0,"key":"HornCleat"},{"floor":31.0,"key":"PreservedInsect"},{"floor":41.0,"key":"Question Card"},{"floor":43.0,"key":"Eternal Feather"},{"floor":44.0,"key":"Peace Pipe"},{"floor":45.0,"key":"Turnip"},{"floor":46.0,"key":"Gambling Chip"},{"floor":47.0,"key":"Omamori"}],"event_choices":[{"damage_healed":0.0,"max_hp_gain":0.0,"max_hp_loss":0.0,"gold_gain":0.0,"cards_transformed":["Strike_G"],"event_name":"Living Wall","player_choice":"Change","floor":2.0,"gold_loss":0.0,"damage_taken":0.0,"cards_obtained":["Vengeance"]},{"damage_healed":0.0,"max_hp_gain":0.0,"max_hp_loss":0.0,"gold_gain":275.0,"event_name":"Golden Shrine","player_choice":"Desecrate","floor":12.0,"gold_loss":0.0,"damage_taken":0.0,"cards_obtained":["Regret"]},{"damage_healed":0.0,"max_hp_gain":0.0,"max_hp_loss":0.0,"gold_gain":0.0,"event_name":"Masked Bandits","player_choice":"Fought Bandits","floor":22.0,"gold_loss":0.0,"damage_taken":0.0},{"damage_healed":0.0,"max_hp_gain":0.0,"max_hp_loss":0.0,"gold_gain":0.0,"event_name":"Beggar","player_choice":"Ignored","floor":25.0,"gold_loss":0.0,"damage_taken":0.0},{"damage_healed":0.0,"max_hp_gain":0.0,"max_hp_loss":24.0,"gold_gain":0.0,"event_name":"Vampires","player_choice":"Became a vampire","floor":30.0,"gold_loss":0.0,"damage_taken":0.0,"cards_obtained":["Bite","Bite","Bite","Bite","Bite"]},{"cards_removed":["BowlingBash"],"damage_healed":0.0,"max_hp_gain":0.0,"max_hp_loss":0.0,"gold_gain":0.0,"event_name":"Falling","player_choice":"Removed Attack","floor":38.0,"gold_loss":0.0,"damage_taken":0.0},{"damage_healed":0.0,"max_hp_gain":0.0,"max_hp_loss":0.0,"gold_gain":0.0,"event_name":"MindBloom","player_choice":"Fight","floor":45.0,"gold_loss":0.0,"damage_taken":0.0}],"is_beta":true,"boss_relics":[{"not_picked":["Snecko Eye","Busted Crown"],"picked":"Sozu"},{"not_picked":["Coffee Dripper","Cursed Key"],"picked":"SlaversCollar"}],"items_purged_floors":[21],"is_endless":false,"potions_floor_spawned":[3,8,14,16,18,20,31,33,37,44,45,48],"ascension_level":0}