{"gold_per_floor":[118,129,29,46,46,72,0,0,0,10,10,41,55,70,70,173,173,193,74,88,100,15,15,46,46,70,82,194,222,234,257,269,383,395,419,431,463,491,9,9,26,41,41,69,69,80,98,114,114,114,114,114,40,68,68],"floor_reached":56,"playtime":6387,"items_purged":["Strike_R"],"score":1213,"play_id":"47655e8f-4a34-403e-8ca9-b97e9e422a10","local_time":"20191021223435","is_ascension_mode":false,"campfire_choices":[{"floor":8.0,"key":"REST"},{"data":"Hemokinesis","floor":11.0,"key":"SMITH"},{"data":"True Grit","floor":15.0,"key":"SMITH"},{"data":"Flame Barrier","floor":23,"key":"SMITH"},{"data":"Flame Barrier","floor":25,"key":"SMITH"},{"data":"Demon Form","floor":27,"key":"SMITH"},{"data":"Berserk","floor":32,"key":"SMITH"},{"floor":40,"key":"RECALL"},{"floor":45,"key":"REST"},{"floor":49,"key":"REST"},{"floor":52,"key":"REST"}],"neow_cost":"NONE","seed_source_timestamp":0,"circlet_count":0,"master_deck":["Strike_R","Strike_R","Defend_R","Defend_R","Defend_R","Defend_R","Bash","Hemokinesis+1","Iron Wave","Shrug It Off","Reaper","Flame Barrier+1","Reaper","Inflame","Headbutt","True Grit+1","Flame Barrier+1","Demon Form+1","Cleave","Rupture","Bloodletting+1","Whirlwind+1","Clothesline+1","Berserk+1","Limit Break","Shockwave+1","Shrug It Off+1","Heavy Blade+1","Spot Weakness","Ghostly Armor"],"special_seed":0,"relics":["Burning Blood","Bag of Marbles","Pear","Pen Nib","Boot","Sozu","Gremlin Horn","Omamori","MawBank","Mango","Meat on the Bone","WarpedTongs","Fusion Hammer","Singing Bowl","Dodecahedron","Bottled Tornado","Self Forming Clay"],"potions_floor_usage":[20,24],"damage_taken":[{"damage":2.0,"enemies":"2 Louse","floor":1.0,"turns":3.0},{"damage":10.0,"enemies":"Small Slimes","floor":2.0,"turns":3.0},{"damage":3.0,"enemies":"Cultist","floor":4.0,"turns":2.0},{"damage":64.0,"enemies":"Lagavulin","floor":6.0,"turns":11.0},{"damage":8.0,"enemies":"Looter","floor":10.0,"turns":2.0},{"damage":3.0,"enemies":"Gremlin Nob","floor":12.0,"turns":3.0},{"damage":8.0,"enemies":"Exordium Wildlife","floor":13.0,"turns":5.0},{"damage":22.0,"enemies":"3 Louse","floor":14.0,"turns":3.0},{"damage":40.0,"enemies":"Slime Boss","floor":16.0,"turns":11.0},{"damage":18,"enemies":"Shell Parasite","floor":18,"turns":7},{"damage":9,"enemies":"Chosen","floor":20,"turns":6},{"damage":28,"enemies":"Sentry and Sphere","floor":21,"turns":7},{"damage":29,"enemies":"Book of Stabbing","floor":24,"turns":5},{"damage":36,"enemies":"Colosseum Slavers","floor":28,"turns":6},{"damage":26,"enemies":"Colosseum Nobs","floor":28,"turns":4},{"damage":6,"enemies":"Snecko","floor":29,"turns":4},{"damage":26,"enemies":"Centurion and Healer","floor":31,"turns":4},{"damage":46,"enemies":"Collector","floor":33,"turns":7},{"damage":11,"enemies":"Orb Walker","floor":35,"turns":3},{"damage":41,"enemies":"3 Darklings","floor":37,"turns":4},{"damage":20,"enemies":"Maw","floor":38,"turns":6},{"damage":7,"enemies":"Jaw Worm Horde","floor":41,"turns":3},{"damage":0,"enemies":"3 Darklings","floor":42,"turns":1},{"damage":47,"enemies":"Reptomancer","floor":44,"turns":5},{"damage":27,"enemies":"Sphere and 2 Shapes","floor":46,"turns":4},{"damage":40,"enemies":"Writhing Mass","floor":47,"turns":3},{"damage":17,"enemies":"Jaw Worm Horde","floor":48,"turns":3},{"damage":15,"enemies":"Donu and Deca","floor":50,"turns":3},{"damage":81,"enemies":"Shield and Spear","floor":54,"turns":6},{"damage":91,"enemies":"The Heart","floor":55,"turns":8}],"seed_played":"1000692894223095187","potions_obtained":[{"floor":2.0,"key":"GamblersBrew"},{"floor":4.0,"key":"LiquidBronze"},{"floor":10.0,"key":"Poison Potion"},{"floor":12.0,"key":"Swift Potion"}],"is_trial":false,"path_per_floor":["M","M","$","M","?","E","$","R","T","M","R","E","M","M","R","B",null,"M","$","M","M","?","R","E","R","T","R","?","M","?","M","R","B",null,"M","?","M","M","$","R","M","M","T","E","R","M","M","M","R","B",null,"R","$","E","B",null],"character_chosen":"IRONCLAD","items_purchased":["Shrug It Off","Inflame","Cleave","Rupture","Singing Bowl","Dodecahedron","Ghostly Armor"],"campfire_rested":4,"item_purchase_floors":[3,7,19,19,39,39,53],"current_hp_per_floor":[80,76,76,79,79,35,35,62,62,60,60,69,76,85,85,69,90,90,90,89,70,70,70,53,53,53,53,77,92,92,83,83,55,104,101,101,104,104,104,104,105,106,106,96,108,108,95,96,108,99,108,108,108,81,30],"gold":68,"neow_bonus":"RANDOM_COMMON_RELIC","is_prod":false,"is_daily":false,"chose_seed":false,"campfire_upgraded":6,"win_rate":0,"timestamp":1571711675,"path_taken":["M","M","$","M","?","E","$","R","T","M","R","E","M","M","R","BOSS","M","$","M","M","?","R","E","R","T","R","?","M","?","?","R","BOSS","M","?","M","M","$","R","M","M","T","E","R","M","M","M","R","BOSS","R","$","E","BOSS"],"build_version":"2019-07-17","purchased_purges":1,"victory":true,"max_hp_per_floor":[80,80,80,80,80,90,90,90,90,90,90,90,90,90,90,90,90,90,90,90,90,90,90,90,90,90,90,104,104,104,104,104,104,104,104,104,104,104,104,104,106,106,106,108,108,108,108,108,108,108,108,108,108,110,110],"card_choices":[{"not_picked":["Twin Strike","Anger"],"picked":"Hemokinesis","floor":1.0},{"not_picked":["Body Slam","Flex"],"picked":"Iron Wave","floor":2.0},{"not_picked":["Disarm","Ghostly Armor"],"picked":"Reaper","floor":4.0},{"not_picked":["Perfected Strike","Combust"],"picked":"Reaper","floor":6.0},{"not_picked":["Clash","Rage"],"picked":"Headbutt","floor":10.0},{"not_picked":["Clothesline","Blood for Blood","Warcry"],"picked":"SKIP","floor":12.0},{"not_picked":["Havoc","Bloodletting"],"picked":"True Grit","floor":13.0},{"not_picked":["Armaments","Burning Pact"],"picked":"Flame Barrier","floor":14.0},{"not_picked":["Double Tap","Feed"],"picked":"Demon Form","floor":16.0},{"not_picked":["Body Slam","Anger","Twin Strike"],"picked":"SKIP","floor":18},{"not_picked":["Rupture","Seeing Red+1"],"picked":"Bloodletting+1","floor":20},{"not_picked":["Heavy Blade","Shrug It Off"],"picked":"Whirlwind+1","floor":21},{"not_picked":["Dropkick","Iron Wave+1","Havoc"],"picked":"SKIP","floor":24},{"not_picked":["Pommel Strike+1","Wild Strike"],"picked":"Clothesline+1","floor":28},{"not_picked":["Thunderclap","Perfected Strike"],"picked":"Berserk","floor":29},{"not_picked":["Flex+1","Inflame","Armaments"],"picked":"SKIP","floor":31},{"not_picked":["Bludgeon","Offering"],"picked":"Limit Break","floor":33},{"not_picked":["Warcry","Armaments","Wild Strike+1"],"picked":"SKIP","floor":35},{"not_picked":["Cleave+1","Perfected Strike+1","Flex"],"picked":"SKIP","floor":37},{"not_picked":["Sentinel+1","Flex+1","Anger+1"],"picked":"SKIP","floor":38},{"not_picked":["Havoc+1","Clothesline","Offering"],"picked":"Singing Bowl","floor":41},{"not_picked":["Sword Boomerang+1","Seeing Red"],"picked":"Shockwave+1","floor":42},{"not_picked":["Wild Strike","Armaments","Body Slam"],"picked":"Singing Bowl","floor":44},{"not_picked":["Cleave","Reaper"],"picked":"Shrug It Off+1","floor":46},{"not_picked":["Shrug It Off","Dropkick"],"picked":"Heavy Blade+1","floor":47},{"not_picked":["Flex+1","Fire Breathing+1"],"picked":"Spot Weakness","floor":48},{"not_picked":["Sever Soul+1","Second Wind+1","Havoc"],"picked":"Singing Bowl","floor":54}],"player_experience":642250,"relics_obtained":[{"floor":6.0,"key":"Pear"},{"floor":9.0,"key":"Pen Nib"},{"floor":12.0,"key":"Boot"},{"floor":24,"key":"Omamori"},{"floor":26,"key":"MawBank"},{"floor":28,"key":"Mango"},{"floor":28,"key":"Meat on the Bone"},{"floor":44,"key":"Bottled Tornado"},{"floor":54,"key":"Self Forming Clay"}],"event_choices":[{"damage_healed":0.0,"max_hp_gain":0.0,"max_hp_loss":0.0,"gold_gain":0.0,"cards_transformed":["Strike_R"],"event_name":"Living Wall","player_choice":"Change","floor":5.0,"gold_loss":0.0,"damage_taken":0.0,"cards_obtained":["Flame Barrier"]},{"damage_healed":0,"gold_gain":0,"player_choice":"Obtained Relic","damage_taken":0,"relics_obtained":["Gremlin Horn"],"max_hp_gain":0,"max_hp_loss":0,"event_name":"Addict","floor":22,"gold_loss":85},{"damage_healed":0,"gold_gain":0,"player_choice":"Fight","damage_taken":0,"max_hp_gain":0,"max_hp_loss":0,"event_name":"Colosseum","floor":28,"gold_loss":0},{"damage_healed":0,"gold_gain":0,"player_choice":"Fought Nobs","damage_taken":0,"max_hp_gain":0,"max_hp_loss":0,"event_name":"Colosseum","floor":28,"gold_loss":0},{"damage_healed":0,"gold_gain":0,"player_choice":"Rummage","damage_taken":0,"relics_obtained":["WarpedTongs"],"max_hp_gain":0,"max_hp_loss":0,"event_name":"Accursed Blacksmith","floor":30,"gold_loss":0,"cards_obtained":["Pain"]},{"cards_removed":["Strike_R"],"damage_healed":0,"gold_gain":0,"player_choice":"Removed Attack","damage_taken":0,"max_hp_gain":0,"max_hp_loss":0,"event_name":"Falling","floor":36,"gold_loss":0}],"is_beta":false,"boss_relics":[{"not_picked":["Empty Cage","Eternal Feather"],"picked":"Sozu"},{"not_picked":["Runic Dome","Snecko Eye"],"picked":"Fusion Hammer"}],"items_purged_floors":[3],"is_endless":false,"potions_floor_spawned":[2,4,10,12,20,21,28,33,35,41,42,46,47,54],"ascension_level":0}