{"gold_per_floor":[109,121,46,65,65,100,100,75,75,91,91,106,131,150,150,252,252,270,369,16,36,36,63,79,79,103,103,103,115,115,148,148,250,250,264,314,314,414,424,424,194,194,194,194,194,194,223,1,1,1,1,1,1,27,27],"floor_reached":55,"playtime":5099,"items_purged":["Strike_R","Brutality"],"score":953,"play_id":"06b9522d-cc1a-4668-9a2c-6f2e4bad69b7","local_time":"20191017214549","is_ascension_mode":true,"campfire_choices":[{"data":"Searing Blow","floor":7,"key":"SMITH"},{"data":"Armaments","floor":11,"key":"SMITH"},{"data":"Searing Blow+1","floor":15,"key":"SMITH"},{"data":"1","floor":25,"key":"LIFT"},{"data":"2","floor":27,"key":"LIFT"},{"data":"3","floor":30,"key":"LIFT"},{"data":"Searing Blow+2","floor":32,"key":"SMITH"},{"floor":40,"key":"RECALL"},{"data":"Searing Blow+3","floor":42,"key":"SMITH"},{"data":"Searing Blow+4","floor":44,"key":"SMITH"},{"data":"Searing Blow+5","floor":45,"key":"SMITH"},{"data":"Searing Blow+6","floor":46,"key":"SMITH"},{"data":"Searing Blow+7","floor":49,"key":"SMITH"},{"data":"Searing Blow+8","floor":52,"key":"SMITH"}],"neow_cost":"NONE","seed_source_timestamp":676855746346184,"circlet_count":0,"master_deck":["Strike_R+1","Defend_R+1","Defend_R+1","Defend_R+1","Defend_R+1","Bash","Sword Boomerang","Searing Blow+9","Spot Weakness","Whirlwind","Armaments+1","Shrug It Off","Heavy Blade","Barricade","Shockwave","Apotheosis","Power Through+1","Ghostly","Ghostly","Ghostly","Ghostly","Ghostly","Limit Break","Battle Trance","Enlightenment","Metallicize","Evolve+1","Feel No Pain"],"relics":["Burning Blood","Red Skull","Question Card","Pantograph","StoneCalendar","Busted Crown","PreservedInsect","Girya","Bronze Scales","Bird Faced Urn","Empty Cage","WingedGreaves","Unceasing Top","Vajra","Centennial Puzzle","Happy Flower"],"potions_floor_usage":[12,13,16,18,23,24,31,55,55,55],"damage_taken":[{"damage":1,"enemies":"Cultist","floor":1,"turns":3},{"damage":4,"enemies":"2 Louse","floor":2,"turns":3},{"damage":0,"enemies":"Small Slimes","floor":4,"turns":3},{"damage":25,"enemies":"3 Sentries","floor":6,"turns":6},{"damage":13,"enemies":"Looter","floor":10,"turns":4},{"damage":6,"enemies":"Exordium Wildlife","floor":12,"turns":3},{"damage":20,"enemies":"Lagavulin","floor":13,"turns":5},{"damage":6,"enemies":"3 Louse","floor":14,"turns":2},{"damage":39,"enemies":"Slime Boss","floor":16,"turns":7},{"damage":20,"enemies":"Spheric Guardian","floor":18,"turns":6},{"damage":12,"enemies":"Chosen","floor":21,"turns":3},{"damage":7,"enemies":"Slavers","floor":23,"turns":3},{"damage":10,"enemies":"Centurion and Healer","floor":24,"turns":6},{"damage":8,"enemies":"Cultist and Chosen","floor":29,"turns":4},{"damage":2,"enemies":"Book of Stabbing","floor":31,"turns":5},{"damage":41,"enemies":"Collector","floor":33,"turns":11},{"damage":1,"enemies":"Orb Walker","floor":35,"turns":3},{"damage":2,"enemies":"2 Orb Walkers","floor":36,"turns":5},{"damage":0,"enemies":"Mind Bloom Boss Battle","floor":38,"turns":5},{"damage":13,"enemies":"3 Darklings","floor":39,"turns":6},{"damage":11,"enemies":"Giant Head","floor":47,"turns":6},{"damage":22,"enemies":"Awakened One","floor":50,"turns":8},{"damage":1,"enemies":"Shield and Spear","floor":54,"turns":5},{"damage":42,"enemies":"The Heart","floor":55,"turns":6}],"seed_played":"6533378591852435197","potions_obtained":[{"floor":4,"key":"Poison Potion"},{"floor":6,"key":"Swift Potion"},{"floor":10,"key":"EssenceOfSteel"},{"floor":13,"key":"Block Potion"},{"floor":18,"key":"AttackPotion"},{"floor":21,"key":"SteroidPotion"},{"floor":24,"key":"Poison Potion"},{"floor":38,"key":"Dexterity Potion"},{"floor":54,"key":"Block Potion"}],"is_trial":false,"path_per_floor":["M","M","$","M","?","E","R","$","T","M","R","M","E","M","R","B",null,"M","?","$","M","?","E","M","R","T","R","?","M","R","E","R","B",null,"M","?","?","?","M","R","$","R","T","R","R","R","E","$","R","B",null,"R","$","E","B"],"character_chosen":"IRONCLAD","items_purchased":["Armaments","Apotheosis","PreservedInsect","Vajra","Metallicize","Weak Potion","Feel No Pain"],"campfire_rested":0,"item_purchase_floors":[8,20,20,41,41,48,48],"current_hp_per_floor":[77,79,79,80,73,54,54,54,54,47,47,47,33,33,33,25,66,52,52,52,46,46,45,41,41,41,41,40,38,38,40,40,7,32,37,40,35,40,35,35,35,35,35,35,35,35,30,30,30,26,37,37,37,40,0],"gold":27,"neow_bonus":"RANDOM_COMMON_RELIC","is_prod":false,"is_daily":false,"chose_seed":false,"campfire_upgraded":10,"win_rate":0,"timestamp":1571363149,"path_taken":["M","M","?","M","?","E","R","$","T","M","R","M","E","M","R","BOSS","M","?","$","M","?","E","M","R","T","R","?","M","R","E","R","BOSS","M","?","?","?","M","R","$","R","T","R","R","R","E","$","R","BOSS","R","$","E","BOSS"],"build_version":"2019-07-17","purchased_purges":2,"victory":false,"max_hp_per_floor":[80,80,80,80,80,80,80,80,80,80,80,80,80,80,80,80,80,80,80,80,80,80,80,80,80,80,80,40,40,40,40,40,40,40,40,40,40,40,40,40,40,40,40,40,40,40,40,40,40,40,40,40,40,40,40],"card_choices":[{"not_picked":["Twin Strike","Pommel Strike"],"picked":"Sword Boomerang","floor":1},{"not_picked":["Dropkick","Entrench"],"picked":"Searing Blow","floor":2},{"not_picked":["Dual Wield","Clash"],"picked":"Spot Weakness","floor":4},{"not_picked":["Sever Soul","Uppercut"],"picked":"Whirlwind","floor":6},{"not_picked":["Havoc","Blood for Blood","Body Slam"],"picked":"Shrug It Off","floor":10},{"not_picked":["Second Wind","Clothesline","Iron Wave"],"picked":"Brutality","floor":12},{"not_picked":["Havoc","Clash","Body Slam"],"picked":"Heavy Blade","floor":13},{"not_picked":["Warcry","Anger","Whirlwind","Fire Breathing"],"picked":"SKIP","floor":14},{"not_picked":["Demon Form","Fiend Fire","Brutality"],"picked":"Barricade","floor":16},{"not_picked":["Reckless Charge"],"picked":"Shockwave","floor":18},{"not_picked":["Body Slam+1"],"picked":"Power Through+1","floor":21},{"not_picked":["Anger+1","Heavy Blade"],"picked":"SKIP","floor":23},{"not_picked":["Flex","Twin Strike"],"picked":"SKIP","floor":24},{"not_picked":["Cleave","Sword Boomerang"],"picked":"SKIP","floor":29},{"not_picked":["Flex","Warcry"],"picked":"SKIP","floor":31},{"not_picked":["Demon Form"],"picked":"Limit Break","floor":33},{"not_picked":["Clash"],"picked":"Battle Trance","floor":35},{"not_picked":["Metamorphosis"],"picked":"Enlightenment","floor":37},{"not_picked":["Searing Blow+1","Warcry"],"picked":"SKIP","floor":39},{"not_picked":["Feel No Pain"],"picked":"Evolve+1","floor":47},{"not_picked":["Combust","Corruption"],"picked":"SKIP","floor":54}],"player_experience":569625,"relics_obtained":[{"floor":6,"key":"Question Card"},{"floor":9,"key":"Pantograph"},{"floor":13,"key":"StoneCalendar"},{"floor":23,"key":"Girya"},{"floor":26,"key":"Bronze Scales"},{"floor":31,"key":"Bird Faced Urn"},{"floor":36,"key":"WingedGreaves"},{"floor":38,"key":"Unceasing Top"},{"floor":47,"key":"Centennial Puzzle"},{"floor":54,"key":"Happy Flower"}],"event_choices":[{"cards_removed":["Strike_R"],"damage_healed":0,"gold_gain":0,"player_choice":"Card Removal","damage_taken":7,"max_hp_gain":0,"max_hp_loss":0,"event_name":"Golden Wing","floor":5,"gold_loss":0},{"damage_healed":0,"gold_gain":99,"player_choice":"Stole From Cult","damage_taken":0,"max_hp_gain":0,"max_hp_loss":0,"event_name":"Nest","floor":19,"gold_loss":0},{"damage_healed":0,"gold_gain":0,"player_choice":"Simplicity","damage_taken":0,"max_hp_gain":0,"max_hp_loss":0,"event_name":"Back to Basics","floor":22,"gold_loss":0,"cards_upgraded":["Strike_R","Strike_R","Strike_R","Defend_R","Defend_R","Defend_R","Defend_R"]},{"damage_healed":0,"gold_gain":0,"player_choice":"Became a Ghost","damage_taken":0,"max_hp_gain":0,"max_hp_loss":40,"event_name":"Ghosts","floor":28,"gold_loss":0,"cards_obtained":["Ghostly","Ghostly","Ghostly","Ghostly","Ghostly"]},{"damage_healed":0,"gold_gain":0,"player_choice":"Fight","damage_taken":0,"max_hp_gain":0,"max_hp_loss":0,"event_name":"Mysterious Sphere","floor":36,"gold_loss":0},{"damage_healed":0,"gold_gain":0,"player_choice":"Memory 2","damage_taken":5,"max_hp_gain":0,"max_hp_loss":0,"event_name":"SensoryStone","floor":37,"gold_loss":0},{"damage_healed":0,"gold_gain":0,"player_choice":"Fight","damage_taken":0,"max_hp_gain":0,"max_hp_loss":0,"event_name":"MindBloom","floor":38,"gold_loss":0}],"is_beta":false,"boss_relics":[{"not_picked":["Calling Bell","Astrolabe"],"picked":"Busted Crown"},{"not_picked":["Fusion Hammer","Runic Dome"],"picked":"Empty Cage"}],"items_purged_floors":[3,48],"is_endless":false,"potions_floor_spawned":[4,6,10,13,18,21,24,38,54],"killed_by":"The Heart","ascension_level":6}