{"gold_per_floor":[111,121,132,149,167,167,201,183,207,207,207,222,235,264,264,366,366,379,379,50,63,63,90,90,101,101,119,119,145,179,179,179,274,274,294,294,308,318,130,159,178,178,178,188,214,224,224,239,239,239,239,239,9,41,41],"floor_reached":55,"playtime":8227,"items_purged":[],"score":803,"play_id":"c5527be8-2ea1-4e3c-85c5-86d0dd34d9ef","local_time":"20191025133644","is_ascension_mode":true,"campfire_choices":[{"floor":6.0,"key":"RECALL"},{"floor":10.0,"key":"REST"},{"data":"Limit Break","floor":15.0,"key":"SMITH"},{"floor":24.0,"key":"REST"},{"data":"Barricade","floor":28.0,"key":"SMITH"},{"data":"Reaper","floor":32.0,"key":"SMITH"},{"floor":47.0,"key":"REST"},{"floor":49.0,"key":"REST"},{"data":"Berserk","floor":52.0,"key":"SMITH"}],"neow_cost":"NONE","seed_source_timestamp":92920174886100,"circlet_count":0,"master_deck":["Strike_R","Strike_R","Strike_R","Strike_R","Strike_R","Defend_R","Defend_R","Defend_R","Defend_R","Bash","Shrug It Off","Evolve","Entrench","Limit Break+1","Flex","Fiend Fire+1","Feel No Pain","Warcry","Bandage Up","Inflame","Flex","Intimidate","Barricade+1","Heavy Blade","Metallicize","Impervious","Wild Strike+1","Thunderclap+1","Reaper+1","Combust","Carnage","True Grit","Berserk+1","Wild Strike","Ghostly Armor+1","Warcry+1","Blood for Blood+1","Rupture","Fiend Fire","Dual Wield","Flex+1","Rage","Shrug It Off+1","Metamorphosis","Battle Trance","Inflame","Whirlwind","Bloodletting","Inflame+1","Immolate","Headbutt+1","Dropkick+1","Ghostly Armor","Barricade"],"special_seed":0,"relics":["Burning Blood","StoneCalendar","Tiny Chest","Odd Mushroom","Runic Pyramid","Vajra","Kunai","Ornamental Fan","Akabeko","Red Mask","Prayer Wheel","Velvet Choker","Shuriken","Lee\u0027s Waffle","Regal Pillow","Pantograph","Dream Catcher","Anchor","Whetstone"],"potions_floor_usage":[55],"damage_taken":[{"damage":6.0,"enemies":"Cultist","floor":1.0,"turns":5.0},{"damage":11.0,"enemies":"Jaw Worm","floor":2.0,"turns":8.0},{"damage":9.0,"enemies":"2 Louse","floor":3.0,"turns":3.0},{"damage":5.0,"enemies":"Large Slime","floor":4.0,"turns":8.0},{"damage":6.0,"enemies":"Red Slaver","floor":5.0,"turns":5.0},{"damage":26.0,"enemies":"3 Sentries","floor":7.0,"turns":10.0},{"damage":7.0,"enemies":"Exordium Thugs","floor":8.0,"turns":4.0},{"damage":4.0,"enemies":"Blue Slaver","floor":12.0,"turns":5.0},{"damage":5.0,"enemies":"Looter","floor":13.0,"turns":3.0},{"damage":27.0,"enemies":"The Mushroom Lair","floor":14.0,"turns":6.0},{"damage":61.0,"enemies":"Hexaghost","floor":16.0,"turns":10.0},{"damage":2.0,"enemies":"Spheric Guardian","floor":18.0,"turns":3.0},{"damage":15.0,"enemies":"2 Thieves","floor":21.0,"turns":4.0},{"damage":36.0,"enemies":"Slavers","floor":23.0,"turns":6.0},{"damage":0.0,"enemies":"Snake Plant","floor":25.0,"turns":3.0},{"damage":17.0,"enemies":"Chosen and Byrds","floor":27.0,"turns":7.0},{"damage":49.0,"enemies":"Book of Stabbing","floor":29.0,"turns":5.0},{"damage":20.0,"enemies":"Masked Bandits","floor":30.0,"turns":6.0},{"damage":89.0,"enemies":"Collector","floor":33.0,"turns":9.0},{"damage":21.0,"enemies":"3 Darklings","floor":35.0,"turns":5.0},{"damage":3.0,"enemies":"Orb Walker","floor":37.0,"turns":4.0},{"damage":30.0,"enemies":"Transient","floor":38.0,"turns":5.0},{"damage":92.0,"enemies":"Giant Head","floor":40.0,"turns":10.0},{"damage":43.0,"enemies":"Writhing Mass","floor":41.0,"turns":6.0},{"damage":29.0,"enemies":"Spire Growth","floor":44.0,"turns":6.0},{"damage":27.0,"enemies":"Jaw Worm Horde","floor":46.0,"turns":6.0},{"damage":25.0,"enemies":"Transient","floor":48.0,"turns":5.0},{"damage":65.0,"enemies":"Donu and Deca","floor":50.0,"turns":7.0},{"damage":69.0,"enemies":"Shield and Spear","floor":54.0,"turns":7.0},{"damage":100,"enemies":"The Heart","floor":55,"turns":6}],"seed_played":"-729154008412568502","potions_obtained":[{"floor":2.0,"key":"SneckoOil"},{"floor":3.0,"key":"PowerPotion"},{"floor":8.0,"key":"Dexterity Potion"},{"floor":12.0,"key":"LiquidMemories"},{"floor":14.0,"key":"GamblersBrew"},{"floor":18.0,"key":"Ancient Potion"},{"floor":21.0,"key":"LiquidMemories"},{"floor":27.0,"key":"Fruit Juice"},{"floor":29.0,"key":"DistilledChaos"},{"floor":35.0,"key":"DuplicationPotion"},{"floor":40.0,"key":"BloodPotion"},{"floor":41.0,"key":"Block Potion"},{"floor":48.0,"key":"SpeedPotion"},{"floor":54.0,"key":"Block Potion"}],"is_trial":false,"path_per_floor":["M","M","M","M","M","R","E","M","T","R","?","M","M","?","R","B",null,"M","T","$","M","$","E","R","M","T","M","R","E","?","T","R","B",null,"M","T","M","M","$","E","M","?","T","M","T","M","R","M","R","B",null,"R","$","E","B"],"character_chosen":"IRONCLAD","items_purchased":["Vajra","Metallicize","Impervious","Dual Wield","Lee\u0027s Waffle","Anchor","Ghostly Armor"],"campfire_rested":4,"item_purchase_floors":[20,20,20,39,39,53,53],"current_hp_per_floor":[88,83,80,81,81,81,61,60,60,86,86,88,88,71,71,20,88,88,88,88,83,83,57,83,88,88,91,91,66,70,70,70,27,93,78,78,93,73,100,61,48,48,48,35,35,39,84,65,100,45,100,100,100,41,0],"gold":41,"neow_bonus":"TEN_PERCENT_HP_BONUS","is_prod":false,"is_daily":false,"chose_seed":false,"campfire_upgraded":4,"win_rate":0,"timestamp":1572025004,"path_taken":["M","M","M","M","M","R","E","M","T","R","?","?","M","?","R","BOSS","M","?","$","M","?","E","R","M","T","?","R","E","?","?","R","BOSS","M","?","M","M","?","E","M","?","T","M","?","?","R","M","R","BOSS","R","$","E","BOSS"],"build_version":"2019-10-24","purchased_purges":0,"victory":false,"max_hp_per_floor":[88,88,88,88,88,88,88,88,88,88,88,88,88,88,88,88,88,88,88,88,88,88,88,88,88,88,93,93,93,93,93,93,93,93,93,93,93,93,100,100,100,100,100,100,100,100,100,100,100,100,100,100,100,100,100],"card_choices":[{"not_picked":["Body Slam","Twin Strike"],"picked":"Shrug It Off","floor":1.0},{"not_picked":["Warcry","Heavy Blade"],"picked":"Evolve","floor":2.0},{"not_picked":["Iron Wave","Havoc"],"picked":"Entrench","floor":3.0},{"not_picked":["Carnage","Headbutt"],"picked":"Limit Break","floor":4.0},{"not_picked":["Sever Soul","Perfected Strike"],"picked":"Flex","floor":5.0},{"not_picked":["Ghostly Armor","Thunderclap"],"picked":"Fiend Fire","floor":7.0},{"not_picked":["Perfected Strike","Searing Blow"],"picked":"Feel No Pain","floor":8.0},{"not_picked":["Disarm","Warcry"],"picked":"Inflame","floor":12.0},{"not_picked":["Sentinel","Clash"],"picked":"Flex","floor":13.0},{"not_picked":["Perfected Strike","Thunderclap"],"picked":"Intimidate","floor":14.0},{"not_picked":["Fiend Fire","Juggernaut"],"picked":"Barricade","floor":16.0},{"not_picked":["Cleave","Anger"],"picked":"Heavy Blade","floor":18.0},{"not_picked":["Twin Strike","Warcry+1"],"picked":"Wild Strike","floor":21.0},{"not_picked":["Perfected Strike","Uppercut"],"picked":"Thunderclap+1","floor":23.0},{"not_picked":["Perfected Strike+1","Shrug It Off"],"picked":"Reaper","floor":25.0},{"not_picked":["Thunderclap","Clash"],"picked":"Combust","floor":27.0},{"not_picked":["Armaments","Perfected Strike"],"picked":"Carnage","floor":29.0},{"not_picked":["Perfected Strike","Anger"],"picked":"True Grit","floor":30.0},{"not_picked":["Demon Form","Juggernaut"],"picked":"Berserk","floor":33.0},{"not_picked":["Thunderclap","Shrug It Off"],"picked":"Wild Strike","floor":35.0},{"not_picked":["Bloodletting","Battle Trance"],"picked":"Ghostly Armor+1","floor":35.0},{"not_picked":["Dark Embrace","Armaments"],"picked":"Warcry+1","floor":37.0},{"not_picked":["Havoc","Warcry+1"],"picked":"Blood for Blood+1","floor":37.0},{"not_picked":["Cleave","Thunderclap"],"picked":"Rupture","floor":38.0},{"not_picked":["Anger+1","Perfected Strike+1"],"picked":"Fiend Fire","floor":38.0},{"not_picked":["Armaments","Thunderclap+1"],"picked":"Flex+1","floor":40.0},{"not_picked":["Havoc","Clash"],"picked":"Rage","floor":41.0},{"not_picked":["Flex","Pommel Strike"],"picked":"Shrug It Off+1","floor":41.0},{"not_picked":["Swift Strike","Impatience"],"picked":"Metamorphosis","floor":42.0},{"not_picked":["Sword Boomerang+1","Perfected Strike"],"picked":"Battle Trance","floor":44.0},{"not_picked":["Perfected Strike+1","Sword Boomerang+1"],"picked":"Inflame","floor":44.0},{"not_picked":["Warcry+1","Inflame"],"picked":"Whirlwind","floor":46.0},{"not_picked":["Flex","Warcry+1"],"picked":"Bloodletting","floor":46.0},{"not_picked":["Sever Soul","Hemokinesis+1"],"picked":"Inflame+1","floor":47.0},{"not_picked":["Heavy Blade","Burning Pact"],"picked":"Immolate","floor":48.0},{"not_picked":["Pommel Strike+1","Anger+1"],"picked":"Headbutt+1","floor":48.0},{"not_picked":["Anger+1","Sever Soul"],"picked":"Dropkick+1","floor":49.0},{"not_picked":["Armaments+1","Ghostly Armor+1"],"picked":"Barricade","floor":54.0}],"player_experience":205255,"relics_obtained":[{"floor":7.0,"key":"StoneCalendar"},{"floor":9.0,"key":"Tiny Chest"},{"floor":14.0,"key":"Odd Mushroom"},{"floor":23.0,"key":"Kunai"},{"floor":26.0,"key":"Ornamental Fan"},{"floor":29.0,"key":"Akabeko"},{"floor":30.0,"key":"Red Mask"},{"floor":31.0,"key":"Prayer Wheel"},{"floor":36.0,"key":"Shuriken"},{"floor":40.0,"key":"Regal Pillow"},{"floor":43.0,"key":"Pantograph"},{"floor":45.0,"key":"Dream Catcher"},{"floor":54.0,"key":"Whetstone"}],"event_choices":[{"damage_healed":0.0,"max_hp_gain":0.0,"max_hp_loss":0.0,"gold_gain":0.0,"event_name":"Match and Keep!","player_choice":"2 cards matched","floor":11.0,"gold_loss":0.0,"damage_taken":0.0,"cards_obtained":["Warcry","Bandage Up"]},{"damage_healed":0.0,"max_hp_gain":0.0,"max_hp_loss":0.0,"gold_gain":0.0,"event_name":"Match and Keep!","player_choice":"2 cards matched","floor":11.0,"gold_loss":0.0,"damage_taken":0.0,"cards_obtained":["Warcry","Bandage Up"]},{"damage_healed":0.0,"max_hp_gain":0.0,"max_hp_loss":0.0,"gold_gain":0.0,"event_name":"Mushrooms","player_choice":"Fought Mushrooms","floor":14.0,"gold_loss":0.0,"damage_taken":0.0},{"damage_healed":0.0,"max_hp_gain":0.0,"max_hp_loss":0.0,"gold_gain":0.0,"event_name":"Masked Bandits","player_choice":"Fought Bandits","floor":30.0,"gold_loss":0.0,"damage_taken":0.0},{"damage_healed":0.0,"max_hp_gain":0.0,"max_hp_loss":0.0,"gold_gain":0.0,"event_name":"SensoryStone","player_choice":"Memory 1","floor":42.0,"gold_loss":0.0,"damage_taken":0.0}],"is_beta":true,"boss_relics":[{"not_picked":["Philosopher\u0027s Stone","Busted Crown"],"picked":"Runic Pyramid"},{"not_picked":["SacredBark","Calling Bell"],"picked":"Velvet Choker"}],"items_purged_floors":[],"is_endless":false,"potions_floor_spawned":[2,3,8,12,14,18,21,27,29,35,40,41,48,54],"killed_by":"The Heart","ascension_level":1}