{"gold_per_floor":[110,129,26,44,63,63,87,114,114,114,143,143,157,157,157,257,257,270,270,69,89,104,139,139,139],"floor_reached":25,"playtime":4230,"items_purged":[],"score":266,"play_id":"7f5690f5-389d-4bf1-b900-37face6d4768","local_time":"20190928001123","is_ascension_mode":true,"campfire_choices":[{"data":"Hemokinesis","floor":6.0,"key":"SMITH"},{"floor":10,"key":"REST"},{"data":"Armaments","floor":12,"key":"SMITH"},{"floor":15,"key":"REST"},{"floor":24,"key":"REST"}],"neow_cost":"NONE","seed_source_timestamp":0,"circlet_count":0,"master_deck":["Strike_R","Strike_R","Strike_R","Strike_R","Strike_R","Defend_R","Defend_R","Defend_R","Defend_R","Bash","Hemokinesis+1","Flame Barrier","Heavy Blade","Intimidate","Combust","Headbutt","Armaments+1","Dark Embrace","Feed","Thunderclap","Feed","Headbutt+1","Inflame","Entrench+1","Flex","Twin Strike"],"special_seed":0,"relics":["Burning Blood","Odd Mushroom","Anchor","Mercury Hourglass","Letter Opener","Philosopher\u0027s Stone","Brimstone","Unceasing Top"],"potions_floor_usage":[11,16,23,23],"damage_taken":[{"damage":3.0,"enemies":"Small Slimes","floor":1.0,"turns":3.0},{"damage":4.0,"enemies":"Cultist","floor":2.0,"turns":4.0},{"damage":10.0,"enemies":"Jaw Worm","floor":4.0,"turns":3.0},{"damage":17.0,"enemies":"Gremlin Gang","floor":5.0,"turns":4.0},{"damage":25.0,"enemies":"The Mushroom Lair","floor":7.0,"turns":5.0},{"damage":20.0,"enemies":"Gremlin Nob","floor":8.0,"turns":4.0},{"damage":23,"enemies":"Lagavulin","floor":11,"turns":6},{"damage":6,"enemies":"Red Slaver","floor":13,"turns":2},{"damage":17,"enemies":"Slime Boss","floor":16,"turns":9},{"damage":4,"enemies":"Chosen","floor":18,"turns":3},{"damage":6,"enemies":"Spheric Guardian","floor":21,"turns":3},{"damage":5,"enemies":"Centurion and Healer","floor":22,"turns":4},{"damage":82,"enemies":"Gremlin Leader","floor":23,"turns":5},{"damage":43,"enemies":"Slavers","floor":25,"turns":2}],"seed_played":"5712876325109653971","potions_obtained":[{"floor":2.0,"key":"PowerPotion"},{"floor":4.0,"key":"Ancient Potion"},{"floor":7.0,"key":"LiquidBronze"},{"floor":8,"key":"SkillPotion"},{"floor":11,"key":"SkillPotion"},{"floor":13,"key":"Ancient Potion"},{"floor":14,"key":"Explosive Potion"},{"floor":22,"key":"Dexterity Potion"}],"is_trial":false,"path_per_floor":["M","M","$","M","M","R","?","E","T","R","E","R","M","?","R","B",null,"M","?","$","M","M","E","R","E"],"character_chosen":"IRONCLAD","items_purchased":["Intimidate","Combust","Brimstone"],"campfire_rested":3,"item_purchase_floors":[3,3,20],"current_hp_per_floor":[80,80,80,76,65,65,46,32,32,56,39,39,39,39,63,52,80,80,80,80,80,83,7,31,0],"gold":139,"neow_bonus":"THREE_CARDS","is_prod":false,"is_daily":false,"chose_seed":false,"campfire_upgraded":2,"win_rate":0,"timestamp":1569643883,"path_taken":["M","M","$","M","M","R","?","E","T","R","E","R","M","?","R","BOSS","M","?","$","M","M","E","R","E"],"build_version":"2019-07-17","purchased_purges":0,"victory":false,"max_hp_per_floor":[80,80,80,80,80,80,80,80,80,80,80,80,80,80,80,80,80,80,80,80,80,83,83,83,86],"card_choices":[{"not_picked":["Iron Wave","Perfected Strike"],"picked":"Hemokinesis","floor":0.0},{"not_picked":["Body Slam","Clothesline"],"picked":"Flame Barrier","floor":1.0},{"not_picked":["Searing Blow","Dual Wield"],"picked":"Heavy Blade","floor":2.0},{"not_picked":["Seeing Red","True Grit"],"picked":"Headbutt","floor":4.0},{"not_picked":["Clothesline","Headbutt","Wild Strike"],"picked":"SKIP","floor":5.0},{"not_picked":["Sword Boomerang","Twin Strike"],"picked":"Armaments","floor":7.0},{"not_picked":["Pommel Strike","Clash"],"picked":"Dark Embrace","floor":8},{"not_picked":["Twin Strike","Cleave"],"picked":"Feed","floor":11},{"not_picked":["Rampage","Armaments"],"picked":"Thunderclap","floor":13},{"not_picked":["Juggernaut","Double Tap"],"picked":"Feed","floor":16},{"not_picked":["Iron Wave+1","Second Wind"],"picked":"Headbutt+1","floor":18},{"not_picked":["Searing Blow","Twin Strike+1"],"picked":"Entrench+1","floor":21},{"not_picked":["Perfected Strike","Clash+1"],"picked":"Flex","floor":22},{"not_picked":["Perfected Strike+1","Anger"],"picked":"Twin Strike","floor":23}],"player_experience":391658,"relics_obtained":[{"floor":7.0,"key":"Odd Mushroom"},{"floor":8,"key":"Anchor"},{"floor":9,"key":"Mercury Hourglass"},{"floor":11,"key":"Letter Opener"},{"floor":23,"key":"Unceasing Top"}],"event_choices":[{"damage_healed":0.0,"max_hp_gain":0.0,"max_hp_loss":0.0,"gold_gain":0.0,"event_name":"Mushrooms","player_choice":"Fought Mushrooms","floor":7.0,"gold_loss":0.0,"damage_taken":0.0},{"damage_healed":0,"gold_gain":0,"player_choice":"Got Potions","damage_taken":0,"max_hp_gain":0,"max_hp_loss":0,"event_name":"Lab","floor":14,"gold_loss":0},{"damage_healed":0,"gold_gain":0,"player_choice":"Read","damage_taken":0,"max_hp_gain":0,"max_hp_loss":0,"event_name":"The Library","floor":19,"gold_loss":0,"cards_obtained":["Inflame"]}],"is_beta":false,"boss_relics":[{"not_picked":["Lizard Tail","Orrery"],"picked":"Philosopher\u0027s Stone"}],"items_purged_floors":[],"is_endless":false,"potions_floor_spawned":[2,4,7,8,11,13,22],"killed_by":"Slavers","ascension_level":3}