{"gold_per_floor":[110,123,123,201,11,43,43,76,100,100,100,135,135,150,150,255,255,273,12,59,70,87,114,114,114,194,194,224,235,249,267,267,367,367,377,51,51,151,162,162,194,194,194,194,194,207,226,226,226,226,226,226,18,47,47],"floor_reached":55,"playtime":9699,"items_purged":["Strike_G"],"score":862,"play_id":"37e1268d-71d4-4f0e-a714-72e43ada07df","local_time":"20190928214541","is_ascension_mode":true,"campfire_choices":[{"floor":7.0,"key":"REST"},{"data":"After Image","floor":10.0,"key":"SMITH"},{"data":"Phantasmal Killer","floor":13.0,"key":"SMITH"},{"data":"Crippling Poison","floor":15.0,"key":"SMITH"},{"floor":25.0,"key":"REST"},{"data":"Corpse Explosion","floor":27.0,"key":"SMITH"},{"floor":32.0,"key":"REST"},{"data":"Terror","floor":40,"key":"SMITH"},{"data":"Footwork","floor":42,"key":"SMITH"},{"floor":44,"key":"RECALL"},{"data":"Neutralize","floor":49,"key":"SMITH"},{"data":"Catalyst","floor":52,"key":"SMITH"}],"neow_cost":"NONE","seed_source_timestamp":0,"circlet_count":0,"master_deck":["Strike_G","Defend_G","Defend_G","Defend_G","Defend_G","Survivor","Neutralize+1","Acrobatics","Dagger Spray","After Image+1","Dash","Malaise","Catalyst+1","Phantasmal Killer+1","Crippling Poison+1","Corpse Explosion+1","Dash+1","Distraction+1","Burst+1","Infinite Blades","Terror+1","Poisoned Stab","Bane","Footwork+1","Poisoned Stab","Poisoned Stab+1","Doppelganger","Well Laid Plans","Prepared+1","PiercingWail","Tactician+1","Backflip+1","Caltrops","Dramatic Entrance","Noxious Fumes","Bandage Up","Terror+1"],"special_seed":0,"relics":["Ring of the Snake","Centennial Puzzle","Ninja Scroll","Letter Opener","Shuriken","PreservedInsect","Art of War","Astrolabe","Lantern","Darkstone Periapt","Pantograph","Bottled Lightning","Philosopher\u0027s Stone","Ornamental Fan","Tough Bandages","Vajra","Bottled Flame","Boot"],"potions_floor_usage":[35,41,55,55,55],"damage_taken":[{"damage":1.0,"enemies":"Jaw Worm","floor":1.0,"turns":4.0},{"damage":0.0,"enemies":"Cultist","floor":2.0,"turns":5.0},{"damage":34.0,"enemies":"Lagavulin","floor":6.0,"turns":10.0},{"damage":9.0,"enemies":"Gremlin Nob","floor":8.0,"turns":4.0},{"damage":6.0,"enemies":"Lagavulin","floor":12.0,"turns":11.0},{"damage":0.0,"enemies":"2 Louse","floor":14.0,"turns":2.0},{"damage":2.0,"enemies":"The Guardian","floor":16.0,"turns":12.0},{"damage":1.0,"enemies":"Shell Parasite","floor":18.0,"turns":6.0},{"damage":9.0,"enemies":"Spheric Guardian","floor":21.0,"turns":4.0},{"damage":15.0,"enemies":"Shelled Parasite and Fungi","floor":22.0,"turns":6.0},{"damage":16.0,"enemies":"Gremlin Leader","floor":23.0,"turns":5.0},{"damage":16.0,"enemies":"Snake Plant","floor":24.0,"turns":4.0},{"damage":24.0,"enemies":"Book of Stabbing","floor":28.0,"turns":6.0},{"damage":9.0,"enemies":"Snecko","floor":29.0,"turns":4.0},{"damage":1.0,"enemies":"Shelled Parasite and Fungi","floor":30.0,"turns":5.0},{"damage":7.0,"enemies":"Sentry and Sphere","floor":31.0,"turns":5.0},{"damage":23.0,"enemies":"Collector","floor":33.0,"turns":6.0},{"damage":4,"enemies":"3 Shapes","floor":35,"turns":3},{"damage":0,"enemies":"Mind Bloom Boss Battle","floor":38,"turns":3},{"damage":0,"enemies":"Orb Walker","floor":39,"turns":3},{"damage":7,"enemies":"Reptomancer","floor":41,"turns":5},{"damage":5,"enemies":"3 Darklings","floor":46,"turns":3},{"damage":0,"enemies":"Spire Growth","floor":47,"turns":3},{"damage":46,"enemies":"Awakened One","floor":50,"turns":12},{"damage":32,"enemies":"Shield and Spear","floor":54,"turns":4},{"damage":74,"enemies":"The Heart","floor":55,"turns":6}],"seed_played":"6718932835175102870","potions_obtained":[{"floor":2.0,"key":"Regen Potion"},{"floor":6.0,"key":"GamblersBrew"},{"floor":8.0,"key":"PowerPotion"},{"floor":11.0,"key":"Energy Potion"},{"floor":11.0,"key":"Fire Potion"},{"floor":22.0,"key":"Explosive Potion"},{"floor":23.0,"key":"Regen Potion"},{"floor":28.0,"key":"LiquidBronze"},{"floor":35,"key":"Dexterity Potion"},{"floor":46,"key":"Strength Potion"}],"is_trial":false,"path_per_floor":["M","M","?","T","$","E","R","E","T","R","?","E","R","M","R","B",null,"M","$","T","M","M","E","M","R","T","R","E","M","M","M","R","B",null,"M","$","?","?","M","R","E","R","T","R","?","M","M","?","R","B",null,"R","$","E","B"],"character_chosen":"THE_SILENT","items_purchased":["After Image","Dash","Infinite Blades","Weak Potion","Terror","Ornamental Fan","Well Laid Plans","Noxious Fumes","GhostInAJar","Bandage Up"],"campfire_rested":3,"item_purchase_floors":[5,5,19,19,19,36,36,53,53,53],"current_hp_per_floor":[69,69,57,57,57,38,59,50,50,50,50,44,44,44,44,42,70,69,69,69,60,45,29,27,48,48,48,24,15,14,7,28,30,70,66,66,66,66,66,66,59,59,59,59,59,54,54,54,54,20,66,66,66,38,0],"gold":47,"neow_bonus":"RANDOM_COMMON_RELIC","is_prod":false,"is_daily":false,"chose_seed":false,"campfire_upgraded":8,"win_rate":0,"timestamp":1569721541,"path_taken":["M","M","?","?","$","E","R","E","T","R","?","E","R","M","R","BOSS","M","$","?","M","M","E","M","R","T","R","E","M","M","M","R","BOSS","M","$","?","?","M","R","E","R","T","R","?","M","?","?","R","BOSS","R","$","E","BOSS"],"build_version":"2019-07-17","purchased_purges":1,"victory":false,"max_hp_per_floor":[70,70,70,70,70,70,70,70,70,70,70,70,70,70,70,70,70,70,70,70,70,70,70,70,70,70,70,70,70,70,70,70,70,70,70,70,66,66,66,66,66,66,66,66,66,66,66,66,66,66,66,66,66,66,66],"card_choices":[{"not_picked":["Outmaneuver","Prepared"],"picked":"Acrobatics","floor":1.0},{"not_picked":["Doppelganger","Blade Dance"],"picked":"Dagger Spray","floor":2.0},{"not_picked":["Underhanded Strike","Deflect"],"picked":"Malaise","floor":6.0},{"not_picked":["Dagger Throw","Dodge and Roll"],"picked":"Catalyst","floor":8.0},{"not_picked":["Outmaneuver","Dagger Spray"],"picked":"Phantasmal Killer","floor":12.0},{"not_picked":["Acrobatics","Flying Knee"],"picked":"Crippling Poison","floor":14.0},{"not_picked":["Venomology","Grand Finale"],"picked":"Corpse Explosion","floor":16.0},{"not_picked":["Blade Dance","Underhanded Strike","Dagger Throw+1"],"picked":"SKIP","floor":18.0},{"not_picked":["Quick Slash","Dagger Throw"],"picked":"Poisoned Stab","floor":21.0},{"not_picked":["Heel Hook+1","Accuracy","Sucker Punch"],"picked":"SKIP","floor":22.0},{"not_picked":["Deflect","Underhanded Strike"],"picked":"Bane","floor":23.0},{"not_picked":["Calculated Gamble+1","Adrenaline"],"picked":"Footwork","floor":28.0},{"not_picked":["Sucker Punch","Backstab"],"picked":"Poisoned Stab","floor":29.0},{"not_picked":["Dagger Throw","Blade Dance"],"picked":"Poisoned Stab+1","floor":30.0},{"not_picked":["Dagger Throw","Bane","Acrobatics"],"picked":"SKIP","floor":31.0},{"not_picked":["Grand Finale","Corpse Explosion"],"picked":"Doppelganger","floor":33.0},{"not_picked":["Quick Slash+1","Poisoned Stab","Dagger Throw+1"],"picked":"SKIP","floor":35},{"not_picked":["Backflip","Endless Agony+1"],"picked":"Prepared+1","floor":38},{"not_picked":["Flying Knee","Blade Dance"],"picked":"PiercingWail","floor":39},{"not_picked":["Dagger Spray+1","Prepared+1"],"picked":"Tactician+1","floor":41},{"not_picked":["Grand Finale","Sucker Punch"],"picked":"Backflip+1","floor":46},{"not_picked":["Dodge and Roll","Sucker Punch+1"],"picked":"Caltrops","floor":47},{"not_picked":["Mayhem","Mind Blast"],"picked":"Dramatic Entrance","floor":48},{"not_picked":["Dagger Spray","Blade Dance"],"picked":"Terror+1","floor":54}],"player_experience":395888,"relics_obtained":[{"floor":4.0,"key":"Letter Opener"},{"floor":6.0,"key":"Shuriken"},{"floor":8.0,"key":"PreservedInsect"},{"floor":12.0,"key":"Art of War"},{"floor":20.0,"key":"Lantern"},{"floor":23.0,"key":"Darkstone Periapt"},{"floor":26.0,"key":"Pantograph"},{"floor":28.0,"key":"Bottled Lightning"},{"floor":38,"key":"Tough Bandages"},{"floor":41,"key":"Vajra"},{"floor":43,"key":"Bottled Flame"},{"floor":54,"key":"Boot"}],"event_choices":[{"damage_healed":0.0,"max_hp_gain":0.0,"max_hp_loss":0.0,"gold_gain":0.0,"event_name":"Scrap Ooze","player_choice":"Success","floor":3.0,"gold_loss":0.0,"damage_taken":12.0,"relics_obtained":["Ninja Scroll"]},{"damage_healed":0.0,"max_hp_gain":0.0,"max_hp_loss":0.0,"gold_gain":0.0,"event_name":"Lab","player_choice":"Got Potions","floor":11.0,"gold_loss":0.0,"damage_taken":0.0},{"damage_healed":0,"gold_gain":0,"player_choice":"Max HP","damage_taken":0,"max_hp_gain":0,"max_hp_loss":4,"event_name":"Winding Halls","floor":37,"gold_loss":0},{"damage_healed":0,"gold_gain":0,"player_choice":"Fight","damage_taken":0,"max_hp_gain":0,"max_hp_loss":0,"event_name":"MindBloom","floor":38,"gold_loss":0},{"cards_removed":["Defend_G"],"damage_healed":0,"gold_gain":0,"player_choice":"Removed Skill","damage_taken":0,"max_hp_gain":0,"max_hp_loss":0,"event_name":"Falling","floor":45,"gold_loss":0},{"damage_healed":0,"gold_gain":0,"player_choice":"Memory 1","damage_taken":0,"max_hp_gain":0,"max_hp_loss":0,"event_name":"SensoryStone","floor":48,"gold_loss":0}],"is_beta":false,"boss_relics":[{"not_picked":["Pandora\u0027s Box","Lizard Tail"],"picked":"Astrolabe"},{"not_picked":["Tiny House","Fusion Hammer"],"picked":"Philosopher\u0027s Stone"}],"items_purged_floors":[19],"is_endless":false,"potions_floor_spawned":[2,6,8,22,23,24,28,31,33,35,38,46,47],"killed_by":"The Heart","ascension_level":3}