{"gold_per_floor":[114,74,89,104,104,104,142,161,161,161,236,411,430,1,1,126,126,145,145,145,164,183,183,202,240,240,278,35,54,73,92,92,217,280,299,29,48,48],"floor_reached":38,"playtime":5242,"items_purged":["Doubt"],"score":468,"play_id":"5c3c729e-2410-4b30-b80e-1bf8ada6b533","local_time":"20191025051829","daily_mods":["Specialized","Green Cards","Terminal"],"is_ascension_mode":false,"campfire_choices":[{"floor":6.0,"key":"REST"},{"data":"ForeignInfluence","floor":10.0,"key":"SMITH"},{"data":"Footwork","floor":15.0,"key":"SMITH"},{"data":"Venomology","floor":23.0,"key":"SMITH"},{"floor":32.0,"key":"REST"}],"neow_cost":"","seed_source_timestamp":0,"circlet_count":0,"master_deck":["Strike_P","Strike_P","Strike_P","Strike_P","Defend_P","Defend_P","Defend_P","Defend_P","Eruption","Vigilance","All Out Attack","All Out Attack","All Out Attack","All Out Attack","All Out Attack","EmptyBody","Adaptation","Halt","Meditate","Poisoned Stab","ForeignInfluence+1","Dagger Throw","FearNoEvil","Panacea","Footwork+1","Venomology+1","Crippling Poison","Shame","LikeWater+1","CrushJoints","Prostrate+1","Envenom","Flying Knee+1","Evaluate+1","Outmaneuver","Terror","Dash","SandsOfTime","Finisher","Deadly Poison","Protect","Devotion","Meditate+1","ThirdEye+1","Leg Sweep","Footwork"],"special_seed":18194,"relics":["Golden Idol","Bag of Marbles","Darkstone Periapt","HandDrill","VioletLotus","Happy Flower","Nloth\u0027s Gift","Art of War","The Courier","Gambling Chip","Tiny House","Damaru","Strawberry"],"potions_floor_usage":[38],"damage_taken":[{"damage":0.0,"enemies":"Cultist","floor":1.0,"turns":2.0},{"damage":0.0,"enemies":"2 Louse","floor":3.0,"turns":2.0},{"damage":0.0,"enemies":"Jaw Worm","floor":4.0,"turns":4.0},{"damage":4.0,"enemies":"Gremlin Nob","floor":7.0,"turns":3.0},{"damage":0.0,"enemies":"Looter","floor":8.0,"turns":3.0},{"damage":0.0,"enemies":"2 Fungi Beasts","floor":13.0,"turns":2.0},{"damage":24.0,"enemies":"Slime Boss","floor":16.0,"turns":9.0},{"damage":0.0,"enemies":"Spheric Guardian","floor":18.0,"turns":4.0},{"damage":0.0,"enemies":"Shell Parasite","floor":21.0,"turns":4.0},{"damage":5.0,"enemies":"Snake Plant","floor":22.0,"turns":5.0},{"damage":0.0,"enemies":"3 Cultists","floor":24.0,"turns":3.0},{"damage":20.0,"enemies":"Book of Stabbing","floor":25.0,"turns":10.0},{"damage":22.0,"enemies":"Slavers","floor":27.0,"turns":6.0},{"damage":5.0,"enemies":"Snecko","floor":29.0,"turns":6.0},{"damage":2.0,"enemies":"Shelled Parasite and Fungi","floor":30.0,"turns":3.0},{"damage":0.0,"enemies":"Chosen and Byrds","floor":31.0,"turns":7.0},{"damage":39.0,"enemies":"Champ","floor":33.0,"turns":13.0},{"damage":1.0,"enemies":"Orb Walker","floor":35.0,"turns":4.0},{"damage":3.0,"enemies":"3 Darklings","floor":37.0,"turns":8.0},{"damage":89,"enemies":"2 Orb Walkers","floor":38,"turns":5}],"seed_played":"4139939585971955341","potions_obtained":[{"floor":7.0,"key":"GamblersBrew"},{"floor":8.0,"key":"Fruit Juice"},{"floor":13.0,"key":"SkillPotion"},{"floor":21.0,"key":"Dexterity Potion"},{"floor":24.0,"key":"Dexterity Potion"},{"floor":29.0,"key":"StancePotion"},{"floor":30.0,"key":"Weak Potion"},{"floor":31.0,"key":"Regen Potion"},{"floor":33.0,"key":"SkillPotion"},{"floor":34.0,"key":"Swift Potion"}],"is_trial":false,"path_per_floor":["M","$","M","M","?","R","E","M","T","R","?","?","M","$","R","B",null,"M","?","?","M","M","R","M","E","T","E","$","M","M","M","R","B",null,"M","$","M","?"],"character_chosen":"WATCHER","items_purchased":["Adaptation","FearNoEvil","Panacea","HandDrill","Footwork","Evaluate","Outmaneuver","Terror","Dash","SandsOfTime","Damaru","Strawberry","Leg Sweep"],"campfire_rested":2,"item_purchase_floors":[2,14,14,14,14,28,28,28,28,28,36,36,36],"current_hp_per_floor":[70,69,68,67,51,65,61,66,66,66,55,61,61,61,61,37,65,64,69,68,67,62,62,62,42,42,20,20,15,13,13,30,6,59,58,64,61,0],"gold":48,"neow_bonus":"","is_prod":false,"is_daily":true,"chose_seed":false,"campfire_upgraded":3,"win_rate":0,"timestamp":1571995109,"path_taken":["M","$","M","M","?","R","E","M","T","R","?","?","M","$","R","BOSS","M","?","?","M","M","R","?","E","T","E","$","M","M","M","R","BOSS","M","$","M","?"],"build_version":"2019-10-24","purchased_purges":1,"victory":false,"max_hp_per_floor":[70,69,68,67,66,65,64,68,67,66,65,70,69,68,67,66,65,64,69,68,67,66,65,64,63,62,61,60,59,58,57,56,55,59,58,64,63,63],"card_choices":[{"not_picked":["Dagger Spray","Dodge and Roll"],"picked":"EmptyBody","floor":1.0},{"not_picked":["All Out Attack","Finisher"],"picked":"Halt","floor":3.0},{"not_picked":["Deflect","Halt"],"picked":"Meditate","floor":4.0},{"not_picked":["EmptyBody","Nirvana"],"picked":"Poisoned Stab","floor":7.0},{"not_picked":["WindmillStrike","Heel Hook"],"picked":"ForeignInfluence","floor":8.0},{"not_picked":["Accuracy","Halt"],"picked":"Dagger Throw","floor":13.0},{"not_picked":["A Thousand Cuts","Ragnarok"],"picked":"Venomology","floor":16.0},{"not_picked":["Poisoned Stab","ThirdEye"],"picked":"Crippling Poison","floor":18.0},{"not_picked":["Poisoned Stab","Dagger Throw"],"picked":"LikeWater+1","floor":21.0},{"not_picked":["Calculated Gamble","Cloak And Dagger"],"picked":"CrushJoints","floor":22.0},{"not_picked":["Catalyst","EmptyFist"],"picked":"Prostrate+1","floor":24.0},{"not_picked":["Catalyst","SignatureMove"],"picked":"Envenom","floor":25.0},{"not_picked":["SignatureMove","Outmaneuver"],"picked":"Flying Knee+1","floor":27.0},{"not_picked":["Dagger Throw","Blade Dance"],"picked":"Finisher","floor":29.0},{"not_picked":["Reflex","CutThroughFate"],"picked":"Deadly Poison","floor":30.0},{"not_picked":["Bane","Expertise+1"],"picked":"Protect","floor":31.0},{"not_picked":["Night Terror","Envenom"],"picked":"Devotion","floor":33.0},{"not_picked":["Skewer","Protect"],"picked":"Meditate+1","floor":34.0},{"not_picked":["TalkToTheHand","Dodge and Roll+1"],"picked":"ThirdEye+1","floor":35.0},{"not_picked":["Deflect+1","Acrobatics"],"picked":"Footwork","floor":37.0}],"player_experience":186978,"relics_obtained":[{"floor":7.0,"key":"Bag of Marbles"},{"floor":9.0,"key":"Darkstone Periapt"},{"floor":25.0,"key":"Art of War"},{"floor":26.0,"key":"The Courier"},{"floor":27.0,"key":"Gambling Chip"}],"event_choices":[{"damage_healed":0.0,"max_hp_gain":0.0,"max_hp_loss":0.0,"gold_gain":0.0,"event_name":"Golden Idol","player_choice":"Take Damage","floor":5.0,"gold_loss":0.0,"damage_taken":16.0,"relics_obtained":["Golden Idol"]},{"damage_healed":0.0,"max_hp_gain":0.0,"max_hp_loss":0.0,"gold_gain":75.0,"event_name":"World of Goop","player_choice":"Gather Gold","floor":11.0,"gold_loss":0.0,"damage_taken":11.0},{"damage_healed":0.0,"max_hp_gain":0.0,"max_hp_loss":0.0,"gold_gain":175.0,"event_name":"Liars Game","player_choice":"AGREE","floor":12.0,"gold_loss":0.0,"damage_taken":0.0,"cards_obtained":["Doubt"]},{"damage_healed":0.0,"max_hp_gain":0.0,"max_hp_loss":0.0,"gold_gain":0.0,"event_name":"Addict","player_choice":"Stole Relic","floor":19.0,"gold_loss":0.0,"damage_taken":0.0,"relics_obtained":["Happy Flower"],"cards_obtained":["Shame"]},{"damage_healed":0.0,"max_hp_gain":0.0,"max_hp_loss":0.0,"gold_gain":0.0,"event_name":"N\u0027loth","player_choice":"Traded Relic","floor":20.0,"relics_lost":["PureWater"],"gold_loss":0.0,"damage_taken":0.0,"relics_obtained":["Nloth\u0027s Gift"]},{"damage_healed":0,"gold_gain":0,"player_choice":"Fight","damage_taken":0,"max_hp_gain":0,"max_hp_loss":0,"event_name":"Mysterious Sphere","floor":38,"gold_loss":0}],"is_beta":true,"boss_relics":[{"not_picked":["Sozu","Runic Pyramid"],"picked":"VioletLotus"},{"not_picked":["Calling Bell","Busted Crown"],"picked":"Tiny House"}],"items_purged_floors":[14],"is_endless":false,"potions_floor_spawned":[7,8,13,21,24,29,30,31,33,35],"killed_by":"2 Orb Walkers","ascension_level":0}