{"gold_per_floor":[111,41,55,55,55,84,84,110,186,199,199,217,217,234,234,338,338,354,20,20,30,30,30,30],"floor_reached":24,"playtime":1934,"items_purged":["Strike_B"],"score":275,"play_id":"07e32473-5e83-429b-a0f6-296639cbe3bf","local_time":"20191027223106","is_ascension_mode":true,"campfire_choices":[{"data":"Hyperbeam","floor":7,"key":"SMITH"},{"data":"Defragment","floor":13,"key":"SMITH"},{"data":"Beam Cell","floor":15,"key":"SMITH"},{"data":"Dualcast","floor":23,"key":"SMITH"}],"neow_cost":"NONE","seed_source_timestamp":1013315727824465,"circlet_count":0,"master_deck":["Strike_B","Strike_B","Strike_B","Defend_B","Defend_B","Defend_B","Defend_B","Zap","Dualcast+1","Hyperbeam+1","Beam Cell+1","Defragment+1","Stack","FTL","Creative AI","Fusion","Buffer","Steam+1","Leap","Dark Shackles","Melter"],"relics":["Cracked Core","Orichalcum","Bottled Flame","Bottled Lightning","Pantograph","Black Star","Bronze Scales","Bottled Tornado"],"potions_floor_usage":[16,16,16,24,24],"damage_taken":[{"damage":2,"enemies":"Jaw Worm","floor":1,"turns":3},{"damage":0,"enemies":"Small Slimes","floor":3,"turns":1},{"damage":10,"enemies":"3 Sentries","floor":6,"turns":6},{"damage":10,"enemies":"Gremlin Nob","floor":8,"turns":3},{"damage":0,"enemies":"Cultist","floor":10,"turns":1},{"damage":0,"enemies":"Exordium Wildlife","floor":12,"turns":1},{"damage":0,"enemies":"Looter","floor":14,"turns":1},{"damage":69,"enemies":"Hexaghost","floor":16,"turns":10},{"damage":47,"enemies":"Shell Parasite","floor":18,"turns":8},{"damage":0,"enemies":"3 Byrds","floor":21,"turns":2},{"damage":50,"enemies":"Gremlin Leader","floor":24,"turns":8}],"seed_played":"-4200554805707858389","potions_obtained":[{"floor":3,"key":"Poison Potion"},{"floor":8,"key":"SkillPotion"},{"floor":12,"key":"Swift Potion"},{"floor":16,"key":"SpeedPotion"},{"floor":21,"key":"Swift Potion"}],"is_trial":false,"path_per_floor":["M","$","M","?","$","E","R","E","T","M","?","M","R","M","R","B",null,"M","$","?","M","T","R","E"],"character_chosen":"DEFECT","items_purchased":["Defragment","Leap","Bronze Scales","Dark Shackles"],"campfire_rested":0,"item_purchase_floors":[2,19,19,19],"current_hp_per_floor":[66,66,66,71,71,61,61,51,51,51,48,48,48,48,48,4,61,14,14,40,40,40,40,0],"gold":30,"neow_bonus":"ONE_RANDOM_RARE_CARD","is_prod":false,"is_daily":false,"chose_seed":false,"campfire_upgraded":4,"win_rate":0,"timestamp":1572229866,"path_taken":["M","$","M","?","$","E","R","E","T","M","?","M","R","M","R","BOSS","M","$","?","M","?","R","E"],"build_version":"2019-07-17","purchased_purges":1,"victory":false,"max_hp_per_floor":[75,75,75,80,80,80,80,80,80,80,80,80,80,80,80,80,80,80,80,80,80,80,80,80],"card_choices":[{"not_picked":["Go for the Eyes","Stack"],"picked":"Beam Cell","floor":1},{"not_picked":["Barrage","Sweeping Beam"],"picked":"Stack","floor":3},{"not_picked":["Cold Snap","Scrape","Redo"],"picked":"SKIP","floor":6},{"not_picked":["Streamline","Sunder"],"picked":"FTL","floor":8},{"not_picked":["Stack","Ball Lightning","Compile Driver"],"picked":"SKIP","floor":10},{"not_picked":["Streamline","Stack"],"picked":"Creative AI","floor":12},{"not_picked":["Leap","Ball Lightning"],"picked":"Fusion","floor":14},{"not_picked":["Seek","Creative AI"],"picked":"Buffer","floor":16},{"not_picked":["Sweeping Beam","Coolheaded"],"picked":"Steam+1","floor":18},{"not_picked":["White Noise","Sweeping Beam"],"picked":"Melter","floor":21}],"player_experience":728179,"relics_obtained":[{"floor":6,"key":"Orichalcum"},{"floor":8,"key":"Bottled Flame"},{"floor":9,"key":"Bottled Lightning"},{"floor":22,"key":"Bottled Tornado"}],"event_choices":[{"damage_healed":0,"gold_gain":0,"player_choice":"Donut","damage_taken":0,"max_hp_gain":5,"max_hp_loss":0,"event_name":"Big Fish","floor":4,"gold_loss":0},{"damage_healed":0,"gold_gain":0,"player_choice":"Success","damage_taken":3,"relics_obtained":["Pantograph"],"max_hp_gain":0,"max_hp_loss":0,"event_name":"Scrap Ooze","floor":11,"gold_loss":0},{"damage_healed":26,"gold_gain":0,"player_choice":"Heal","damage_taken":0,"max_hp_gain":0,"max_hp_loss":0,"event_name":"The Library","floor":20,"gold_loss":0}],"is_beta":false,"boss_relics":[{"not_picked":["Runic Dome","Snecko Eye"],"picked":"Black Star"}],"items_purged_floors":[19],"is_endless":false,"potions_floor_spawned":[3,8,12,16,21],"killed_by":"Gremlin Leader","ascension_level":7}