{"gold_per_floor":[110,40,57,132,147,147,162,162,214,226,267,279,303,329,341,454,466,496,521,533,246,261,289,324,342,422,439,451,451,470,489,489,585,585,605,39,58,76,476,510,510,510,510,524,524,543,543,643,643,643],"floor_reached":50,"playtime":6288,"items_purged":["Strike_B","Shame"],"score":678,"play_id":"0b244f8f-9240-48f0-9a5a-652a6b63dcd2","local_time":"20191007015229","is_ascension_mode":true,"campfire_choices":[{"data":"Sunder","floor":6.0,"key":"SMITH"},{"data":"Zap","floor":8.0,"key":"SMITH"},{"floor":12.0,"key":"REST"},{"floor":15.0,"key":"REST"},{"floor":32,"key":"REST"},{"floor":41,"key":"RECALL"},{"data":"Apotheosis","floor":45,"key":"SMITH"},{"data":"Fission","floor":49,"key":"SMITH"}],"neow_cost":"NONE","seed_source_timestamp":305343248432922,"circlet_count":0,"master_deck":["Strike_B","Strike_B+1","Strike_B","Defend_B+1","Defend_B","Defend_B","Defend_B","Zap+1","Dualcast","Machine Learning","Conserve Battery","Sunder+1","Turbo","Electrodynamics","Force Field","Ball Lightning","Genetic Algorithm","Self Repair","Buffer","Chill","Capacitor","Skim+1","Conserve Battery","Steam+1","Hologram","BootSequence+1","Hologram+1","All For One+1","Forethought","Leap+1","Creative AI","Fission+1","Static Discharge","Magnetism","Fusion","Lockon+1","Crippling Poison","Apotheosis+1","Jack Of All Trades+1","White Noise+1","Panacea","Magnetism"],"special_seed":0,"relics":["Cracked Core","MawBank","Omamori","Sozu","Oddly Smooth Stone","Ancient Tea Set","Red Mask","Bottled Tornado","Calling Bell","Pen Nib","Mercury Hourglass","Nunchaku","PrismaticShard","Old Coin","Mummified Hand","Whetstone"],"potions_floor_usage":[23,50],"damage_taken":[{"damage":0.0,"enemies":"Cultist","floor":1.0,"turns":3.0},{"damage":0.0,"enemies":"Small Slimes","floor":3.0,"turns":2.0},{"damage":0.0,"enemies":"2 Louse","floor":5.0,"turns":1.0},{"damage":14.0,"enemies":"Looter","floor":7.0,"turns":4.0},{"damage":18.0,"enemies":"Lagavulin","floor":11.0,"turns":5.0},{"damage":12.0,"enemies":"2 Fungi Beasts","floor":13.0,"turns":2.0},{"damage":0.0,"enemies":"Gremlin Gang","floor":14.0,"turns":3.0},{"damage":27.0,"enemies":"Slime Boss","floor":16.0,"turns":8.0},{"damage":6.0,"enemies":"Spheric Guardian","floor":18.0,"turns":3.0},{"damage":2.0,"enemies":"3 Byrds","floor":19.0,"turns":4.0},{"damage":17,"enemies":"Snake Plant","floor":22,"turns":4},{"damage":12,"enemies":"Gremlin Leader","floor":23,"turns":8},{"damage":19,"enemies":"Masked Bandits","floor":24,"turns":5},{"damage":12,"enemies":"3 Cultists","floor":25,"turns":5},{"damage":0,"enemies":"Centurion and Healer","floor":27,"turns":5},{"damage":5,"enemies":"Cultist and Chosen","floor":28,"turns":5},{"damage":0,"enemies":"Chosen and Byrds","floor":30,"turns":4},{"damage":2,"enemies":"Centurion and Healer","floor":31,"turns":4},{"damage":24,"enemies":"Automaton","floor":33,"turns":10},{"damage":11,"enemies":"3 Darklings","floor":35,"turns":5},{"damage":0,"enemies":"3 Shapes","floor":37,"turns":3},{"damage":25,"enemies":"Spire Growth","floor":38,"turns":6},{"damage":0,"enemies":"Mind Bloom Boss Battle","floor":39,"turns":8},{"damage":15,"enemies":"Nemesis","floor":40,"turns":11},{"damage":12,"enemies":"Sphere and 2 Shapes","floor":44,"turns":4},{"damage":3,"enemies":"4 Shapes","floor":46,"turns":4},{"damage":50,"enemies":"Time Eater","floor":50,"turns":11}],"seed_played":"-765455595724976936","potions_obtained":[{"floor":3.0,"key":"Fire Potion"},{"floor":5.0,"key":"GamblersBrew"},{"floor":16.0,"key":"Strength Potion"}],"is_trial":false,"path_per_floor":["M","$","M","?","M","R","M","R","T","?","E","R","M","M","R","B",null,"M","M","?","$","M","E","?","M","T","M","M","?","M","M","R","B",null,"M","$","M","M","?","E","R","T","T","M","R","M","?","?","R","B"],"character_chosen":"DEFECT","items_purchased":["Sunder","Capacitor","Oddly Smooth Stone","Magnetism","Fusion","Lockon","PrismaticShard"],"campfire_rested":3,"item_purchase_floors":[2,21,21,36,36,36,36],"current_hp_per_floor":[75,75,75,64,64,64,50,50,50,35,17,39,27,27,49,29,75,69,74,58,58,48,43,31,26,26,33,35,35,35,40,62,45,75,64,64,64,46,53,45,45,45,45,47,47,44,39,39,39,0],"gold":643,"neow_bonus":"ONE_RANDOM_RARE_CARD","is_prod":false,"is_daily":false,"chose_seed":false,"campfire_upgraded":4,"win_rate":0,"timestamp":1570427549,"path_taken":["M","$","M","?","M","R","M","R","T","?","E","R","M","M","R","BOSS","M","M","?","$","M","E","?","M","T","M","M","?","M","M","R","BOSS","M","$","M","?","?","E","R","?","T","M","R","?","?","?","R","BOSS"],"build_version":"2019-07-17","purchased_purges":2,"victory":false,"max_hp_per_floor":[75,75,75,75,75,75,75,75,75,75,75,75,75,75,75,75,75,75,75,75,75,75,75,75,75,75,75,75,75,75,75,75,75,75,75,75,75,75,75,75,75,75,75,75,75,75,75,75,75,75],"card_choices":[{"not_picked":["Cold Snap","Ball Lightning"],"picked":"Conserve Battery","floor":1.0},{"not_picked":["Gash","Redo"],"picked":"Turbo","floor":3.0},{"not_picked":["Beam Cell","Redo"],"picked":"Electrodynamics","floor":5.0},{"not_picked":["Streamline","Recycle"],"picked":"Force Field","floor":7.0},{"not_picked":["BootSequence","Gash"],"picked":"Ball Lightning","floor":11.0},{"not_picked":["Blizzard","Ball Lightning"],"picked":"Genetic Algorithm","floor":13.0},{"not_picked":["Steam Power","Consume"],"picked":"Self Repair","floor":14.0},{"not_picked":["Meteor Strike","Thunder Strike"],"picked":"Buffer","floor":16.0},{"not_picked":["Rebound+1","Auto Shields+1"],"picked":"Chill","floor":18.0},{"not_picked":["Rebound+1","Redo","Genetic Algorithm+1"],"picked":"SKIP","floor":19.0},{"not_picked":["Storm","Turbo"],"picked":"Skim+1","floor":22},{"not_picked":["Steam Power+1","Rebound"],"picked":"Conserve Battery","floor":23},{"not_picked":["Sunder","Rip and Tear+1"],"picked":"Steam+1","floor":24},{"not_picked":["Scrape","Coolheaded+1"],"picked":"Hologram","floor":25},{"not_picked":["Turbo","Redo"],"picked":"BootSequence+1","floor":27},{"not_picked":["Streamline+1","Auto Shields"],"picked":"Hologram+1","floor":28},{"not_picked":["Hologram","Capacitor"],"picked":"Leap+1","floor":30},{"not_picked":["Double Energy","Chill"],"picked":"Creative AI","floor":31},{"not_picked":["Rainbow","Seek"],"picked":"Fission","floor":33},{"not_picked":["Redo+1","Go for the Eyes+1"],"picked":"Static Discharge","floor":35},{"not_picked":["Sucker Punch","Havoc","Crippling Poison"],"picked":"SKIP","floor":37},{"not_picked":["Sucker Punch","Havoc"],"picked":"Crippling Poison","floor":37},{"not_picked":["Rebound+1","Bane","Beam Cell"],"picked":"SKIP","floor":38},{"not_picked":["Rebound","Madness+1"],"picked":"Apotheosis","floor":40},{"not_picked":["Predator","Ball Lightning"],"picked":"Jack Of All Trades+1","floor":44},{"not_picked":["Deadly Poison","Rage"],"picked":"White Noise+1","floor":46},{"not_picked":["Discovery","Dramatic Entrance"],"picked":"Panacea","floor":47},{"not_picked":["Mayhem","PanicButton"],"picked":"Magnetism","floor":47}],"player_experience":468522,"relics_obtained":[{"floor":9.0,"key":"MawBank"},{"floor":11.0,"key":"Omamori"},{"floor":23,"key":"Ancient Tea Set"},{"floor":24,"key":"Red Mask"},{"floor":26,"key":"Bottled Tornado"},{"floor":34,"key":"Pen Nib"},{"floor":34,"key":"Mercury Hourglass"},{"floor":34,"key":"Nunchaku"},{"floor":39,"key":"Old Coin"},{"floor":40,"key":"Mummified Hand"},{"floor":43,"key":"Whetstone"}],"event_choices":[{"damage_healed":0.0,"max_hp_gain":0.0,"max_hp_loss":0.0,"gold_gain":75.0,"event_name":"World of Goop","player_choice":"Gather Gold","floor":4.0,"gold_loss":0.0,"damage_taken":11.0},{"damage_healed":0.0,"max_hp_gain":0.0,"max_hp_loss":0.0,"gold_gain":0.0,"event_name":"Shining Light","player_choice":"Entered Light","floor":10.0,"gold_loss":0.0,"damage_taken":15.0,"cards_upgraded":["Defend_B","Strike_B"]},{"damage_healed":0.0,"max_hp_gain":0.0,"max_hp_loss":0.0,"gold_gain":0.0,"event_name":"Cursed Tome","player_choice":"Obtained Book","floor":20.0,"gold_loss":0.0,"damage_taken":16.0},{"damage_healed":0,"gold_gain":0,"player_choice":"Fought Bandits","damage_taken":0,"max_hp_gain":0,"max_hp_loss":0,"event_name":"Masked Bandits","floor":24,"gold_loss":0},{"damage_healed":0,"gold_gain":0,"player_choice":"2 cards matched","damage_taken":0,"max_hp_gain":0,"max_hp_loss":0,"event_name":"Match and Keep!","floor":29,"gold_loss":0,"cards_obtained":["All For One","Forethought"]},{"damage_healed":0,"gold_gain":0,"player_choice":"Fight","damage_taken":0,"max_hp_gain":0,"max_hp_loss":0,"event_name":"MindBloom","floor":39,"gold_loss":0},{"damage_healed":0,"gold_gain":0,"player_choice":"Memory 2","damage_taken":5,"max_hp_gain":0,"max_hp_loss":0,"event_name":"SensoryStone","floor":47,"gold_loss":0},{"damage_healed":0,"gold_gain":100,"player_choice":"Pray","damage_taken":0,"max_hp_gain":0,"max_hp_loss":0,"event_name":"Golden Shrine","floor":48,"gold_loss":0}],"is_beta":false,"boss_relics":[{"not_picked":["Eternal Feather","Philosopher\u0027s Stone"],"picked":"Sozu"},{"not_picked":["Pandora\u0027s Box","Tiny House"],"picked":"Calling Bell"}],"items_purged_floors":[21,36],"is_endless":false,"potions_floor_spawned":[3,5,16,24,25,30,33,35,38,39,44],"killed_by":"Time Eater","ascension_level":4}