{"gold_per_floor":[112,112,1,1,65,98,98,131,131,181,198,274,274,293,293,398,398,418,436,495,545,640,640,682,785,862,882,911,131,155,214,214,324,324,344,678,752,802,3,46,68,102,127,112,112,138,173,198,198,198,198,198,13,51,51],"floor_reached":56,"playtime":7112,"items_purged":[],"score":1484,"play_id":"2e1bd3db-b331-4ef0-976e-092f1de6e7fe","local_time":"20191028035319","is_ascension_mode":true,"campfire_choices":[{"floor":7.0,"key":"REST"},{"floor":13.0,"key":"REST"},{"data":"Armaments","floor":15.0,"key":"SMITH"},{"data":"Limit Break","floor":23.0,"key":"SMITH"},{"floor":32.0,"key":"RECALL"},{"data":"Demon Form","floor":45,"key":"SMITH"},{"data":"Limit Break","floor":49,"key":"SMITH"},{"data":"Exhume","floor":52,"key":"SMITH"}],"neow_cost":"PERCENT_DAMAGE","seed_source_timestamp":0,"circlet_count":0,"master_deck":["Strike_R","Strike_R","Strike_R","Strike_R","Strike_R","Defend_R","Defend_R","Defend_R","Defend_R","Bash","Perfected Strike","Sever Soul","Dark Embrace","Shrug It Off","Demon Form+1","Flex","Dual Wield","Armaments+1","Limit Break+1","CurseOfTheBell","Fire Breathing","Wild Strike+1","Shame","Ghostly","Ghostly","Ghostly","Ghostly","Ghostly","Sentinel","Whirlwind+1","Evolve","Reaper+1","Flex","Inflame","Heavy Blade+1","Reaper+1","Brutality","Fire Breathing+1","Regret","Shockwave","Inflame","Reaper+1","Reaper+1","Ghostly Armor+1","Perfected Strike+1","Juggernaut","Exhume+1","Limit Break+1","Rage+1","Exhume","Headbutt+1","Fiend Fire+1"],"special_seed":0,"relics":["Burning Blood","SsserpentHead","Eternal Feather","Art of War","Gremlin Horn","MealTicket","Calling Bell","Bag of Preparation","Mercury Hourglass","Pocketwatch","CeramicFish","Molten Egg 2","Bronze Scales","Sundial","Lee\u0027s Waffle","Magic Flower","Mark of Pain","Pantograph","Happy Flower","TheAbacus","Vajra","Potion Belt","Toy Ornithopter","Kunai","Lizard Tail"],"potions_floor_usage":[50,50,55,55,55],"damage_taken":[{"damage":15.0,"enemies":"Jaw Worm","floor":1.0,"turns":7.0},{"damage":11.0,"enemies":"2 Louse","floor":5.0,"turns":2.0},{"damage":23.0,"enemies":"3 Sentries","floor":6.0,"turns":8.0},{"damage":27.0,"enemies":"Lagavulin","floor":8.0,"turns":9.0},{"damage":6.0,"enemies":"Cultist","floor":11.0,"turns":4.0},{"damage":11.0,"enemies":"Looter","floor":14.0,"turns":2.0},{"damage":46.0,"enemies":"The Guardian","floor":16.0,"turns":10.0},{"damage":22.0,"enemies":"3 Byrds","floor":18.0,"turns":6.0},{"damage":28.0,"enemies":"Shell Parasite","floor":19.0,"turns":5.0},{"damage":6.0,"enemies":"Slavers","floor":24.0,"turns":7.0},{"damage":34.0,"enemies":"Snake Plant","floor":27.0,"turns":4.0},{"damage":6.0,"enemies":"3 Cultists","floor":28.0,"turns":1.0},{"damage":45.0,"enemies":"Cultist and Chosen","floor":30.0,"turns":4.0},{"damage":73.0,"enemies":"Automaton","floor":33.0,"turns":10.0},{"damage":5,"enemies":"3 Darklings","floor":35,"turns":6},{"damage":4,"enemies":"3 Shapes","floor":37,"turns":3},{"damage":50,"enemies":"Giant Head","floor":40,"turns":9},{"damage":50,"enemies":"Transient","floor":41,"turns":5},{"damage":44,"enemies":"Nemesis","floor":42,"turns":7},{"damage":42,"enemies":"3 Darklings","floor":46,"turns":7},{"damage":62,"enemies":"Giant Head","floor":47,"turns":11},{"damage":21,"enemies":"4 Shapes","floor":48,"turns":3},{"damage":65,"enemies":"Awakened One","floor":50,"turns":9},{"damage":29,"enemies":"Shield and Spear","floor":54,"turns":6},{"damage":129,"enemies":"The Heart","floor":55,"turns":11}],"seed_played":"1421103182885203067","potions_obtained":[{"floor":6.0,"key":"Strength Potion"},{"floor":11.0,"key":"SpeedPotion"},{"floor":16.0,"key":"AttackPotion"},{"floor":18.0,"key":"Ancient Potion"},{"floor":27.0,"key":"Fire Potion"},{"floor":30.0,"key":"Strength Potion"},{"floor":37,"key":"ElixirPotion"},{"floor":40,"key":"LiquidBronze"},{"floor":42,"key":"Regen Potion"},{"floor":48,"key":"LiquidBronze"}],"is_trial":false,"path_per_floor":["M","?","$","?","M","E","R","E","T","?","M","T","R","M","R","B",null,"M","M","?","?","?","R","E","T","T","M","M","$","M","?","R","B",null,"M","?","M","?","$","E","M","E","T","$","R","M","E","M","R","B",null,"R","$","E","B",null],"character_chosen":"IRONCLAD","items_purchased":["Sever Soul","Dark Embrace","Lee\u0027s Waffle","Reaper+1","Flex","Inflame","FairyPotion","Magic Flower","Inflame","Reaper+1","Pantograph","Happy Flower","TheAbacus","Regen Potion","Juggernaut","Exhume","Headbutt+1"],"campfire_rested":2,"item_purchase_floors":[3,3,29,29,29,29,29,29,39,39,39,39,39,39,44,53,53],"current_hp_per_floor":[47,47,47,47,42,25,58,37,37,25,25,25,58,53,62,22,80,64,42,42,27,27,42,42,42,42,14,14,49,27,27,48,27,49,49,49,49,59,59,59,56,59,59,59,59,49,30,59,59,59,59,59,59,59,56],"gold":51,"neow_bonus":"THREE_RARE_CARDS","is_prod":false,"is_daily":false,"chose_seed":false,"campfire_upgraded":5,"win_rate":0,"timestamp":1572249199,"path_taken":["M","?","$","?","?","E","R","E","T","?","M","?","R","M","R","BOSS","M","M","?","?","?","R","E","?","T","M","M","$","M","?","R","BOSS","M","?","?","?","$","E","M","E","T","?","R","M","E","M","R","BOSS","R","$","E","BOSS"],"build_version":"2019-10-25-V3","purchased_purges":0,"victory":true,"max_hp_per_floor":[80,80,80,80,80,80,80,80,80,80,80,80,80,80,80,80,80,80,80,80,85,42,42,42,42,42,42,42,49,49,49,49,49,49,49,49,49,59,59,59,59,59,59,59,59,59,59,59,59,59,59,59,59,59,59],"card_choices":[{"not_picked":["Double Tap","Fiend Fire"],"picked":"Offering","floor":0.0},{"not_picked":["Flex","Twin Strike"],"picked":"Perfected Strike","floor":1.0},{"not_picked":["Heavy Blade","Headbutt"],"picked":"Shrug It Off","floor":5.0},{"not_picked":["Searing Blow","Headbutt"],"picked":"Demon Form","floor":6.0},{"not_picked":["Anger","Rage"],"picked":"Flex","floor":8.0},{"not_picked":["Thunderclap","Rampage"],"picked":"Dual Wield","floor":11.0},{"not_picked":["Blood for Blood","Intimidate"],"picked":"Armaments","floor":14.0},{"not_picked":["Offering","Corruption"],"picked":"Limit Break","floor":16.0},{"not_picked":["Body Slam","Shockwave"],"picked":"Fire Breathing","floor":18.0},{"not_picked":["Burning Pact","Havoc"],"picked":"Wild Strike+1","floor":19.0},{"not_picked":["Clash","Armaments"],"picked":"Sentinel","floor":24.0},{"not_picked":["Body Slam+1","Clothesline+1"],"picked":"Whirlwind+1","floor":27.0},{"not_picked":["Shrug It Off","Metallicize"],"picked":"Evolve","floor":28.0},{"not_picked":["Body Slam+1","Twin Strike+1"],"picked":"Heavy Blade+1","floor":30.0},{"not_picked":["Double Tap","Offering"],"picked":"Brutality","floor":33.0},{"not_picked":["Flex+1","Shrug It Off+1"],"picked":"Fire Breathing+1","floor":35},{"not_picked":["Cleave+1","Clash+1"],"picked":"Shockwave","floor":37},{"not_picked":["Second Wind+1","Flex"],"picked":"Reaper+1","floor":40},{"not_picked":["Twin Strike+1","Sword Boomerang+1"],"picked":"Ghostly Armor+1","floor":41},{"not_picked":["Heavy Blade+1","Anger+1"],"picked":"Perfected Strike+1","floor":42},{"not_picked":["Uppercut+1","Searing Blow+1"],"picked":"Exhume","floor":46},{"not_picked":["Combust","Iron Wave+1"],"picked":"Limit Break","floor":47},{"not_picked":["Heavy Blade+1","True Grit+1"],"picked":"Rage+1","floor":48},{"not_picked":["Iron Wave+1","Sentinel+1"],"picked":"Fiend Fire+1","floor":54}],"player_experience":240295,"relics_obtained":[{"floor":6.0,"key":"Eternal Feather"},{"floor":8.0,"key":"Art of War"},{"floor":9.0,"key":"Gremlin Horn"},{"floor":17.0,"key":"Bag of Preparation"},{"floor":17.0,"key":"Mercury Hourglass"},{"floor":17.0,"key":"Pocketwatch"},{"floor":24.0,"key":"Molten Egg 2"},{"floor":25.0,"key":"Bronze Scales"},{"floor":26.0,"key":"Sundial"},{"floor":40,"key":"Vajra"},{"floor":42,"key":"Potion Belt"},{"floor":43,"key":"Toy Ornithopter"},{"floor":47,"key":"Kunai"},{"floor":54,"key":"Lizard Tail"}],"event_choices":[{"damage_healed":0.0,"max_hp_gain":0.0,"max_hp_loss":0.0,"gold_gain":0.0,"event_name":"Golden Wing","player_choice":"Ignored","floor":2.0,"gold_loss":0.0,"damage_taken":0.0},{"damage_healed":0.0,"max_hp_gain":0.0,"max_hp_loss":0.0,"gold_gain":0.0,"event_name":"FaceTrader","player_choice":"Trade","floor":4.0,"gold_loss":0.0,"damage_taken":0.0,"relics_obtained":["SsserpentHead"]},{"damage_healed":0.0,"max_hp_gain":0.0,"max_hp_loss":0.0,"gold_gain":0.0,"event_name":"Scrap Ooze","player_choice":"Success","floor":10.0,"gold_loss":0.0,"damage_taken":12.0,"relics_obtained":["MealTicket"]},{"damage_healed":0.0,"max_hp_gain":0.0,"max_hp_loss":0.0,"gold_gain":0.0,"event_name":"Addict","player_choice":"Stole Relic","floor":20.0,"gold_loss":0.0,"damage_taken":0.0,"relics_obtained":["CeramicFish"],"cards_obtained":["Shame"]},{"damage_healed":0.0,"max_hp_gain":5.0,"max_hp_loss":0.0,"gold_gain":0.0,"event_name":"Forgotten Altar","player_choice":"Shed Blood","floor":21.0,"gold_loss":0.0,"damage_taken":20.0},{"damage_healed":0.0,"max_hp_gain":0.0,"max_hp_loss":43.0,"gold_gain":0.0,"event_name":"Ghosts","player_choice":"Became a Ghost","floor":22.0,"gold_loss":0.0,"damage_taken":0.0,"cards_obtained":["Ghostly","Ghostly","Ghostly","Ghostly","Ghostly"]},{"damage_healed":0.0,"max_hp_gain":0.0,"max_hp_loss":0.0,"gold_gain":0.0,"event_name":"The Library","player_choice":"Read","floor":31.0,"gold_loss":0.0,"damage_taken":0.0,"cards_obtained":["Reaper"]},{"damage_healed":0,"gold_gain":275,"player_choice":"Desecrate","damage_taken":0,"max_hp_gain":0,"max_hp_loss":0,"event_name":"Golden Shrine","floor":36,"gold_loss":0,"cards_obtained":["Regret"]},{"cards_removed":["Offering"],"damage_healed":0,"gold_gain":0,"player_choice":"Offered Rare","damage_taken":0,"max_hp_gain":10,"max_hp_loss":0,"event_name":"Bonfire Elementals","floor":38,"gold_loss":0}],"is_beta":true,"boss_relics":[{"not_picked":["Coffee Dripper","Empty Cage"],"picked":"Calling Bell"},{"not_picked":["Fusion Hammer","SacredBark"],"picked":"Mark of Pain"}],"items_purged_floors":[],"is_endless":false,"potions_floor_spawned":[6,11,16,18,27,30,37,40,42,48],"ascension_level":2}