{"gold_per_floor":[114,79,94,94,109,109,13,13,13,13,28,58,73,88,88,188,188,203,218,218,233,248,248,263,263,288,303,333,258,273,23,23,123,123,138,153,153,168,183,183,213,13,38,38,53,68,83,43,43,43],"floor_reached":51,"playtime":4315,"items_purged":["Decay"],"score":830,"play_id":"8c3634cf-df03-49c8-8873-d0693cf66934","local_time":"20191015031700","daily_mods":["Insanity","Uncertain Future","Terminal"],"is_ascension_mode":false,"campfire_choices":[{"data":"Hello World","floor":6,"key":"SMITH"},{"data":"Mind Blast","floor":8,"key":"SMITH"},{"data":"Self Repair","floor":15,"key":"SMITH"},{"data":"Darkness","floor":23,"key":"SMITH"},{"data":"Storm","floor":25,"key":"SMITH"},{"data":"White Noise","floor":32,"key":"SMITH"},{"data":"Scrape","floor":40,"key":"SMITH"},{"data":"Seek","floor":44,"key":"SMITH"},{"data":"Tempest","floor":49,"key":"SMITH"}],"neow_cost":"","seed_source_timestamp":0,"circlet_count":0,"master_deck":["Glacier","Rebound","Scrape+1","Self Repair+1","Reinforced Body","Tempest","Conserve Battery","Coolheaded","Cold Snap","Stack","Lockon","Stack","Stack","Storm+1","Auto Shields","Lockon","Steam","Steam","Rip and Tear","Stack","Streamline","Streamline","Beam Cell","Sweeping Beam","Heatsinks","Steam","Skim","Turbo","Gash","Force Field","Rip and Tear","Conserve Battery","Stack","Rebound","Go for the Eyes","Gash","Chill","Conserve Battery","Go for the Eyes","Darkness","Fusion","Skim","Barrage","Ball Lightning","Gash","Conserve Battery","Ball Lightning","Streamline","Rip and Tear","Leap","Darkness+1","Blizzard","Mind Blast+1","Zap","Recycle","Defragment+1","White Noise+1","Static Discharge+1","Amplify","Rip and Tear+1","Barrage+1","Sweeping Beam+1","Mind Blast+1","Stack+1","Doom and Gloom","Rebound+1","Sunder+1","Hello World+1","Machine Learning+1","Seek+1","Chill+1","Compile Driver+1","Hologram+1","Redo+1","Core Surge","Force Field+1","Loop+1","Hello World+1","Tempest+1"],"special_seed":18184,"relics":["Cracked Core","WarpedTongs","Frozen Egg 2","Lantern","Astrolabe","Smiling Mask","Dream Catcher","Toy Ornithopter","Nuclear Battery","Question Card","Sling","Omamori"],"potions_floor_usage":[12,33,33,39,46,50],"damage_taken":[{"damage":0,"enemies":"Small Slimes","floor":1,"turns":5},{"damage":0,"enemies":"Cultist","floor":3,"turns":3},{"damage":0,"enemies":"2 Louse","floor":5,"turns":2},{"damage":6,"enemies":"Lots of Slimes","floor":11,"turns":4},{"damage":0,"enemies":"Lagavulin","floor":12,"turns":5},{"damage":0,"enemies":"Red Slaver","floor":13,"turns":1},{"damage":4,"enemies":"Gremlin Gang","floor":14,"turns":4},{"damage":16,"enemies":"Hexaghost","floor":16,"turns":6},{"damage":0,"enemies":"Spheric Guardian","floor":18,"turns":1},{"damage":1,"enemies":"Chosen","floor":19,"turns":3},{"damage":7,"enemies":"Centurion and Healer","floor":21,"turns":2},{"damage":0,"enemies":"Sentry and Sphere","floor":22,"turns":1},{"damage":0,"enemies":"Snecko","floor":24,"turns":1},{"damage":0,"enemies":"3 Cultists","floor":27,"turns":3},{"damage":6,"enemies":"Slavers","floor":28,"turns":3},{"damage":0,"enemies":"Snake Plant","floor":30,"turns":1},{"damage":33,"enemies":"Collector","floor":33,"turns":8},{"damage":0,"enemies":"Orb Walker","floor":35,"turns":1},{"damage":0,"enemies":"3 Shapes","floor":36,"turns":2},{"damage":0,"enemies":"Sphere and 2 Shapes","floor":38,"turns":2},{"damage":4,"enemies":"Maw","floor":39,"turns":4},{"damage":6,"enemies":"Giant Head","floor":41,"turns":8},{"damage":0,"enemies":"Spire Growth","floor":45,"turns":2},{"damage":0,"enemies":"4 Shapes","floor":46,"turns":3},{"damage":3,"enemies":"Maw","floor":47,"turns":7},{"damage":22,"enemies":"Donu and Deca","floor":50,"turns":9}],"seed_played":"-2149912566222791641","potions_obtained":[{"floor":1,"key":"Regen Potion"},{"floor":3,"key":"GamblersBrew"},{"floor":11,"key":"Ancient Potion"},{"floor":19,"key":"EssenceOfSteel"},{"floor":28,"key":"FocusPotion"},{"floor":35,"key":"SpeedPotion"},{"floor":36,"key":"Swift Potion"},{"floor":45,"key":"Regen Potion"},{"floor":46,"key":"Block Potion"}],"is_trial":false,"path_per_floor":["M","$","M","?","M","R","$","R","T","?","M","E","M","M","R","B",null,"M","M","?","M","M","R","M","R","T","M","E","?","M","$","R","B",null,"M","M","?","M","M","R","E","$","T","R","M","M","M","$","R","B",null],"character_chosen":"DEFECT","items_purchased":["Darkness","Mind Blast","Toy Ornithopter","Sling","Tempest"],"campfire_rested":0,"item_purchase_floors":[2,7,31,42,48],"current_hp_per_floor":[73,72,71,70,69,68,67,66,65,64,58,62,61,57,57,41,57,56,55,54,47,47,47,47,47,47,47,41,41,41,41,41,18,40,39,38,37,36,35,34,33,32,31,30,29,28,27,26,25,14],"gold":43,"neow_bonus":"","is_prod":false,"is_daily":true,"chose_seed":false,"campfire_upgraded":9,"win_rate":0.0,"timestamp":1571123820,"path_taken":["M","$","M","?","M","R","?","R","T","?","M","E","M","M","R","BOSS","M","M","?","?","M","R","M","R","T","M","E","?","M","$","R","BOSS","M","M","?","M","?","R","E","?","T","R","M","M","M","$","R","BOSS"],"build_version":"2019-07-17","purchased_purges":1,"victory":true,"max_hp_per_floor":[73,72,71,70,69,68,67,66,65,64,63,62,61,60,59,58,57,56,55,54,53,52,51,50,49,48,47,46,45,44,43,42,41,40,39,38,37,36,35,34,33,32,31,30,29,28,27,26,25,24],"card_choices":[{"not_picked":["Go for the Eyes","Beam Cell"],"picked":"Leap","floor":1},{"not_picked":["Go for the Eyes","Stack"],"picked":"Hello World","floor":3},{"not_picked":["Glacier","Redo"],"picked":"Blizzard","floor":5},{"not_picked":["Steam","Stack"],"picked":"Recycle","floor":11},{"not_picked":["Barrage","Redo"],"picked":"Defragment+1","floor":12},{"not_picked":["Hologram","Compile Driver"],"picked":"White Noise","floor":13},{"not_picked":["White Noise","Rebound"],"picked":"Static Discharge+1","floor":14},{"not_picked":["Reboot","All For One"],"picked":"Amplify","floor":16},{"not_picked":["Recycle","Streamline+1"],"picked":"Barrage+1","floor":18},{"not_picked":["Streamline+1","Compile Driver"],"picked":"Sweeping Beam+1","floor":19},{"not_picked":["Ball Lightning","Cold Snap"],"picked":"Stack+1","floor":21},{"not_picked":["Hello World+1","Sweeping Beam"],"picked":"Doom and Gloom","floor":22},{"not_picked":["Stack","Rip and Tear"],"picked":"Rebound+1","floor":24},{"not_picked":["Aggregate","Double Energy"],"picked":"Sunder+1","floor":27},{"not_picked":["Barrage","Streamline+1"],"picked":"Hello World+1","floor":28},{"not_picked":["Compile Driver","Glacier"],"picked":"Machine Learning+1","floor":30},{"not_picked":["Amplify","Thunder Strike"],"picked":"Seek","floor":33},{"not_picked":["Conserve Battery+1","Ball Lightning"],"picked":"Chill+1","floor":35},{"not_picked":["Static Discharge+1","Go for the Eyes+1"],"picked":"Compile Driver+1","floor":36},{"not_picked":["Sweeping Beam","Storm+1"],"picked":"Hologram+1","floor":38},{"not_picked":["Darkness","All For One"],"picked":"Redo+1","floor":39},{"not_picked":["Hologram+1","Rebound+1"],"picked":"Core Surge","floor":41},{"not_picked":["Turbo+1","Stack","Barrage"],"picked":"Force Field+1","floor":45},{"not_picked":["Compile Driver+1","Doom and Gloom","Self Repair+1"],"picked":"Loop+1","floor":46},{"not_picked":["Consume","Chaos","Beam Cell+1"],"picked":"Hello World+1","floor":47}],"player_experience":63332,"relics_obtained":[{"floor":9,"key":"Frozen Egg 2"},{"floor":12,"key":"Lantern"},{"floor":26,"key":"Smiling Mask"},{"floor":28,"key":"Dream Catcher"},{"floor":41,"key":"Question Card"},{"floor":43,"key":"Omamori"}],"event_choices":[{"damage_healed":0,"gold_gain":0,"player_choice":"Rummage","damage_taken":0,"relics_obtained":["WarpedTongs"],"max_hp_gain":0,"max_hp_loss":0,"event_name":"Accursed Blacksmith","floor":4,"gold_loss":0,"cards_obtained":["Pain"]},{"damage_healed":0,"gold_gain":0,"player_choice":"2 cards matched","damage_taken":0,"max_hp_gain":0,"max_hp_loss":0,"event_name":"Match and Keep!","floor":10,"gold_loss":0,"cards_obtained":["Normality","Zap"]},{"damage_healed":0,"gold_gain":0,"player_choice":"Copied","damage_taken":0,"max_hp_gain":0,"max_hp_loss":0,"event_name":"Duplicator","floor":20,"gold_loss":0,"cards_obtained":["Mind Blast"]},{"cards_removed":["Pain"],"damage_healed":0,"gold_gain":0,"player_choice":"Gave Gold","damage_taken":0,"max_hp_gain":0,"max_hp_loss":0,"event_name":"Beggar","floor":29,"gold_loss":75},{"cards_removed":["Hello World"],"damage_healed":0,"gold_gain":0,"player_choice":"Offered Uncommon","damage_taken":0,"max_hp_gain":0,"max_hp_loss":0,"event_name":"Bonfire Elementals","floor":37,"gold_loss":0}],"is_beta":false,"boss_relics":[{"not_picked":["Velvet Choker","Empty Cage"],"picked":"Astrolabe"},{"not_picked":["Tiny House","Philosopher\u0027s Stone"],"picked":"Nuclear Battery"}],"items_purged_floors":[31],"is_endless":false,"potions_floor_spawned":[1,3,11,19,21,28,35,36,45,46],"ascension_level":0}