{"gold_per_floor":[118,137,102,120,191,191,191,191,263,296,296,23,23,41,41,166,166,184,200,200,47,68,68,104,104,104,104,128,128,143,143],"floor_reached":31,"playtime":3666,"items_purged":[],"score":253,"play_id":"e6673439-b996-414a-94a7-e3db7d358be4","local_time":"20191013064754","is_ascension_mode":false,"campfire_choices":[{"data":"Streamline","floor":6,"key":"SMITH"},{"floor":8,"key":"REST"},{"data":"Metamorphosis","floor":13,"key":"SMITH"},{"data":"Dark Shackles","floor":15,"key":"SMITH"},{"floor":23,"key":"REST"},{"floor":25,"key":"REST"},{"floor":29,"key":"REST"}],"neow_cost":"NONE","seed_source_timestamp":138648738255300,"circlet_count":0,"master_deck":["Strike_B","Strike_B","Strike_B","Strike_B","Defend_B","Defend_B","Defend_B","Defend_B+1","Zap","Dualcast","Defragment","Steam","Doom and Gloom","Streamline+1","Ball Lightning","Metamorphosis+1","Dark Shackles+1","Tempest+1","Machine Learning","Compile Driver+1","Skim+1","Stack","All For One","Aggregate+1","Self Repair"],"relics":["Cracked Core","NeowsBlessing","Golden Idol","Dodecahedron","Juzu Bracelet","Snecko Eye","War Paint","Toxic Egg 2","Torii","MutagenicStrength"],"potions_floor_usage":[16],"damage_taken":[{"damage":0,"enemies":"Jaw Worm","floor":1,"turns":1},{"damage":0,"enemies":"Small Slimes","floor":2,"turns":1},{"damage":0,"enemies":"Cultist","floor":4,"turns":1},{"damage":16,"enemies":"Gremlin Nob","floor":10,"turns":4},{"damage":0,"enemies":"Gremlin Gang","floor":14,"turns":3},{"damage":1,"enemies":"Slime Boss","floor":16,"turns":6},{"damage":0,"enemies":"Spheric Guardian","floor":18,"turns":3},{"damage":38,"enemies":"3 Byrds","floor":19,"turns":6},{"damage":15,"enemies":"Cultist and Chosen","floor":22,"turns":6},{"damage":25,"enemies":"Book of Stabbing","floor":24,"turns":4},{"damage":27,"enemies":"Centurion and Healer","floor":28,"turns":5},{"damage":23,"enemies":"Snake Plant","floor":30,"turns":4},{"damage":21,"enemies":"3 Cultists","floor":31,"turns":3}],"seed_played":"-7738358384065592692","potions_obtained":[{"floor":1,"key":"AttackPotion"},{"floor":4,"key":"SkillPotion"},{"floor":22,"key":"PowerPotion"},{"floor":28,"key":"Weak Potion"},{"floor":30,"key":"Block Potion"}],"is_trial":false,"path_per_floor":["M","M","$","M","?","R","?","R","T","E","?","$","R","M","R","B",null,"M","M","?","$","M","R","E","R","T","?","M","R","M","M"],"character_chosen":"DEFECT","items_purchased":["Doom and Gloom","Metamorphosis","Dark Shackles","War Paint"],"campfire_rested":4,"item_purchase_floors":[3,12,12,21],"current_hp_per_floor":[75,75,75,75,75,75,57,75,75,59,75,75,75,75,75,74,75,75,37,37,37,22,44,19,41,41,41,14,36,13,0],"gold":143,"neow_bonus":"THREE_ENEMY_KILL","is_prod":false,"is_daily":false,"chose_seed":false,"campfire_upgraded":3,"win_rate":0.0,"timestamp":1570963674,"path_taken":["M","M","$","M","?","R","?","R","T","E","?","$","R","M","R","BOSS","M","M","?","$","M","R","E","R","T","?","M","R","M","M"],"build_version":"2019-07-17","purchased_purges":0,"victory":false,"max_hp_per_floor":[75,75,75,75,75,75,75,75,75,75,75,75,75,75,75,75,75,75,75,75,75,75,75,75,75,75,75,75,75,75,75],"card_choices":[{"not_picked":["Hologram","Consume"],"picked":"Defragment","floor":1},{"not_picked":["Compile Driver","Electrodynamics"],"picked":"Steam","floor":2},{"not_picked":["Redo","Sweeping Beam"],"picked":"Streamline","floor":4},{"not_picked":["Steam","Hologram"],"picked":"Ball Lightning","floor":10},{"not_picked":["Defragment","Go for the Eyes"],"picked":"Tempest","floor":14},{"not_picked":["Fission","Seek"],"picked":"Machine Learning","floor":16},{"not_picked":["Redo","Heatsinks"],"picked":"Compile Driver+1","floor":18},{"not_picked":["Streamline+1","Redo"],"picked":"Skim+1","floor":19},{"not_picked":["Go for the Eyes","Compile Driver+1"],"picked":"Stack","floor":22},{"not_picked":["Sweeping Beam","Machine Learning"],"picked":"All For One","floor":24},{"not_picked":["FTL","Redo+1"],"picked":"Aggregate+1","floor":28},{"not_picked":["Sweeping Beam","Heatsinks"],"picked":"Self Repair","floor":30}],"player_experience":6783,"relics_obtained":[{"floor":9,"key":"Dodecahedron"},{"floor":10,"key":"Juzu Bracelet"},{"floor":24,"key":"Toxic Egg 2"},{"floor":26,"key":"Torii"}],"event_choices":[{"damage_healed":0,"gold_gain":71,"player_choice":"Gained Gold","damage_taken":0,"max_hp_gain":0,"max_hp_loss":0,"event_name":"Golden Wing","floor":5,"gold_loss":0},{"damage_healed":0,"gold_gain":0,"player_choice":"Take Damage","damage_taken":18,"relics_obtained":["Golden Idol"],"max_hp_gain":0,"max_hp_loss":0,"event_name":"Golden Idol","floor":7,"gold_loss":0},{"damage_healed":25,"gold_gain":0,"player_choice":"Banana","damage_taken":0,"max_hp_gain":0,"max_hp_loss":0,"event_name":"Big Fish","floor":11,"gold_loss":0},{"damage_healed":0,"gold_gain":0,"player_choice":"Ignored","damage_taken":0,"max_hp_gain":0,"max_hp_loss":0,"event_name":"Beggar","floor":20,"gold_loss":0},{"damage_healed":0,"gold_gain":0,"player_choice":"Inject Mutagens","damage_taken":0,"relics_obtained":["MutagenicStrength"],"max_hp_gain":0,"max_hp_loss":0,"event_name":"Drug Dealer","floor":27,"gold_loss":0}],"is_beta":false,"boss_relics":[{"not_picked":["Ectoplasm","Fusion Hammer"],"picked":"Snecko Eye"}],"items_purged_floors":[],"is_endless":false,"potions_floor_spawned":[1,4,22,28,30],"killed_by":"3 Cultists","ascension_level":0}