{"gold_per_floor":[115,18,89,105,117,117,144,144,167,167,180,192,206,216,216,316,316,316,316,316,98,68,68,68,68,68,5,5,5,5,5,5,5,5,5,5,5,5,5,5,5,5,5,5,5,5,5,5,5,5],"floor_reached":51,"playtime":3963,"items_purged":["Strike_R"],"score":721,"play_id":"7f285c18-ad3f-491d-8c56-c8312dbf344f","local_time":"20191020015656","is_ascension_mode":false,"campfire_choices":[{"data":"Bash","floor":6,"key":"SMITH"},{"data":"Spot Weakness","floor":15,"key":"SMITH"},{"data":"Bludgeon","floor":23,"key":"SMITH"},{"data":"Entrench","floor":28,"key":"SMITH"},{"data":"Double Tap","floor":30,"key":"SMITH"},{"data":"Battle Trance","floor":32,"key":"SMITH"},{"data":"Impervious","floor":41,"key":"SMITH"},{"data":"Immolate","floor":45,"key":"SMITH"},{"data":"Shockwave","floor":47,"key":"SMITH"},{"data":"Shrug It Off","floor":49,"key":"SMITH"}],"neow_cost":"NONE","seed_source_timestamp":765433713325701,"circlet_count":0,"master_deck":["Defend_R","Defend_R","Defend_R","Defend_R","Bash+1","Flex","Battle Trance+1","Fire Breathing+1","Cleave","Feel No Pain+1","Spot Weakness+1","Bludgeon+1","Impervious+1","Armaments+1","Necronomicurse","Thunderclap+1","Bite","Bite","Bite","Bite","Bite","Double Tap+1","Entrench+1","Shrug It Off+1","Immolate+1","Heavy Blade+1","Armaments+1","Barricade+1","Rage+1","Shockwave+1","Headbutt"],"relics":["Burning Blood","Frozen Egg 2","Pantograph","Boot","Pen Nib","Ectoplasm","Necronomicon","Red Mask","Red Skull","Blood Vial","The Courier","PreservedInsect","Runic Pyramid","Magic Flower"],"potions_floor_usage":[7,12,14,20,22,33,42,42],"damage_taken":[{"damage":6,"enemies":"Cultist","floor":1,"turns":3},{"damage":0,"enemies":"2 Louse","floor":4,"turns":3},{"damage":0,"enemies":"Small Slimes","floor":5,"turns":3},{"damage":27,"enemies":"Gremlin Nob","floor":7,"turns":4},{"damage":6,"enemies":"Blue Slaver","floor":11,"turns":5},{"damage":8,"enemies":"Lots of Slimes","floor":12,"turns":2},{"damage":10,"enemies":"Looter","floor":13,"turns":2},{"damage":22,"enemies":"Exordium Thugs","floor":14,"turns":4},{"damage":24,"enemies":"Slime Boss","floor":16,"turns":8},{"damage":19,"enemies":"Spheric Guardian","floor":18,"turns":4},{"damage":25,"enemies":"Masked Bandits","floor":20,"turns":4},{"damage":12,"enemies":"2 Thieves","floor":22,"turns":3},{"damage":20,"enemies":"Slavers","floor":25,"turns":6},{"damage":22,"enemies":"Book of Stabbing","floor":29,"turns":4},{"damage":15,"enemies":"Snake Plant","floor":31,"turns":4},{"damage":40,"enemies":"Collector","floor":33,"turns":8},{"damage":6,"enemies":"3 Shapes","floor":35,"turns":1},{"damage":0,"enemies":"Orb Walker","floor":36,"turns":1},{"damage":0,"enemies":"4 Shapes","floor":37,"turns":3},{"damage":30,"enemies":"Writhing Mass","floor":38,"turns":4},{"damage":11,"enemies":"Giant Head","floor":40,"turns":4},{"damage":6,"enemies":"Spire Growth","floor":42,"turns":5},{"damage":9,"enemies":"Sphere and 2 Shapes","floor":44,"turns":6},{"damage":11,"enemies":"Maw","floor":46,"turns":7},{"damage":14,"enemies":"3 Darklings","floor":48,"turns":6},{"damage":45,"enemies":"Awakened One","floor":50,"turns":9}],"seed_played":"-8361003589881168733","potions_obtained":[{"floor":1,"key":"FairyPotion"},{"floor":7,"key":"Regen Potion"},{"floor":10,"key":"LiquidBronze"},{"floor":12,"key":"Regen Potion"},{"floor":16,"key":"LiquidBronze"},{"floor":20,"key":"BloodPotion"},{"floor":29,"key":"Poison Potion"},{"floor":33,"key":"SpeedPotion"},{"floor":48,"key":"Ancient Potion"}],"is_trial":false,"path_per_floor":["M","$","T","M","M","R","E","?","T","?","M","M","M","M","R","B",null,"M","?","?","$","M","R","?","E","T","$","R","E","R","M","R","B",null,"M","M","M","M","$","E","R","M","T","M","R","M","R","M","R","B",null],"character_chosen":"IRONCLAD","items_purchased":["Fruit Juice","Red Skull","Entrench"],"campfire_rested":0,"item_purchase_floors":[2,21,27],"current_hp_per_floor":[80,80,80,80,80,80,64,57,57,57,57,55,51,47,47,54,85,72,56,37,37,52,52,52,47,47,47,47,41,41,45,45,41,59,59,59,59,35,35,35,35,59,59,59,59,59,59,58,58,31],"gold":5,"neow_bonus":"THREE_CARDS","is_prod":false,"is_daily":false,"chose_seed":false,"campfire_upgraded":10,"win_rate":0,"timestamp":1571551016,"path_taken":["M","$","?","M","M","R","E","?","T","?","?","M","M","M","R","BOSS","M","?","?","$","M","R","?","E","T","?","R","E","R","?","R","BOSS","M","?","M","M","$","E","R","M","T","M","R","M","R","M","R","BOSS"],"build_version":"2019-07-17","purchased_purges":1,"victory":true,"max_hp_per_floor":[80,80,80,80,80,80,85,85,85,85,85,85,85,85,85,85,85,85,85,85,85,85,85,59,59,59,59,59,59,59,59,59,59,59,59,59,59,59,59,59,59,59,59,59,59,59,59,59,59,59],"card_choices":[{"not_picked":["Clothesline","Rampage"],"picked":"Flex","floor":0},{"not_picked":["Power Through","Heavy Blade"],"picked":"Battle Trance","floor":1},{"not_picked":["Wild Strike","Body Slam"],"picked":"Fire Breathing+1","floor":4},{"not_picked":["Uppercut","Power Through","Havoc"],"picked":"SKIP","floor":5},{"not_picked":["Perfected Strike","Twin Strike","Searing Blow"],"picked":"SKIP","floor":7},{"not_picked":["Twin Strike","Anger"],"picked":"Cleave","floor":11},{"not_picked":["Power Through","Fire Breathing+1"],"picked":"Feel No Pain+1","floor":12},{"not_picked":["Clash","Corruption+1"],"picked":"Spot Weakness","floor":13},{"not_picked":["Thunderclap","Armaments"],"picked":"Bludgeon","floor":14},{"not_picked":["Reaper","Immolate"],"picked":"Impervious","floor":16},{"not_picked":["Shrug It Off+1","Clash"],"picked":"Armaments+1","floor":18},{"not_picked":["Iron Wave+1","Fire Breathing+1"],"picked":"Thunderclap+1","floor":22},{"not_picked":["Warcry","Twin Strike"],"picked":"Double Tap","floor":25},{"not_picked":["Cleave","Anger","Wild Strike+1"],"picked":"SKIP","floor":29},{"not_picked":["Headbutt","Sword Boomerang+1"],"picked":"Shrug It Off","floor":31},{"not_picked":["Offering","Juggernaut+1"],"picked":"Immolate","floor":33},{"not_picked":["Anger","Feel No Pain+1"],"picked":"Heavy Blade+1","floor":35},{"not_picked":["Clash+1","Burning Pact+1","Anger"],"picked":"SKIP","floor":36},{"not_picked":["Clash","Rampage+1","Warcry"],"picked":"SKIP","floor":37},{"not_picked":["Havoc","Sentinel"],"picked":"Armaments+1","floor":38},{"not_picked":["Seeing Red+1","Wild Strike"],"picked":"Barricade+1","floor":40},{"not_picked":["Burning Pact+1","Hemokinesis"],"picked":"Rage+1","floor":42},{"not_picked":["Feel No Pain+1","Wild Strike","Uppercut+1"],"picked":"SKIP","floor":44},{"not_picked":["Perfected Strike","Armaments+1"],"picked":"Shockwave","floor":46},{"not_picked":["Iron Wave+1","Flex+1"],"picked":"Headbutt","floor":48}],"player_experience":624619,"relics_obtained":[{"floor":3,"key":"Frozen Egg 2"},{"floor":7,"key":"Pantograph"},{"floor":9,"key":"Pen Nib"},{"floor":19,"key":"Necronomicon"},{"floor":20,"key":"Red Mask"},{"floor":25,"key":"Blood Vial"},{"floor":26,"key":"The Courier"},{"floor":29,"key":"PreservedInsect"},{"floor":40,"key":"Magic Flower"}],"event_choices":[{"damage_healed":0,"gold_gain":0,"player_choice":"Success","damage_taken":7,"relics_obtained":["Boot"],"max_hp_gain":0,"max_hp_loss":0,"event_name":"Scrap Ooze","floor":8,"gold_loss":0},{"damage_healed":0,"gold_gain":0,"player_choice":"Got Potions","damage_taken":0,"max_hp_gain":0,"max_hp_loss":0,"event_name":"Lab","floor":10,"gold_loss":0},{"damage_healed":0,"gold_gain":0,"player_choice":"Obtained Book","damage_taken":16,"max_hp_gain":0,"max_hp_loss":0,"event_name":"Cursed Tome","floor":19,"gold_loss":0},{"damage_healed":0,"gold_gain":0,"player_choice":"Fought Bandits","damage_taken":0,"max_hp_gain":0,"max_hp_loss":0,"event_name":"Masked Bandits","floor":20,"gold_loss":0},{"damage_healed":0,"gold_gain":0,"player_choice":"Became a vampire","damage_taken":0,"max_hp_gain":0,"max_hp_loss":26,"event_name":"Vampires","floor":24,"gold_loss":0,"cards_obtained":["Bite","Bite","Bite","Bite","Bite"]}],"is_beta":false,"boss_relics":[{"not_picked":["Black Star","Snecko Eye"],"picked":"Ectoplasm"},{"not_picked":["Calling Bell","Tiny House"],"picked":"Runic Pyramid"}],"items_purged_floors":[21],"is_endless":false,"potions_floor_spawned":[1,7,12,16,18,20,29,33,37,40,48],"ascension_level":0}