{"gold_per_floor":[117,117,34,53,70,70,90,102,102,118,178,178,26,56,56,154,154,166,166,182,182,202,202],"floor_reached":23,"playtime":2960,"items_purged":[],"score":282,"play_id":"e5dfc304-efb0-4264-a808-ff5dddc31895","local_time":"20191006004919","is_ascension_mode":true,"campfire_choices":[{"data":"Feed","floor":6,"key":"SMITH"},{"data":"Discovery","floor":12,"key":"SMITH"},{"data":"Flame Barrier","floor":15,"key":"SMITH"}],"neow_cost":"NONE","seed_source_timestamp":283684313092274,"circlet_count":0,"master_deck":["Strike_R","Strike_R","Strike_R","Strike_R","Defend_R","Defend_R","Defend_R","Defend_R","Bash","Exhume","Ghostly Armor","Feed+1","Forethought","Discovery+1","Battle Trance","Blood for Blood","Thunderclap","Flame Barrier+1","Sword Boomerang","Limit Break","Shrug It Off","Flex","Whirlwind","Limit Break","Rage"],"relics":["Burning Blood","Ancient Tea Set","Art of War","Red Skull","Pear","Philosopher\u0027s Stone"],"potions_floor_usage":[8,11,16,18,18,18,20,22],"damage_taken":[{"damage":1,"enemies":"Cultist","floor":1,"turns":3},{"damage":0,"enemies":"2 Louse","floor":4,"turns":2},{"damage":2,"enemies":"Jaw Worm","floor":5,"turns":3},{"damage":8,"enemies":"Blue Slaver","floor":7,"turns":3},{"damage":6,"enemies":"3 Louse","floor":8,"turns":3},{"damage":1,"enemies":"2 Fungi Beasts","floor":10,"turns":3},{"damage":28,"enemies":"Lagavulin Event","floor":11,"turns":6},{"damage":15,"enemies":"Lagavulin","floor":14,"turns":5},{"damage":7,"enemies":"The Guardian","floor":16,"turns":11},{"damage":61,"enemies":"3 Byrds","floor":18,"turns":6},{"damage":19,"enemies":"Shell Parasite","floor":20,"turns":4},{"damage":24,"enemies":"Chosen and Byrds","floor":22,"turns":4},{"damage":81,"enemies":"Book of Stabbing","floor":23,"turns":5}],"seed_played":"-5830525789019039139","potions_obtained":[{"floor":4,"key":"SteroidPotion"},{"floor":5,"key":"Energy Potion"},{"floor":8,"key":"PowerPotion"},{"floor":14,"key":"Regen Potion"},{"floor":16,"key":"EntropicBrew"},{"floor":18,"key":"Explosive Potion"}],"is_trial":false,"path_per_floor":["M","?","$","M","M","R","M","M","T","M","?","R","$","E","R","B",null,"M","?","M","?","M","E"],"character_chosen":"IRONCLAD","items_purchased":["Discovery","Red Skull"],"campfire_rested":0,"item_purchase_floors":[3,13],"current_hp_per_floor":[80,80,80,83,86,86,88,96,96,102,84,84,84,85,85,88,120,83,83,74,74,60,0],"gold":202,"neow_bonus":"TRANSFORM_CARD","is_prod":false,"is_daily":false,"chose_seed":false,"campfire_upgraded":3,"win_rate":0,"timestamp":1570337359,"path_taken":["M","?","$","M","M","R","?","M","T","M","?","R","$","E","R","BOSS","M","?","M","?","M","E"],"build_version":"2019-07-17","purchased_purges":0,"victory":false,"max_hp_per_floor":[80,80,80,83,86,86,90,98,98,102,106,106,106,116,116,120,120,124,124,128,128,132,132],"card_choices":[{"not_picked":["Wild Strike","Evolve"],"picked":"Ghostly Armor","floor":1},{"not_picked":["Second Wind","Pommel Strike"],"picked":"Battle Trance","floor":4},{"not_picked":["Ghostly Armor","Reckless Charge"],"picked":"Blood for Blood","floor":5},{"not_picked":["Havoc","Wild Strike"],"picked":"Thunderclap","floor":7},{"not_picked":["Perfected Strike","Headbutt"],"picked":"Flame Barrier","floor":8},{"not_picked":["Dropkick","Reckless Charge","Pommel Strike"],"picked":"SKIP","floor":10},{"not_picked":["Burning Pact","Headbutt"],"picked":"Sword Boomerang","floor":11},{"not_picked":["Evolve","Blood for Blood","Body Slam"],"picked":"SKIP","floor":14},{"not_picked":["Impervious","Fiend Fire"],"picked":"Limit Break","floor":16},{"not_picked":["Twin Strike","Warcry"],"picked":"Shrug It Off","floor":18},{"not_picked":["Carnage","Clash"],"picked":"Whirlwind","floor":20},{"not_picked":["Second Wind+1","Warcry"],"picked":"Rage","floor":22}],"player_experience":454670,"relics_obtained":[{"floor":9,"key":"Ancient Tea Set"},{"floor":11,"key":"Art of War"},{"floor":14,"key":"Pear"}],"event_choices":[{"damage_healed":0,"gold_gain":0,"player_choice":"2 cards matched","damage_taken":0,"max_hp_gain":0,"max_hp_loss":0,"event_name":"Match and Keep!","floor":2,"gold_loss":0,"cards_obtained":["Feed","Forethought"]},{"damage_healed":0,"gold_gain":30,"player_choice":"Searched \u00273\u0027 times","damage_taken":0,"max_hp_gain":0,"max_hp_loss":0,"event_name":"Dead Adventurer","floor":11,"gold_loss":0},{"damage_healed":0,"gold_gain":0,"player_choice":"Read","damage_taken":0,"max_hp_gain":0,"max_hp_loss":0,"event_name":"The Library","floor":19,"gold_loss":0,"cards_obtained":["Flex"]},{"damage_healed":0,"gold_gain":0,"player_choice":"Copied","damage_taken":0,"max_hp_gain":0,"max_hp_loss":0,"event_name":"Duplicator","floor":21,"gold_loss":0,"cards_obtained":["Limit Break"]}],"is_beta":false,"boss_relics":[{"not_picked":["Runic Dome","Fusion Hammer"],"picked":"Philosopher\u0027s Stone"}],"items_purged_floors":[],"is_endless":false,"potions_floor_spawned":[4,5,8,14,16,18],"killed_by":"Book of Stabbing","ascension_level":4}