{"gold_per_floor":[117,117,133,146,156,183,183,200,200,200],"floor_reached":10,"playtime":807,"items_purged":[],"score":74,"play_id":"a6b1d145-5490-4cad-a704-f962f40b4314","local_time":"20191021112937","is_ascension_mode":true,"campfire_choices":[{"floor":7,"key":"REST"}],"neow_cost":"NONE","seed_source_timestamp":139297304133800,"circlet_count":0,"master_deck":["Strike_G","Strike_G","Strike_G","Defend_G","Defend_G","Defend_G","Defend_G","Defend_G","Survivor","Neutralize","Noxious Fumes","Flying Knee","Footwork","Blur","Well Laid Plans","Noxious Fumes","Poisoned Stab"],"special_seed":0,"relics":["Ring of the Snake","Pen Nib","Ninja Scroll"],"potions_floor_usage":[],"damage_taken":[{"damage":0.0,"enemies":"2 Louse","floor":1.0,"turns":5.0},{"damage":0.0,"enemies":"Small Slimes","floor":3.0,"turns":3.0},{"damage":0.0,"enemies":"Jaw Worm","floor":4.0,"turns":5.0},{"damage":0.0,"enemies":"Red Slaver","floor":5.0,"turns":7.0},{"damage":62,"enemies":"Gremlin Nob","floor":6,"turns":7},{"damage":2,"enemies":"3 Louse","floor":8,"turns":4},{"damage":24,"enemies":"Lagavulin","floor":10,"turns":3}],"seed_played":"3098783047218348598","potions_obtained":[{"floor":8,"key":"Explosive Potion"}],"is_trial":false,"path_per_floor":["M","?","M","M","M","E","R","M","T","E"],"character_chosen":"THE_SILENT","items_purchased":[],"campfire_rested":1,"item_purchase_floors":[],"current_hp_per_floor":[70,63,63,63,63,1,22,20,20,0],"gold":200,"neow_bonus":"TRANSFORM_CARD","is_prod":false,"is_daily":false,"chose_seed":false,"campfire_upgraded":0,"win_rate":0,"timestamp":1571671777,"path_taken":["M","?","M","M","M","E","R","M","T","E"],"build_version":"2019-10-18","purchased_purges":0,"victory":false,"max_hp_per_floor":[70,70,70,70,70,70,70,70,70,70],"card_choices":[{"not_picked":["Backflip","Dagger Spray"],"picked":"Flying Knee","floor":1.0},{"not_picked":["Poisoned Stab","Bouncing Flask"],"picked":"Footwork","floor":3.0},{"not_picked":["Prepared","Cloak And Dagger"],"picked":"Blur","floor":4.0},{"not_picked":["Masterful Stab","Prepared"],"picked":"Well Laid Plans","floor":5.0},{"not_picked":["Backflip","Reflex"],"picked":"Noxious Fumes","floor":6},{"not_picked":["Blur","Underhanded Strike"],"picked":"Poisoned Stab","floor":8}],"player_experience":177674,"relics_obtained":[{"floor":6,"key":"Pen Nib"},{"floor":9,"key":"Ninja Scroll"}],"event_choices":[{"cards_removed":["Strike_G"],"damage_healed":0.0,"max_hp_gain":0.0,"max_hp_loss":0.0,"gold_gain":0.0,"event_name":"Golden Wing","player_choice":"Card Removal","floor":2.0,"gold_loss":0.0,"damage_taken":7.0}],"is_beta":true,"boss_relics":[],"items_purged_floors":[],"is_endless":false,"potions_floor_spawned":[8],"killed_by":"Lagavulin","ascension_level":1}