{"gold_per_floor":[10,29,42,42,62,62,62,62,87,113,113,126,155,174,174,272,272,292,311,311,311,16,49,49,74,74,105,119,130,130,140,140,244,244,261,276,289,308,18,18,31,31,83,83,108,118,128,155,155,155,155,155,8,36,36],"floor_reached":56,"playtime":8975,"items_purged":["Strike_G"],"score":1533,"play_id":"0cb3f949-92d2-4e32-8d44-0effba981043","local_time":"20191013005213","is_ascension_mode":true,"campfire_choices":[{"data":"Sucker Punch","floor":6,"key":"SMITH"},{"data":"Bouncing Flask","floor":8,"key":"SMITH"},{"data":"Catalyst","floor":11,"key":"SMITH"},{"floor":15,"key":"REST"},{"floor":24,"key":"REST"},{"floor":30,"key":"REST"},{"floor":32,"key":"REST"},{"floor":40,"key":"REST"},{"floor":42,"key":"RECALL"},{"data":"After Image","floor":44,"key":"SMITH"},{"floor":49,"key":"REST"},{"data":"Footwork","floor":52,"key":"SMITH"}],"neow_cost":"NO_GOLD","seed_source_timestamp":506184142338611,"circlet_count":0,"master_deck":["Strike_G","Strike_G","Defend_G","Defend_G","Defend_G","Defend_G","Defend_G","Survivor","Neutralize","Blur","Caltrops","Deadly Poison","Sucker Punch+1","Bane","Bouncing Flask+1","Catalyst+1","PiercingWail","After Image+1","Dash","Unload","Footwork+1","Distraction+1","Bouncing Flask","Dagger Spray","Catalyst","Noxious Fumes+1","Phantasmal Killer","Catalyst+1","Dodge and Roll+1","PiercingWail","Adrenaline","Acrobatics+1","Acrobatics+1","Envenom","Footwork","Blur+1"],"relics":["Ring of the Serpent","Letter Opener","Torii","Bag of Preparation","Omamori","PreservedInsect","Velvet Choker","Enchiridion","Tough Bandages","Mummified Hand","Pen Nib","Blue Candle","Du-Vu Doll","Bronze Scales","Oddly Smooth Stone","Tingsha","Lantern","Anchor"],"potions_floor_usage":[10,13,14,28,36,41],"damage_taken":[{"damage":7,"enemies":"Small Slimes","floor":1,"turns":6},{"damage":3,"enemies":"Jaw Worm","floor":2,"turns":5},{"damage":1,"enemies":"2 Louse","floor":3,"turns":4},{"damage":0,"enemies":"Blue Slaver","floor":5,"turns":3},{"damage":21,"enemies":"3 Sentries","floor":10,"turns":6},{"damage":0,"enemies":"Red Slaver","floor":12,"turns":4},{"damage":1,"enemies":"Gremlin Nob","floor":13,"turns":3},{"damage":12,"enemies":"Lots of Slimes","floor":14,"turns":4},{"damage":4,"enemies":"Hexaghost","floor":16,"turns":6},{"damage":0,"enemies":"Chosen","floor":18,"turns":3},{"damage":0,"enemies":"Spheric Guardian","floor":19,"turns":4},{"damage":24,"enemies":"Book of Stabbing","floor":23,"turns":3},{"damage":23,"enemies":"Slavers","floor":25,"turns":4},{"damage":13,"enemies":"Book of Stabbing","floor":27,"turns":4},{"damage":1,"enemies":"Centurion and Healer","floor":28,"turns":7},{"damage":0,"enemies":"Snake Plant","floor":29,"turns":2},{"damage":0,"enemies":"3 Cultists","floor":31,"turns":5},{"damage":43,"enemies":"Automaton","floor":33,"turns":10},{"damage":1,"enemies":"Orb Walker","floor":35,"turns":3},{"damage":2,"enemies":"3 Darklings","floor":36,"turns":4},{"damage":1,"enemies":"Maw","floor":37,"turns":5},{"damage":14,"enemies":"Writhing Mass","floor":38,"turns":5},{"damage":1,"enemies":"Spire Growth","floor":41,"turns":3},{"damage":16,"enemies":"Reptomancer","floor":45,"turns":4},{"damage":1,"enemies":"Sphere and 2 Shapes","floor":46,"turns":5},{"damage":1,"enemies":"3 Darklings","floor":47,"turns":3},{"damage":0,"enemies":"Nemesis","floor":48,"turns":3},{"damage":20,"enemies":"Donu and Deca","floor":50,"turns":7},{"damage":19,"enemies":"Shield and Spear","floor":54,"turns":5},{"damage":46,"enemies":"The Heart","floor":55,"turns":10}],"seed_played":"-679220200883799691","potions_obtained":[{"floor":3,"key":"Regen Potion"},{"floor":5,"key":"Fire Potion"},{"floor":10,"key":"SteroidPotion"},{"floor":16,"key":"Swift Potion"},{"floor":19,"key":"Strength Potion"},{"floor":21,"key":"FairyPotion"},{"floor":21,"key":"Ancient Potion"},{"floor":33,"key":"PowerPotion"},{"floor":45,"key":"GhostInAJar"},{"floor":47,"key":"Weak Potion"}],"is_trial":false,"path_per_floor":["M","M","M","?","M","R","T","R","T","E","R","M","E","M","R","B",null,"M","M","?","?","$","E","R","E","T","E","M","M","R","M","R","B",null,"M","M","M","M","$","R","M","R","T","R","E","M","M","E","R","B",null,"R","$","E","B",null],"character_chosen":"THE_SILENT","items_purchased":["Tough Bandages","Bronze Scales","Oddly Smooth Stone","Footwork"],"campfire_rested":6,"item_purchase_floors":[22,39,39,53],"current_hp_per_floor":[63,60,59,56,56,56,56,56,56,35,35,35,46,34,55,51,65,65,65,49,49,49,25,46,23,23,10,9,9,30,30,51,8,55,54,52,51,37,37,58,57,57,57,57,41,40,39,39,60,40,63,63,63,44,7],"gold":36,"neow_bonus":"TRANSFORM_TWO_CARDS","is_prod":false,"is_daily":false,"chose_seed":false,"campfire_upgraded":5,"win_rate":0,"timestamp":1570942333,"path_taken":["M","M","M","?","M","R","?","R","T","E","R","M","E","M","R","BOSS","M","M","?","?","$","E","R","E","T","E","M","?","R","M","R","BOSS","M","M","?","M","$","R","M","R","T","R","E","M","M","E","R","BOSS","R","$","E","BOSS"],"build_version":"2019-07-17","purchased_purges":1,"victory":true,"max_hp_per_floor":[70,70,70,70,70,70,70,70,70,70,70,70,70,70,70,70,70,70,70,70,70,70,70,70,70,70,70,70,70,70,70,70,70,70,70,70,70,70,70,70,70,70,70,70,70,70,70,70,70,70,70,70,70,70,70],"card_choices":[{"not_picked":["Riddle With Holes","Poisoned Stab"],"picked":"Deadly Poison","floor":1},{"not_picked":["Tactician","Blade Dance"],"picked":"Sucker Punch","floor":2},{"not_picked":["Prepared","Dagger Throw"],"picked":"Bane","floor":3},{"not_picked":["Eviscerate","Crippling Poison"],"picked":"Bouncing Flask","floor":5},{"not_picked":["Slice","PiercingWail"],"picked":"Catalyst","floor":10},{"not_picked":["Dagger Spray","Underhanded Strike"],"picked":"PiercingWail","floor":12},{"not_picked":["Backstab","Crippling Poison"],"picked":"After Image","floor":13},{"not_picked":["Sucker Punch","Quick Slash"],"picked":"Dash","floor":14},{"not_picked":["Storm of Steel","Phantasmal Killer"],"picked":"Unload","floor":16},{"not_picked":["Crippling Poison","Dagger Spray+1"],"picked":"Footwork","floor":18},{"not_picked":["Blade Dance","Slice"],"picked":"Distraction+1","floor":19},{"not_picked":["Infinite Blades","Deadly Poison"],"picked":"Bouncing Flask","floor":23},{"not_picked":["Expertise","Grand Finale","Concentrate"],"picked":"SKIP","floor":25},{"not_picked":["Endless Agony","Dagger Throw+1","Accuracy"],"picked":"SKIP","floor":27},{"not_picked":["PiercingWail","Dash"],"picked":"Dagger Spray","floor":28},{"not_picked":["Backflip","Cloak And Dagger+1"],"picked":"Catalyst","floor":29},{"not_picked":["Prepared","Blur"],"picked":"Noxious Fumes+1","floor":31},{"not_picked":["Doppelganger","Storm of Steel"],"picked":"Phantasmal Killer","floor":33},{"not_picked":["Bane+1","Riddle With Holes"],"picked":"Catalyst+1","floor":35},{"not_picked":["Calculated Gamble+1","Choke"],"picked":"Dodge and Roll+1","floor":36},{"not_picked":["Quick Slash","Infinite Blades","Accuracy"],"picked":"SKIP","floor":37},{"not_picked":["Flying Knee","Deadly Poison+1"],"picked":"PiercingWail","floor":38},{"not_picked":["Blade Dance+1","Slice","Poisoned Stab+1"],"picked":"SKIP","floor":41},{"not_picked":["Endless Agony","Masterful Stab"],"picked":"Adrenaline","floor":45},{"not_picked":["Backflip","Calculated Gamble"],"picked":"Acrobatics+1","floor":46},{"not_picked":["Deflect","Deadly Poison"],"picked":"Acrobatics+1","floor":47},{"not_picked":["Noxious Fumes","Escape Plan+1"],"picked":"Envenom","floor":48},{"not_picked":["All Out Attack+1","Dagger Throw"],"picked":"Blur+1","floor":54}],"player_experience":521934,"relics_obtained":[{"floor":7,"key":"Torii"},{"floor":9,"key":"Bag of Preparation"},{"floor":10,"key":"Omamori"},{"floor":13,"key":"PreservedInsect"},{"floor":20,"key":"Enchiridion"},{"floor":23,"key":"Mummified Hand"},{"floor":25,"key":"Pen Nib"},{"floor":26,"key":"Blue Candle"},{"floor":27,"key":"Du-Vu Doll"},{"floor":45,"key":"Tingsha"},{"floor":48,"key":"Lantern"},{"floor":54,"key":"Anchor"}],"event_choices":[{"damage_healed":0,"gold_gain":0,"player_choice":"Success","damage_taken":3,"relics_obtained":["Letter Opener"],"max_hp_gain":0,"max_hp_loss":0,"event_name":"Scrap Ooze","floor":4,"gold_loss":0},{"damage_healed":0,"gold_gain":0,"player_choice":"Obtained Book","damage_taken":16,"max_hp_gain":0,"max_hp_loss":0,"event_name":"Cursed Tome","floor":20,"gold_loss":0},{"damage_healed":0,"gold_gain":0,"player_choice":"Got Potions","damage_taken":0,"max_hp_gain":0,"max_hp_loss":0,"event_name":"Lab","floor":21,"gold_loss":0}],"is_beta":false,"boss_relics":[{"not_picked":["Orrery","Fusion Hammer"],"picked":"Velvet Choker"},{"not_picked":["Philosopher\u0027s Stone","Runic Dome"],"picked":"Ring of the Serpent"}],"items_purged_floors":[53],"is_endless":false,"potions_floor_spawned":[3,5,10,16,19,25,27,33,35,45,47,48,54],"ascension_level":5}