{"gold_per_floor":[114,133,143,153,153,183,183,209,278,294,294,305,324,341,341,444,444,458,468,486,486,503,503,528,528,528,563,575,589,55,55,55,154,154,164,164,174,174,193,193,211,211],"floor_reached":42,"playtime":4931,"items_purged":[],"score":580,"play_id":"d2f7c655-984d-41e3-a705-512318236484","local_time":"20191021094607","is_ascension_mode":true,"campfire_choices":[{"floor":11.0,"key":"REST"},{"floor":15.0,"key":"REST"},{"floor":23.0,"key":"REST"},{"floor":25.0,"key":"REST"},{"floor":32.0,"key":"RECALL"},{"floor":40.0,"key":"REST"}],"neow_cost":"NONE","seed_source_timestamp":128138865824900,"circlet_count":0,"master_deck":["Strike_G+1","Strike_G+1","Strike_G+1","Strike_G+1","Defend_G+1","Defend_G+1","Defend_G+1","Defend_G+1","Defend_G+1","Survivor","Neutralize","Bouncing Flask","Heel Hook","Bouncing Flask","PiercingWail","Accuracy","Dagger Throw","Blur","Deadly Poison","Cloak And Dagger","Noxious Fumes","Distraction","Corpse Explosion","CurseOfTheBell","Crippling Poison","Dodge and Roll+1","Footwork+1","Bane","Backflip","Blade Dance+1","Sucker Punch","Outmaneuver","A Thousand Cuts","Prepared","Envenom","Flying Knee","Bouncing Flask+1","Leg Sweep+1","Outmaneuver+1"],"special_seed":0,"relics":["Ring of the Snake","Smiling Mask","Bird Faced Urn","Vajra","Bottled Lightning","Calling Bell","Strawberry","Paper Crane","Ice Cream","Kunai","Omamori","Lee\u0027s Waffle","Pear","SacredBark"],"potions_floor_usage":[42],"damage_taken":[{"damage":0.0,"enemies":"Jaw Worm","floor":1.0,"turns":7.0},{"damage":0.0,"enemies":"2 Louse","floor":2.0,"turns":4.0},{"damage":0.0,"enemies":"Small Slimes","floor":3.0,"turns":3.0},{"damage":0.0,"enemies":"2 Fungi Beasts","floor":4.0,"turns":4.0},{"damage":11.0,"enemies":"3 Sentries","floor":6.0,"turns":10.0},{"damage":27.0,"enemies":"Lagavulin","floor":8.0,"turns":6.0},{"damage":1.0,"enemies":"Lots of Slimes","floor":10.0,"turns":6.0},{"damage":0.0,"enemies":"Blue Slaver","floor":12.0,"turns":4.0},{"damage":0.0,"enemies":"Large Slime","floor":13.0,"turns":5.0},{"damage":7.0,"enemies":"Looter","floor":14.0,"turns":4.0},{"damage":8.0,"enemies":"Hexaghost","floor":16.0,"turns":9.0},{"damage":2.0,"enemies":"Shell Parasite","floor":18.0,"turns":5.0},{"damage":7.0,"enemies":"Chosen","floor":19.0,"turns":6.0},{"damage":28.0,"enemies":"Sentry and Sphere","floor":20.0,"turns":7.0},{"damage":24.0,"enemies":"3 Cultists","floor":22.0,"turns":4.0},{"damage":21.0,"enemies":"Gremlin Leader","floor":24.0,"turns":8.0},{"damage":45.0,"enemies":"Slavers","floor":27.0,"turns":6.0},{"damage":10.0,"enemies":"Centurion and Healer","floor":28.0,"turns":8.0},{"damage":16.0,"enemies":"Cultist and Chosen","floor":29.0,"turns":6.0},{"damage":79.0,"enemies":"Collector","floor":33.0,"turns":16.0},{"damage":40.0,"enemies":"3 Darklings","floor":35.0,"turns":3.0},{"damage":57.0,"enemies":"3 Shapes","floor":37.0,"turns":5.0},{"damage":11.0,"enemies":"3 Darklings","floor":39.0,"turns":11.0},{"damage":45.0,"enemies":"Writhing Mass","floor":41.0,"turns":8.0},{"damage":23,"enemies":"Spire Growth","floor":42,"turns":3}],"seed_played":"-7688968124212486761","potions_obtained":[{"floor":2.0,"key":"Swift Potion"},{"floor":3.0,"key":"Block Potion"},{"floor":10.0,"key":"SkillPotion"},{"floor":12.0,"key":"Fire Potion"},{"floor":16.0,"key":"SmokeBomb"},{"floor":27.0,"key":"Strength Potion"},{"floor":28.0,"key":"Weak Potion"},{"floor":29.0,"key":"LiquidBronze"},{"floor":35.0,"key":"EssenceOfSteel"},{"floor":41.0,"key":"GhostInAJar"}],"is_trial":false,"path_per_floor":["M","M","M","M","?","E","?","E","T","M","R","M","M","M","R","B",null,"M","M","M","?","M","R","E","R","T","E","M","M","$","?","R","B",null,"M","?","M","?","M","R","M","M"],"character_chosen":"THE_SILENT","items_purchased":["Lee\u0027s Waffle","A Thousand Cuts","Prepared","Pear"],"campfire_rested":5,"item_purchase_floors":[30,30,30,30],"current_hp_per_floor":[77,77,77,77,44,33,33,6,6,7,30,32,32,27,50,46,84,83,77,53,53,33,58,41,66,66,25,19,5,101,101,101,26,101,61,86,31,31,24,54,17,0],"gold":211,"neow_bonus":"TEN_PERCENT_HP_BONUS","is_prod":false,"is_daily":false,"chose_seed":false,"campfire_upgraded":0,"win_rate":0,"timestamp":1571665567,"path_taken":["M","M","M","M","?","E","?","E","T","M","R","M","M","M","R","BOSS","M","M","M","?","M","R","E","R","T","E","M","M","$","?","R","BOSS","M","?","M","?","M","R","M","M"],"build_version":"2019-10-18","purchased_purges":0,"victory":false,"max_hp_per_floor":[77,77,77,77,77,77,77,77,77,77,77,77,77,77,77,77,84,84,84,84,84,84,84,84,84,84,84,84,84,101,101,101,101,101,101,101,101,101,101,101,101,101],"card_choices":[{"not_picked":["Deflect","Riddle With Holes"],"picked":"Bouncing Flask","floor":1.0},{"not_picked":["Predator","Flying Knee"],"picked":"Heel Hook","floor":2.0},{"not_picked":["Dagger Spray","Slice"],"picked":"Bouncing Flask","floor":3.0},{"not_picked":["Reflex","Flying Knee"],"picked":"PiercingWail","floor":4.0},{"not_picked":["Eviscerate","Reflex"],"picked":"Accuracy","floor":6.0},{"not_picked":["Unload","Cloak And Dagger"],"picked":"Blur","floor":8.0},{"not_picked":["Calculated Gamble","Escape Plan"],"picked":"Deadly Poison","floor":10.0},{"not_picked":["Backstab","Dagger Throw"],"picked":"Cloak And Dagger","floor":12.0},{"not_picked":["Prepared","Underhanded Strike"],"picked":"Noxious Fumes","floor":13.0},{"not_picked":["Backflip","Deflect"],"picked":"Distraction","floor":14.0},{"not_picked":["Unload","Glass Knife"],"picked":"Corpse Explosion","floor":16.0},{"not_picked":["Expertise+1","Poisoned Stab"],"picked":"Crippling Poison","floor":18.0},{"not_picked":["Prepared","Quick Slash"],"picked":"Dodge and Roll+1","floor":19.0},{"not_picked":["Caltrops","Leg Sweep"],"picked":"Footwork+1","floor":20.0},{"not_picked":["Backflip","Prepared"],"picked":"Bane","floor":22.0},{"not_picked":["Sucker Punch","Bane"],"picked":"Backflip","floor":24.0},{"not_picked":["Reflex","Poisoned Stab"],"picked":"Blade Dance+1","floor":27.0},{"not_picked":["PiercingWail","Backflip+1"],"picked":"Sucker Punch","floor":28.0},{"not_picked":["Slice","Reflex+1"],"picked":"Outmaneuver","floor":29.0},{"not_picked":["A Thousand Cuts","Phantasmal Killer"],"picked":"Envenom","floor":33.0},{"not_picked":["Deadly Poison","Poisoned Stab"],"picked":"Flying Knee","floor":35.0},{"not_picked":["Slice+1","Flying Knee+1"],"picked":"Bouncing Flask+1","floor":37.0},{"not_picked":["Sucker Punch+1","Slice"],"picked":"Leg Sweep+1","floor":39.0},{"not_picked":["Backstab","Burst"],"picked":"Outmaneuver+1","floor":41.0}],"player_experience":169089,"relics_obtained":[{"floor":6.0,"key":"Bird Faced Urn"},{"floor":8.0,"key":"Vajra"},{"floor":9.0,"key":"Bottled Lightning"},{"floor":17.0,"key":"Strawberry"},{"floor":17.0,"key":"Paper Crane"},{"floor":17.0,"key":"Ice Cream"},{"floor":24.0,"key":"Kunai"},{"floor":27.0,"key":"Omamori"}],"event_choices":[{"damage_healed":0.0,"max_hp_gain":0.0,"max_hp_loss":0.0,"gold_gain":0.0,"event_name":"Scrap Ooze","player_choice":"Success","floor":5.0,"gold_loss":0.0,"damage_taken":33.0,"relics_obtained":["Smiling Mask"]},{"damage_healed":0.0,"max_hp_gain":0.0,"max_hp_loss":0.0,"gold_gain":0.0,"cards_transformed":["Strike_G"],"event_name":"Living Wall","player_choice":"Change","floor":7.0,"gold_loss":0.0,"damage_taken":0.0,"cards_obtained":["Dagger Throw"]},{"damage_healed":0.0,"max_hp_gain":0.0,"max_hp_loss":0.0,"gold_gain":0.0,"event_name":"Vampires","player_choice":"Ignored","floor":21.0,"gold_loss":0.0,"damage_taken":0.0},{"damage_healed":0.0,"max_hp_gain":0.0,"max_hp_loss":0.0,"gold_gain":0.0,"event_name":"Back to Basics","player_choice":"Simplicity","floor":31.0,"gold_loss":0.0,"damage_taken":0.0,"cards_upgraded":["Strike_G","Strike_G","Strike_G","Strike_G","Defend_G","Defend_G","Defend_G","Defend_G","Defend_G"]},{"damage_healed":25.0,"max_hp_gain":0.0,"max_hp_loss":0.0,"gold_gain":0.0,"event_name":"Winding Halls","player_choice":"Writhe","floor":36.0,"gold_loss":0.0,"damage_taken":0.0,"cards_obtained":["Writhe"]},{"damage_healed":0.0,"max_hp_gain":0.0,"max_hp_loss":0.0,"gold_gain":0.0,"event_name":"Tomb of Lord Red Mask","player_choice":"Ignored","floor":38.0,"gold_loss":0.0,"damage_taken":0.0}],"is_beta":true,"boss_relics":[{"not_picked":["Busted Crown","Velvet Choker"],"picked":"Calling Bell"},{"not_picked":["Coffee Dripper","Runic Pyramid"],"picked":"SacredBark"}],"items_purged_floors":[],"is_endless":false,"potions_floor_spawned":[2,3,10,12,16,22,27,28,29,35,41],"killed_by":"Spire Growth","ascension_level":1}