{"gold_per_floor":[110,127,145,60,135,135,161,161,161,111,121,137,137,147,147,247,247,247,172,172,172,172,172,97,97,97,21,21,21,21,21,21,21,21,21,21,21,21,21,21,21,21,21,21,0,0,0,0,0,0],"floor_reached":51,"playtime":6973,"items_purged":["Decay"],"score":760,"play_id":"ec8d83a5-d974-4f24-8a5d-66fe2e9ec3b0","local_time":"20190920000333","is_ascension_mode":true,"campfire_choices":[{"data":"Armaments","floor":6,"key":"SMITH"},{"floor":8,"key":"DIG"},{"floor":13,"key":"DIG"},{"floor":15,"key":"DIG"},{"floor":23,"key":"DIG"},{"floor":28,"key":"DIG"},{"floor":32,"key":"DIG"},{"floor":40,"key":"DIG"},{"floor":42,"key":"REST"},{"floor":47,"key":"DIG"},{"floor":49,"key":"REST"}],"neow_cost":"NONE","seed_source_timestamp":125103834473304,"circlet_count":0,"master_deck":["Strike_R","Strike_R","Strike_R","Strike_R","Defend_R","Defend_R","Defend_R","Defend_R","Bash","Cleave","Iron Wave","Armaments+1","Discovery","Juggernaut","Iron Wave","Heavy Blade","Rage","Exhume","Shrug It Off+1","Combust","Thunderclap","Juggernaut","Flame Barrier","Armaments+1","Limit Break+1","Body Slam","Evolve+1","Sentinel+1","Battle Trance+1"],"relics":["Burning Blood","Shovel","Blood Vial","Mummified Hand","Pantograph","Self Forming Clay","Ectoplasm","Gremlin Horn","Vajra","Toxic Egg 2","Busted Crown","GremlinMask","Potion Belt","Incense Burner","Darkstone Periapt","Bottled Tornado","Red Mask","Bronze Scales","Bag of Preparation"],"potions_floor_usage":[12,16,20,25,33,33,33,37,41,41,50,50],"damage_taken":[{"damage":11,"enemies":"Jaw Worm","floor":1,"turns":4},{"damage":15,"enemies":"Small Slimes","floor":2,"turns":3},{"damage":1,"enemies":"Cultist","floor":3,"turns":3},{"damage":17,"enemies":"3 Sentries","floor":7,"turns":6},{"damage":7,"enemies":"Lots of Slimes","floor":11,"turns":4},{"damage":7,"enemies":"Exordium Thugs","floor":12,"turns":5},{"damage":12,"enemies":"3 Louse","floor":14,"turns":2},{"damage":22,"enemies":"The Guardian","floor":16,"turns":9},{"damage":19,"enemies":"Spheric Guardian","floor":18,"turns":5},{"damage":16,"enemies":"2 Thieves","floor":19,"turns":4},{"damage":51,"enemies":"Snake Plant","floor":20,"turns":6},{"damage":17,"enemies":"Cultist and Chosen","floor":22,"turns":5},{"damage":2,"enemies":"3 Cultists","floor":25,"turns":3},{"damage":7,"enemies":"Snecko","floor":29,"turns":4},{"damage":10,"enemies":"Snake Plant","floor":30,"turns":4},{"damage":11,"enemies":"Champ","floor":33,"turns":6},{"damage":5,"enemies":"3 Shapes","floor":35,"turns":3},{"damage":9,"enemies":"Orb Walker","floor":36,"turns":3},{"damage":16,"enemies":"Writhing Mass","floor":37,"turns":5},{"damage":42,"enemies":"Spire Growth","floor":39,"turns":4},{"damage":19,"enemies":"Reptomancer","floor":41,"turns":5},{"damage":16,"enemies":"Giant Head","floor":44,"turns":7},{"damage":11,"enemies":"Nemesis","floor":46,"turns":7},{"damage":9,"enemies":"Transient","floor":48,"turns":5},{"damage":52,"enemies":"Awakened One","floor":50,"turns":10}],"seed_played":"3702280366641550192","potions_obtained":[{"floor":1,"key":"PowerPotion"},{"floor":3,"key":"BloodPotion"},{"floor":11,"key":"SpeedPotion"},{"floor":18,"key":"Strength Potion"},{"floor":19,"key":"EssenceOfSteel"},{"floor":22,"key":"Block Potion"},{"floor":29,"key":"Energy Potion"},{"floor":33,"key":"LiquidBronze"},{"floor":36,"key":"LiquidBronze"},{"floor":39,"key":"Poison Potion"},{"floor":41,"key":"Regen Potion"},{"floor":46,"key":"SkillPotion"}],"is_trial":false,"path_per_floor":["M","M","M","$","?","R","E","R","T","?","M","M","R","M","R","B",null,"M","M","M","?","M","R","$","M","T","$","R","M","M","$","R","B",null,"M","M","M","?","M","R","E","R","T","E","?","E","R","M","R","B",null],"character_chosen":"IRONCLAD","items_purchased":["Discovery","Juggernaut"],"campfire_rested":2,"item_purchase_floors":[4,27],"current_hp_per_floor":[83,74,79,79,68,68,57,57,57,57,58,59,59,55,55,66,88,75,67,46,46,37,37,37,43,43,43,43,44,42,42,42,64,88,88,85,77,77,43,43,32,58,58,50,50,47,47,46,72,56],"gold":0,"neow_bonus":"TEN_PERCENT_HP_BONUS","is_prod":false,"is_daily":false,"chose_seed":false,"campfire_upgraded":1,"win_rate":0,"timestamp":1568952213,"path_taken":["M","M","M","$","?","R","E","R","T","?","M","M","R","M","R","BOSS","M","M","M","?","M","R","$","?","T","$","R","M","M","$","R","BOSS","M","?","M","?","?","R","E","R","T","E","?","E","R","M","R","BOSS"],"build_version":"2019-07-17","purchased_purges":1,"victory":true,"max_hp_per_floor":[88,88,88,88,88,88,88,88,88,88,88,88,88,88,88,88,88,88,88,88,88,88,88,88,88,88,88,88,88,88,88,88,88,88,88,88,88,88,88,88,88,88,88,88,88,88,88,88,88,88],"card_choices":[{"not_picked":["Sever Soul","Seeing Red"],"picked":"Cleave","floor":1},{"not_picked":["Clash","True Grit"],"picked":"Iron Wave","floor":2},{"not_picked":["True Grit","Headbutt"],"picked":"Armaments","floor":3},{"not_picked":["Infernal Blade","Warcry"],"picked":"Juggernaut","floor":7},{"not_picked":["Dropkick","Havoc"],"picked":"Iron Wave","floor":11},{"not_picked":["Pommel Strike","Wild Strike"],"picked":"Heavy Blade","floor":12},{"not_picked":["Entrench","Twin Strike"],"picked":"Rage","floor":14},{"not_picked":["Juggernaut","Fiend Fire"],"picked":"Exhume","floor":16},{"not_picked":["Warcry","Carnage"],"picked":"Shrug It Off+1","floor":18},{"not_picked":["Twin Strike","Perfected Strike","Havoc"],"picked":"SKIP","floor":19},{"not_picked":["Havoc+1","Cleave"],"picked":"Combust","floor":20},{"not_picked":["Seeing Red","Heavy Blade"],"picked":"Thunderclap","floor":22},{"not_picked":["Seeing Red","Twin Strike","Armaments"],"picked":"SKIP","floor":25},{"not_picked":["Havoc+1","Anger+1"],"picked":"Flame Barrier","floor":29},{"not_picked":["Body Slam","Twin Strike+1"],"picked":"Armaments+1","floor":30},{"not_picked":["Berserk","Fiend Fire"],"picked":"Limit Break+1","floor":33},{"not_picked":[],"picked":"Body Slam","floor":35},{"not_picked":["Rampage+1"],"picked":"SKIP","floor":36},{"not_picked":["Thunderclap"],"picked":"SKIP","floor":37},{"not_picked":[],"picked":"Evolve+1","floor":39},{"not_picked":["Cleave"],"picked":"SKIP","floor":41},{"not_picked":[],"picked":"Sentinel+1","floor":44},{"not_picked":[],"picked":"Battle Trance+1","floor":46},{"not_picked":["Anger+1"],"picked":"SKIP","floor":48}],"player_experience":357315,"relics_obtained":[{"floor":7,"key":"Shovel"},{"floor":8,"key":"Blood Vial"},{"floor":9,"key":"Mummified Hand"},{"floor":13,"key":"Pantograph"},{"floor":15,"key":"Self Forming Clay"},{"floor":23,"key":"Gremlin Horn"},{"floor":28,"key":"Vajra"},{"floor":32,"key":"Toxic Egg 2"},{"floor":40,"key":"Potion Belt"},{"floor":41,"key":"Incense Burner"},{"floor":43,"key":"Darkstone Periapt"},{"floor":44,"key":"Bottled Tornado"},{"floor":46,"key":"Bronze Scales"},{"floor":47,"key":"Bag of Preparation"}],"event_choices":[{"damage_healed":0,"gold_gain":75,"player_choice":"Gather Gold","damage_taken":11,"max_hp_gain":0,"max_hp_loss":0,"event_name":"World of Goop","floor":5,"gold_loss":0},{"cards_removed":["Strike_R"],"damage_healed":0,"gold_gain":0,"player_choice":"Card Removal","damage_taken":0,"max_hp_gain":0,"max_hp_loss":0,"event_name":"The Cleric","floor":10,"gold_loss":50},{"damage_healed":0,"gold_gain":0,"player_choice":"Cursed","damage_taken":0,"max_hp_gain":0,"max_hp_loss":0,"event_name":"Wheel of Change","floor":21,"gold_loss":0,"cards_obtained":["Decay"]},{"damage_healed":0,"gold_gain":0,"player_choice":"Trade","damage_taken":0,"relics_obtained":["GremlinMask"],"max_hp_gain":0,"max_hp_loss":0,"event_name":"FaceTrader","floor":38,"gold_loss":0},{"damage_healed":0,"gold_gain":0,"player_choice":"Paid","damage_taken":0,"relics_obtained":["Red Mask"],"max_hp_gain":0,"max_hp_loss":0,"event_name":"Tomb of Lord Red Mask","floor":45,"gold_loss":21}],"is_beta":false,"boss_relics":[{"not_picked":["Lizard Tail","Astrolabe"],"picked":"Ectoplasm"},{"not_picked":["Black Star","Runic Dome"],"picked":"Busted Crown"}],"items_purged_floors":[24],"is_endless":false,"potions_floor_spawned":[1,3,11,18,19,22,29,33,36,39,41,46],"ascension_level":2}