{"gold_per_floor":[15,26,40,40,53,86,97,97],"floor_reached":8,"playtime":641,"items_purged":[],"score":63,"play_id":"b4bef3ac-6111-421b-8450-cea418215b0e","local_time":"20191021110943","is_ascension_mode":true,"campfire_choices":[],"neow_cost":"NO_GOLD","seed_source_timestamp":138317104040400,"circlet_count":0,"master_deck":["Strike_R","Strike_R","Strike_R","Strike_R","Strike_R","Defend_R","Defend_R","Defend_R","Defend_R","Bash","Panache","Entrench+1","Cleave","Shrug It Off","Limit Break","Power Through","Seeing Red"],"special_seed":0,"relics":["Burning Blood","Kunai"],"potions_floor_usage":[8],"damage_taken":[{"damage":7.0,"enemies":"2 Louse","floor":1.0,"turns":3.0},{"damage":1.0,"enemies":"Cultist","floor":2.0,"turns":4.0},{"damage":0.0,"enemies":"Small Slimes","floor":3.0,"turns":5.0},{"damage":0.0,"enemies":"Looter","floor":5.0,"turns":3.0},{"damage":22.0,"enemies":"3 Sentries","floor":6.0,"turns":9.0},{"damage":0.0,"enemies":"2 Fungi Beasts","floor":7.0,"turns":4.0},{"damage":77,"enemies":"Gremlin Nob","floor":8,"turns":6}],"seed_played":"7157210421781712784","potions_obtained":[{"floor":1.0,"key":"DistilledChaos"},{"floor":2.0,"key":"Strength Potion"},{"floor":3.0,"key":"SpeedPotion"}],"is_trial":false,"path_per_floor":["M","M","M","?","M","E","M","E"],"character_chosen":"IRONCLAD","items_purchased":[],"campfire_rested":0,"item_purchase_floors":[],"current_hp_per_floor":[79,80,80,80,80,64,70,0],"gold":97,"neow_bonus":"RANDOM_COLORLESS_2","is_prod":false,"is_daily":false,"chose_seed":false,"campfire_upgraded":0,"win_rate":0,"timestamp":1571670583,"path_taken":["M","M","M","?","?","E","M","E"],"build_version":"2019-10-18","purchased_purges":0,"victory":false,"max_hp_per_floor":[80,80,80,80,80,80,80,80],"card_choices":[{"not_picked":["Violence","HandOfGreed"],"picked":"Panache","floor":0.0},{"not_picked":["Headbutt","Shrug It Off"],"picked":"Entrench","floor":1.0},{"not_picked":["Whirlwind","Shrug It Off"],"picked":"Cleave","floor":2.0},{"not_picked":["Pommel Strike","Hemokinesis"],"picked":"Shrug It Off","floor":3.0},{"not_picked":["Body Slam","Armaments"],"picked":"Limit Break","floor":5.0},{"not_picked":["Feel No Pain","Cleave"],"picked":"Power Through","floor":6.0},{"not_picked":["Second Wind","Burning Pact"],"picked":"Seeing Red","floor":7.0}],"player_experience":177033,"relics_obtained":[{"floor":6.0,"key":"Kunai"}],"event_choices":[{"damage_healed":0.0,"max_hp_gain":0.0,"max_hp_loss":0.0,"gold_gain":0.0,"event_name":"Upgrade Shrine","player_choice":"Upgraded","floor":4.0,"gold_loss":0.0,"damage_taken":0.0,"cards_upgraded":["Entrench"]}],"is_beta":true,"boss_relics":[],"items_purged_floors":[],"is_endless":false,"potions_floor_spawned":[1,2,3],"killed_by":"Gremlin Nob","ascension_level":1}