{"gold_per_floor":[366,377,377,36,36,36,56,85,108,127,127,145,1,35,35,132,132,146,157,157,167,167,167],"floor_reached":23,"playtime":2323,"items_purged":["Normality"],"score":241,"play_id":"463e3d98-fdf8-48d3-bf04-6a9578f391d1","local_time":"20191006225345","is_ascension_mode":true,"campfire_choices":[{"data":"Iron Wave","floor":6,"key":"SMITH"},{"data":"Whirlwind","floor":11,"key":"SMITH"},{"data":"Seeing Red","floor":15,"key":"SMITH"}],"neow_cost":"CURSE","seed_source_timestamp":298614448702228,"circlet_count":0,"master_deck":["Strike_R","Strike_R","Strike_R","Defend_R","Defend_R","Defend_R","Defend_R","Bash","Armaments+1","Intimidate","Iron Wave+1","Reaper","Whirlwind+1","Thunderclap","Seeing Red+1","Demon Form","True Grit","Seeing Red","Feed","Inflame"],"relics":["Black Blood","Meat on the Bone","Potion Belt","Centennial Puzzle","Orichalcum","Happy Flower","SsserpentHead"],"potions_floor_usage":[8,14,16,18,23],"damage_taken":[{"damage":7,"enemies":"Jaw Worm","floor":1,"turns":4},{"damage":2,"enemies":"2 Louse","floor":2,"turns":3},{"damage":2,"enemies":"Cultist","floor":7,"turns":4},{"damage":13,"enemies":"3 Sentries","floor":8,"turns":10},{"damage":15,"enemies":"Exordium Thugs","floor":10,"turns":7},{"damage":1,"enemies":"2 Fungi Beasts","floor":12,"turns":2},{"damage":36,"enemies":"Lagavulin","floor":14,"turns":7},{"damage":65,"enemies":"Hexaghost","floor":16,"turns":13},{"damage":9,"enemies":"2 Thieves","floor":18,"turns":2},{"damage":23,"enemies":"Chosen","floor":19,"turns":7},{"damage":41,"enemies":"Snake Plant","floor":21,"turns":5},{"damage":81,"enemies":"Slavers","floor":23,"turns":4}],"seed_played":"-8847762818997748785","potions_obtained":[{"floor":1,"key":"Block Potion"},{"floor":2,"key":"AttackPotion"},{"floor":12,"key":"Regen Potion"},{"floor":16,"key":"Energy Potion"},{"floor":18,"key":"Strength Potion"},{"floor":21,"key":"SpeedPotion"}],"is_trial":false,"path_per_floor":["M","M","?","$","?","R","M","E","T","M","R","M","$","E","R","B",null,"M","M","?","M","?","E"],"character_chosen":"IRONCLAD","items_purchased":["Meat on the Bone","Iron Wave","Orichalcum"],"campfire_rested":0,"item_purchase_floors":[4,4,13],"current_hp_per_floor":[79,80,80,80,80,80,80,80,80,75,75,80,80,56,56,30,80,80,78,78,54,54,0],"gold":167,"neow_bonus":"TWO_FIFTY_GOLD","is_prod":false,"is_daily":false,"chose_seed":false,"campfire_upgraded":3,"win_rate":0,"timestamp":1570416825,"path_taken":["M","M","?","$","?","R","M","E","T","M","R","?","?","E","R","BOSS","M","M","?","M","?","E"],"build_version":"2019-07-17","purchased_purges":1,"victory":false,"max_hp_per_floor":[80,80,80,80,80,80,80,80,80,80,80,80,80,80,80,80,80,80,80,80,80,80,80],"card_choices":[{"not_picked":["Warcry","Rupture"],"picked":"Armaments","floor":1},{"not_picked":["Wild Strike","Twin Strike"],"picked":"Intimidate","floor":2},{"not_picked":["Twin Strike","Power Through"],"picked":"Reaper","floor":7},{"not_picked":["Warcry","Dark Embrace"],"picked":"Whirlwind","floor":8},{"not_picked":["Clothesline","Infernal Blade"],"picked":"Thunderclap","floor":10},{"not_picked":["Wild Strike","Evolve","Twin Strike"],"picked":"SKIP","floor":12},{"not_picked":["Clothesline","Cleave"],"picked":"Seeing Red","floor":14},{"not_picked":["Brutality","Juggernaut"],"picked":"Demon Form","floor":16},{"not_picked":["Bloodletting","Thunderclap+1"],"picked":"True Grit","floor":18},{"not_picked":["Wild Strike","Intimidate"],"picked":"Seeing Red","floor":19},{"not_picked":["Thunderclap","Flex","Havoc"],"picked":"SKIP","floor":21}],"player_experience":462022,"relics_obtained":[{"floor":8,"key":"Potion Belt"},{"floor":9,"key":"Centennial Puzzle"},{"floor":14,"key":"Happy Flower"}],"event_choices":[{"damage_healed":0,"gold_gain":0,"player_choice":"Ignored","damage_taken":0,"max_hp_gain":0,"max_hp_loss":0,"event_name":"Liars Game","floor":3,"gold_loss":0},{"damage_healed":0,"gold_gain":0,"player_choice":"Upgraded","damage_taken":0,"max_hp_gain":0,"max_hp_loss":0,"event_name":"Upgrade Shrine","floor":5,"gold_loss":0,"cards_upgraded":["Armaments"]},{"damage_healed":0,"gold_gain":0,"cards_transformed":["Strike_R","Strike_R"],"player_choice":"Became Test Subject","damage_taken":0,"max_hp_gain":0,"max_hp_loss":0,"event_name":"Drug Dealer","floor":20,"gold_loss":0,"cards_obtained":["Feed","Inflame"]},{"damage_healed":0,"gold_gain":0,"player_choice":"Trade","damage_taken":0,"relics_obtained":["SsserpentHead"],"max_hp_gain":0,"max_hp_loss":0,"event_name":"FaceTrader","floor":22,"gold_loss":0}],"is_beta":false,"boss_relics":[{"not_picked":["Black Star","Calling Bell"],"picked":"Black Blood"}],"items_purged_floors":[4],"is_endless":false,"potions_floor_spawned":[1,2,12,16,18,21],"killed_by":"Slavers","ascension_level":4}