{"gold_per_floor":[117,131,142,142,160,160,188,188,242,242,3,16,16,36,36,108,108,108,108,108],"floor_reached":20,"playtime":567,"items_purged":["Strike_B"],"score":343,"play_id":"ae858dd3-ca25-41be-be04-4f98e50482e9","local_time":"20191023094022","is_ascension_mode":true,"campfire_choices":[{"data":"Loop","floor":6.0,"key":"SMITH"},{"data":"Go for the Eyes","floor":8.0,"key":"SMITH"},{"data":"Ball Lightning","floor":10.0,"key":"SMITH"},{"floor":13.0,"key":"REST"},{"data":"Conserve Battery","floor":15.0,"key":"SMITH"}],"neow_cost":"NONE","seed_source_timestamp":1953151823400,"circlet_count":0,"master_deck":["AscendersBane","Strike_B","Strike_B","Defend_B","Defend_B","Defend_B","Defend_B","Zap","Dualcast","Go for the Eyes+1","Loop+1","Conserve Battery+1","Ball Lightning+1","Gash","Streamline","Rip and Tear","Echo Form","Compile Driver","Skim"],"special_seed":0,"relics":["Cracked Core","NeowsBlessing","Darkstone Periapt","DataDisk","Oddly Smooth Stone","Ectoplasm"],"potions_floor_usage":[],"damage_taken":[{"damage":0.0,"enemies":"Cultist","floor":1.0,"turns":1.0},{"damage":0.0,"enemies":"Jaw Worm","floor":2.0,"turns":1.0},{"damage":0.0,"enemies":"2 Louse","floor":3.0,"turns":1.0},{"damage":1.0,"enemies":"Looter","floor":5.0,"turns":3.0},{"damage":15.0,"enemies":"Lagavulin","floor":7.0,"turns":7.0},{"damage":18.0,"enemies":"Exordium Wildlife","floor":12.0,"turns":4.0},{"damage":0.0,"enemies":"2 Fungi Beasts","floor":14.0,"turns":3.0},{"damage":48.0,"enemies":"Hexaghost","floor":16.0,"turns":8.0},{"damage":0.0,"enemies":"Chosen","floor":18.0,"turns":3.0},{"damage":23.0,"enemies":"Spheric Guardian","floor":19.0,"turns":4.0},{"damage":35,"enemies":"Shelled Parasite and Fungi","floor":20,"turns":3}],"seed_played":"710035335629533663","potions_obtained":[{"floor":5.0,"key":"EssenceOfSteel"},{"floor":7.0,"key":"Energy Potion"},{"floor":16.0,"key":"SteroidPotion"}],"is_trial":false,"path_per_floor":["M","M","M","?","M","R","E","R","T","R","$","M","R","M","R","B",null,"M","M","M"],"character_chosen":"DEFECT","items_purchased":["Oddly Smooth Stone"],"campfire_rested":1,"item_purchase_floors":[11],"current_hp_per_floor":[64,64,64,64,63,63,48,48,48,48,48,30,51,51,51,3,54,54,31,0],"gold":108,"neow_bonus":"THREE_ENEMY_KILL","is_prod":false,"is_daily":false,"chose_seed":false,"campfire_upgraded":4,"win_rate":0,"timestamp":1571848822,"path_taken":["M","M","M","?","M","R","E","R","T","R","$","?","R","M","R","BOSS","M","M","M"],"build_version":"2019-07-17","purchased_purges":1,"victory":false,"max_hp_per_floor":[71,71,71,71,71,71,71,71,71,71,71,71,71,71,71,71,71,71,71,71],"card_choices":[{"not_picked":["Barrage","Redo"],"picked":"Go for the Eyes","floor":1.0},{"not_picked":["Rip and Tear","Stack"],"picked":"Loop","floor":2.0},{"not_picked":["Go for the Eyes","Rebound"],"picked":"Conserve Battery","floor":3.0},{"not_picked":["Rebound","Rip and Tear"],"picked":"Ball Lightning","floor":5.0},{"not_picked":["Double Energy","Ball Lightning"],"picked":"Gash","floor":7.0},{"not_picked":["Steam","Lockon"],"picked":"Streamline","floor":12.0},{"not_picked":["Rainbow","Reprogram"],"picked":"Rip and Tear","floor":14.0},{"not_picked":["Core Surge","Buffer"],"picked":"Echo Form","floor":16.0},{"not_picked":["Steam+1","Ball Lightning"],"picked":"Compile Driver","floor":18.0},{"not_picked":["Redo","Conserve Battery+1"],"picked":"Skim","floor":19.0}],"player_experience":729552,"relics_obtained":[{"floor":7.0,"key":"Darkstone Periapt"},{"floor":9.0,"key":"DataDisk"}],"event_choices":[{"cards_removed":["Strike_B"],"damage_healed":0.0,"max_hp_gain":0.0,"max_hp_loss":0.0,"gold_gain":0.0,"event_name":"Bonfire Elementals","player_choice":"Offered Basic","floor":4.0,"gold_loss":0.0,"damage_taken":0.0}],"is_beta":false,"boss_relics":[{"not_picked":["Velvet Choker","Astrolabe"],"picked":"Ectoplasm"}],"items_purged_floors":[11],"is_endless":false,"potions_floor_spawned":[5,7,16],"killed_by":"Shelled Parasite and Fungi","ascension_level":19}