{"gold_per_floor":[12,23,23,23,23,67,67,90,90,90,52,52,67,100,100,228,228,253,253,53,66,80,80,124,124,180,180,180,205,205,218,218,346,346,369,388,451,431,295,329,341,373,385,420,432,459,471,521,533,545,557,569,12,50,50],"floor_reached":55,"playtime":33938,"items_purged":["Strike_R","Strike_R"],"score":778,"play_id":"15c559a4-17e5-41ab-a545-b4fdbc339ce5","local_time":"20191019230422","is_ascension_mode":false,"campfire_choices":[{"data":"Whirlwind","floor":7,"key":"SMITH"},{"data":"Dual Wield","floor":10,"key":"SMITH"},{"data":"Armaments","floor":12,"key":"SMITH"},{"floor":15,"key":"REST"},{"data":"Ghostly","floor":23,"key":"SMITH"},{"data":"Ghostly","floor":25,"key":"SMITH"},{"data":"Demon Form","floor":27,"key":"SMITH"},{"data":"Ghostly","floor":30,"key":"SMITH"},{"data":"Whirlwind","floor":32,"key":"SMITH"},{"data":"Shockwave","floor":41,"key":"SMITH"},{"floor":45,"key":"RECALL"},{"data":"1","floor":47,"key":"LIFT"},{"data":"2","floor":49,"key":"LIFT"},{"data":"Heavy Blade","floor":52,"key":"SMITH"}],"neow_cost":"NO_GOLD","seed_source_timestamp":722772083663377,"circlet_count":0,"master_deck":["Strike_R","Defend_R","Defend_R+1","Defend_R","Defend_R","Bash+1","Dual Wield+1","Rampage","Whirlwind+1","Thunderclap","Armaments+1","Double Tap","Demon Form+1","Ghostly Armor+1","Ghostly+1","Ghostly","Ghostly","Ghostly+1","Ghostly+1","Shrug It Off","Impervious","Injury","Shrug It Off","Whirlwind+1","Barricade","Shockwave+1","Doubt","Heavy Blade+1","Body Slam+1","Limit Break","Inflame","Armaments+1"],"relics":["Burning Blood","Golden Idol","The Courier","Singing Bowl","Anchor","Cursed Key","Chemical X","Meat on the Bone","Tiny Chest","Nilry\u0027s Codex","Velvet Choker","Girya","MawBank","Bronze Scales","Bottled Tornado","Lee\u0027s Waffle","Pocketwatch"],"potions_floor_usage":[6,14,18,31,37,40,44,48,50,50],"damage_taken":[{"damage":5,"enemies":"2 Louse","floor":1,"turns":3},{"damage":5,"enemies":"Small Slimes","floor":2,"turns":3},{"damage":15,"enemies":"Gremlin Nob","floor":6,"turns":4},{"damage":6,"enemies":"Jaw Worm","floor":8,"turns":2},{"damage":7,"enemies":"3 Louse","floor":13,"turns":2},{"damage":23,"enemies":"3 Sentries","floor":14,"turns":6},{"damage":22,"enemies":"Slime Boss","floor":16,"turns":7},{"damage":10,"enemies":"Chosen","floor":18,"turns":4},{"damage":2,"enemies":"3 Byrds","floor":21,"turns":4},{"damage":10,"enemies":"Cultist and Chosen","floor":22,"turns":4},{"damage":11,"enemies":"Book of Stabbing","floor":24,"turns":6},{"damage":0,"enemies":"Snake Plant","floor":29,"turns":4},{"damage":1,"enemies":"Chosen and Byrds","floor":31,"turns":7},{"damage":2,"enemies":"Champ","floor":33,"turns":8},{"damage":18,"enemies":"3 Darklings","floor":35,"turns":3},{"damage":0,"enemies":"3 Shapes","floor":36,"turns":2},{"damage":0,"enemies":"2 Orb Walkers","floor":37,"turns":2},{"damage":35,"enemies":"Giant Head","floor":40,"turns":11},{"damage":0,"enemies":"Transient","floor":42,"turns":5},{"damage":0,"enemies":"Maw","floor":44,"turns":7},{"damage":0,"enemies":"Sphere and 2 Shapes","floor":46,"turns":1},{"damage":4,"enemies":"Reptomancer","floor":48,"turns":6},{"damage":3,"enemies":"Awakened One","floor":50,"turns":10},{"damage":24,"enemies":"Shield and Spear","floor":54,"turns":4},{"damage":50,"enemies":"The Heart","floor":55,"turns":6}],"seed_played":"5216752566579280036","potions_obtained":[{"floor":1,"key":"SkillPotion"},{"floor":6,"key":"PowerPotion"},{"floor":13,"key":"Ancient Potion"},{"floor":21,"key":"Dexterity Potion"},{"floor":24,"key":"SkillPotion"},{"floor":29,"key":"SpeedPotion"},{"floor":33,"key":"Swift Potion"},{"floor":36,"key":"Explosive Potion"},{"floor":37,"key":"Explosive Potion"},{"floor":38,"key":"Energy Potion"},{"floor":40,"key":"AttackPotion"},{"floor":46,"key":"AttackPotion"},{"floor":48,"key":"Energy Potion"}],"is_trial":false,"path_per_floor":["M","M","?","$","?","E","R","M","T","R","$","R","M","E","R","B",null,"M","?","$","M","M","R","E","R","T","R","?","M","R","M","R","B",null,"M","M","?","?","$","E","R","M","T","M","R","M","R","E","R","B",null,"R","$","E","B"],"character_chosen":"IRONCLAD","items_purchased":["Armaments","Chemical X","Shrug It Off","FairyPotion","Bottled Tornado","Limit Break","Inflame","Lee\u0027s Waffle"],"campfire_rested":1,"item_purchase_floors":[11,20,20,39,53,53,53,53],"current_hp_per_floor":[80,80,60,60,44,35,35,35,35,35,35,35,36,19,43,27,82,78,41,41,43,41,41,36,36,36,36,20,38,38,43,43,45,45,35,43,51,51,51,34,34,42,42,50,50,55,55,55,55,55,55,55,62,44,0],"gold":50,"neow_bonus":"TRANSFORM_TWO_CARDS","is_prod":false,"is_daily":false,"chose_seed":false,"campfire_upgraded":10,"win_rate":0,"timestamp":1571540662,"path_taken":["M","M","?","$","?","E","R","M","T","R","$","R","M","E","R","BOSS","M","?","$","M","M","R","E","R","T","R","?","?","R","M","R","BOSS","M","M","?","?","$","E","R","M","T","?","R","M","R","E","R","BOSS","R","$","E","BOSS"],"build_version":"2019-07-17","purchased_purges":2,"victory":false,"max_hp_per_floor":[80,80,80,80,80,80,80,80,80,80,80,80,82,82,82,82,82,82,41,41,43,45,45,45,45,45,45,45,45,45,45,45,45,45,47,49,51,51,51,51,51,53,53,55,55,55,55,55,55,55,55,55,62,62,62],"card_choices":[{"not_picked":["Rage","Reckless Charge"],"picked":"Whirlwind","floor":1},{"not_picked":["Body Slam","Twin Strike","Clothesline"],"picked":"SKIP","floor":2},{"not_picked":["Heavy Blade","Wild Strike"],"picked":"Thunderclap","floor":6},{"not_picked":["Warcry","Rampage","Combust"],"picked":"SKIP","floor":8},{"not_picked":["Anger","Pummel","Armaments"],"picked":"Singing Bowl","floor":13},{"not_picked":["Clothesline","Rampage"],"picked":"Double Tap","floor":14},{"not_picked":["Impervious","Bludgeon"],"picked":"Demon Form","floor":16},{"not_picked":["Perfected Strike","Uppercut"],"picked":"Ghostly Armor+1","floor":18},{"not_picked":["Anger+1","Clash","Fire Breathing+1"],"picked":"Singing Bowl","floor":21},{"not_picked":["Headbutt","Iron Wave","Dropkick"],"picked":"Singing Bowl","floor":22},{"not_picked":["Combust","Juggernaut"],"picked":"Impervious","floor":24},{"not_picked":["Sword Boomerang","Twin Strike"],"picked":"Shrug It Off","floor":29},{"not_picked":["Flex","Twin Strike+1"],"picked":"Whirlwind","floor":31},{"not_picked":["Berserk","Reaper"],"picked":"Barricade","floor":33},{"not_picked":["Anger+1","Perfected Strike+1","Seeing Red"],"picked":"Singing Bowl","floor":35},{"not_picked":["Pummel","Twin Strike","Evolve"],"picked":"Singing Bowl","floor":36},{"not_picked":["Second Wind","Perfected Strike","Iron Wave+1"],"picked":"Singing Bowl","floor":37},{"not_picked":["Pommel Strike","Bloodletting+1"],"picked":"Shockwave","floor":40},{"not_picked":["Combust","Pommel Strike","Sentinel"],"picked":"Singing Bowl","floor":42},{"not_picked":["Anger+1","Brutality","Cleave"],"picked":"Singing Bowl","floor":44},{"not_picked":["Warcry","Perfected Strike"],"picked":"Heavy Blade","floor":46},{"not_picked":["Headbutt","Sword Boomerang"],"picked":"Body Slam+1","floor":48},{"not_picked":["Reaper","Spot Weakness"],"picked":"Armaments+1","floor":54}],"player_experience":584360,"relics_obtained":[{"floor":6,"key":"The Courier"},{"floor":9,"key":"Singing Bowl"},{"floor":14,"key":"Anchor"},{"floor":24,"key":"Meat on the Bone"},{"floor":26,"key":"Tiny Chest"},{"floor":28,"key":"Nilry\u0027s Codex"},{"floor":37,"key":"Girya"},{"floor":40,"key":"MawBank"},{"floor":48,"key":"Bronze Scales"},{"floor":54,"key":"Pocketwatch"}],"event_choices":[{"damage_healed":0,"gold_gain":0,"player_choice":"Take Damage","damage_taken":20,"relics_obtained":["Golden Idol"],"max_hp_gain":0,"max_hp_loss":0,"event_name":"Golden Idol","floor":3,"gold_loss":0},{"damage_healed":0,"gold_gain":0,"player_choice":"Entered Light","damage_taken":16,"max_hp_gain":0,"max_hp_loss":0,"event_name":"Shining Light","floor":5,"gold_loss":0,"cards_upgraded":["Bash","Defend_R"]},{"damage_healed":0,"gold_gain":0,"player_choice":"Became a Ghost","damage_taken":0,"max_hp_gain":0,"max_hp_loss":41,"event_name":"Ghosts","floor":19,"gold_loss":0,"cards_obtained":["Ghostly","Ghostly","Ghostly","Ghostly","Ghostly"]},{"damage_healed":0,"gold_gain":0,"player_choice":"Obtained Book","damage_taken":16,"max_hp_gain":0,"max_hp_loss":0,"event_name":"Cursed Tome","floor":28,"gold_loss":0},{"damage_healed":0,"gold_gain":0,"player_choice":"Fight","damage_taken":0,"max_hp_gain":0,"max_hp_loss":0,"event_name":"Mysterious Sphere","floor":37,"gold_loss":0},{"damage_healed":0,"gold_gain":0,"player_choice":"Bought 1 Potion","damage_taken":0,"max_hp_gain":0,"max_hp_loss":0,"event_name":"The Woman in Blue","floor":38,"gold_loss":0}],"is_beta":false,"boss_relics":[{"not_picked":["Runic Pyramid","Busted Crown"],"picked":"Cursed Key"},{"not_picked":["Eternal Feather","Snecko Eye"],"picked":"Velvet Choker"}],"items_purged_floors":[39,53],"is_endless":false,"potions_floor_spawned":[1,6,13,21,24,29,33,36,37,40,46,48],"killed_by":"The Heart","ascension_level":0}