{"gold_per_floor":[110,16,29,204,154,154,186,186,186,186,221,221,254,264,264,369,369,381,392,2,15,30,30,30,40,64,79,79],"floor_reached":28,"playtime":3440,"items_purged":[],"score":238,"play_id":"40c16326-1ca8-4cd7-80df-01554c735f7c","local_time":"20191015043844","is_ascension_mode":false,"campfire_choices":[{"data":"Corruption","floor":6.0,"key":"SMITH"},{"floor":8.0,"key":"REST"},{"data":"Jack Of All Trades","floor":10.0,"key":"SMITH"},{"floor":15.0,"key":"REST"},{"floor":23.0,"key":"REST"}],"neow_cost":"NONE","seed_source_timestamp":0,"circlet_count":0,"master_deck":["Strike_R","Strike_R","Strike_R","Strike_R","Strike_R","Defend_R","Defend_R","Defend_R","Defend_R","Bash+1","Cleave","Jack Of All Trades+1","Corruption+1","Rage","Searing Blow","Thunderclap","Warcry","Dark Embrace","Metallicize","Heavy Blade","Flex","Flex","True Grit","Clash","Shrug It Off","Inflame","Enlightenment","Violence","Blood for Blood","Intimidate+1","Dual Wield","Impervious","Shrug It Off"],"special_seed":0,"relics":["Burning Blood","Mercury Hourglass","Gambling Chip","Bag of Marbles","PreservedInsect","Sundial","Orrery","Centennial Puzzle"],"potions_floor_usage":[28,28],"damage_taken":[{"damage":0.0,"enemies":"Small Slimes","floor":1.0,"turns":3.0},{"damage":5.0,"enemies":"Jaw Worm","floor":3.0,"turns":5.0},{"damage":35.0,"enemies":"Lagavulin","floor":7.0,"turns":6.0},{"damage":35.0,"enemies":"Gremlin Nob","floor":11.0,"turns":5.0},{"damage":18.0,"enemies":"Lagavulin","floor":13.0,"turns":4.0},{"damage":0.0,"enemies":"Cultist","floor":14.0,"turns":3.0},{"damage":63.0,"enemies":"Hexaghost","floor":16.0,"turns":11.0},{"damage":13.0,"enemies":"3 Byrds","floor":18.0,"turns":4.0},{"damage":14.0,"enemies":"Spheric Guardian","floor":19.0,"turns":4.0},{"damage":19.0,"enemies":"Snecko","floor":21.0,"turns":5.0},{"damage":21.0,"enemies":"Cultist and Chosen","floor":22.0,"turns":7.0},{"damage":24.0,"enemies":"Shelled Parasite and Fungi","floor":25.0,"turns":5.0},{"damage":15.0,"enemies":"Centurion and Healer","floor":27.0,"turns":4.0},{"damage":34,"enemies":"Slavers","floor":28,"turns":5}],"seed_played":"-1744304388691120133","potions_obtained":[{"floor":7.0,"key":"Strength Potion"},{"floor":11.0,"key":"Poison Potion"},{"floor":16.0,"key":"SteroidPotion"},{"floor":18.0,"key":"Explosive Potion"},{"floor":21.0,"key":"SpeedPotion"},{"floor":22.0,"key":"SkillPotion"},{"floor":27,"key":"Energy Potion"}],"is_trial":false,"path_per_floor":["M","$","M","?","?","R","E","R","T","R","E","T","E","M","R","B",null,"M","M","$","M","M","R","$","M","T","M","E"],"character_chosen":"IRONCLAD","items_purchased":["Jack Of All Trades","Inflame","Enlightenment","Violence","Blood for Blood"],"campfire_rested":3,"item_purchase_floors":[2,20,20,20,20],"current_hp_per_floor":[80,80,80,80,80,80,51,75,75,75,46,46,34,40,64,7,80,73,65,65,52,37,61,61,43,43,34,0],"gold":79,"neow_bonus":"UPGRADE_CARD","is_prod":false,"is_daily":false,"chose_seed":false,"campfire_upgraded":2,"win_rate":0.0,"timestamp":1571128724,"path_taken":["M","$","M","?","?","R","E","R","T","R","E","?","E","M","R","BOSS","M","M","$","M","?","R","$","M","T","M","E"],"build_version":"2019-07-17","purchased_purges":0,"victory":false,"max_hp_per_floor":[80,80,80,80,80,80,80,80,80,80,80,80,80,80,80,80,80,80,80,80,80,80,80,80,80,80,80,80],"card_choices":[{"not_picked":["Twin Strike","Body Slam"],"picked":"Cleave","floor":1.0},{"not_picked":["Flex","Headbutt"],"picked":"Corruption","floor":3.0},{"not_picked":["Twin Strike","Brutality"],"picked":"Rage","floor":7.0},{"not_picked":["Dropkick","Twin Strike"],"picked":"Searing Blow","floor":11.0},{"not_picked":["Body Slam","Clash"],"picked":"Thunderclap","floor":13.0},{"not_picked":["Perfected Strike","Combust"],"picked":"Warcry","floor":14.0},{"not_picked":["Brutality","Fiend Fire"],"picked":"Dark Embrace","floor":16.0},{"not_picked":["Anger","Body Slam"],"picked":"Metallicize","floor":17.0},{"not_picked":["Headbutt","Twin Strike"],"picked":"Heavy Blade","floor":17.0},{"not_picked":["Warcry","Sever Soul"],"picked":"Flex","floor":17.0},{"not_picked":["Cleave","Second Wind"],"picked":"Flex","floor":17.0},{"not_picked":["Twin Strike","Clothesline"],"picked":"True Grit","floor":17.0},{"not_picked":["Body Slam","Twin Strike"],"picked":"Clash","floor":18.0},{"not_picked":["Iron Wave","Flex+1"],"picked":"Shrug It Off","floor":19.0},{"not_picked":["Corruption+1","Sword Boomerang"],"picked":"Intimidate+1","floor":21.0},{"not_picked":["True Grit+1","Reckless Charge"],"picked":"Dual Wield","floor":22.0},{"not_picked":["True Grit","Power Through"],"picked":"Impervious","floor":25.0},{"not_picked":["Body Slam","Carnage"],"picked":"Shrug It Off","floor":27}],"player_experience":67647,"relics_obtained":[{"floor":7.0,"key":"Mercury Hourglass"},{"floor":9.0,"key":"Gambling Chip"},{"floor":11.0,"key":"Bag of Marbles"},{"floor":12.0,"key":"PreservedInsect"},{"floor":13.0,"key":"Sundial"},{"floor":26.0,"key":"Centennial Puzzle"}],"event_choices":[{"damage_healed":0.0,"max_hp_gain":0.0,"max_hp_loss":0.0,"gold_gain":175.0,"event_name":"Liars Game","player_choice":"AGREE","floor":4.0,"gold_loss":0.0,"damage_taken":0.0,"cards_obtained":["Doubt"]},{"cards_removed":["Doubt"],"damage_healed":0.0,"max_hp_gain":0.0,"max_hp_loss":0.0,"gold_gain":0.0,"event_name":"The Cleric","player_choice":"Card Removal","floor":5.0,"gold_loss":50.0,"damage_taken":0.0}],"is_beta":false,"boss_relics":[{"not_picked":["Ectoplasm","Mark of Pain"],"picked":"Orrery"}],"items_purged_floors":[],"is_endless":false,"potions_floor_spawned":[7,11,16,18,21,22,27],"killed_by":"Slavers","ascension_level":0}