{"gold_per_floor":[119,49,49,65,81,81,115,77,130,144,144,219,219,7,7,112,112,125,144,40,40,50,50,80,80,80,98,117,117,150,150,150,254,254,272,53,53,65,65,65,83,83,83,83],"floor_reached":44,"playtime":4361,"items_purged":["Regret"],"score":536,"play_id":"b2b952de-e138-4dab-b263-b1ed236386b7","local_time":"20190929000213","is_ascension_mode":true,"campfire_choices":[{"data":"Bludgeon","floor":6,"key":"SMITH"},{"data":"Spot Weakness","floor":11,"key":"SMITH"},{"data":"Immolate","floor":15,"key":"SMITH"},{"data":"Armaments","floor":23,"key":"SMITH"},{"data":"Shrug It Off","floor":25,"key":"SMITH"},{"floor":29,"key":"REST"},{"data":"Feed","floor":32,"key":"SMITH"},{"data":"Enlightenment","floor":40,"key":"SMITH"},{"data":"Demon Form","floor":42,"key":"SMITH"}],"neow_cost":"PERCENT_DAMAGE","seed_source_timestamp":22316772583930,"circlet_count":0,"master_deck":["Strike_R+1","Strike_R+1","Defend_R+1","Defend_R+1","Defend_R+1","Defend_R+1","Bash","Bludgeon+1","Pummel","Iron Wave","Cleave","Shrug It Off","Shrug It Off+1","Clash","Spot Weakness+1","Immolate+1","Combust","Reaper","Shockwave","Armaments+1","Flex","True Grit+1","Thunderclap+1","Feed+1","Combust+1","Rupture","Demon Form+1","Heavy Blade+1","Enlightenment+1","Flex+1","Injury"],"relics":["Burning Blood","Vajra","Boot","Cursed Key","Bag of Marbles","Matryoshka","Regal Pillow","Art of War","Shuriken","Philosopher\u0027s Stone","Strawberry","Lantern"],"potions_floor_usage":[7,16,19,28,33,33,44],"damage_taken":[{"damage":7,"enemies":"Small Slimes","floor":1,"turns":4},{"damage":0,"enemies":"2 Louse","floor":4,"turns":2},{"damage":0,"enemies":"Cultist","floor":5,"turns":4},{"damage":27,"enemies":"Lagavulin","floor":7,"turns":6},{"damage":0,"enemies":"Exordium Wildlife","floor":10,"turns":2},{"damage":33,"enemies":"The Guardian","floor":16,"turns":9},{"damage":7,"enemies":"2 Thieves","floor":18,"turns":2},{"damage":0,"enemies":"Chosen","floor":19,"turns":3},{"damage":13,"enemies":"Snake Plant","floor":22,"turns":3},{"damage":38,"enemies":"Gremlin Leader","floor":24,"turns":5},{"damage":12,"enemies":"Centurion and Healer","floor":27,"turns":5},{"damage":9,"enemies":"Snecko","floor":28,"turns":3},{"damage":7,"enemies":"Slavers","floor":30,"turns":2},{"damage":73,"enemies":"Champ","floor":33,"turns":10},{"damage":17,"enemies":"3 Darklings","floor":35,"turns":4},{"damage":0,"enemies":"Orb Walker","floor":38,"turns":2},{"damage":20,"enemies":"3 Darklings","floor":41,"turns":4},{"damage":97,"enemies":"Nemesis","floor":44,"turns":8}],"seed_played":"-4167088639366675344","potions_obtained":[{"floor":4,"key":"Ancient Potion"},{"floor":5,"key":"BloodPotion"},{"floor":7,"key":"FairyPotion"},{"floor":16,"key":"FairyPotion"},{"floor":22,"key":"Swift Potion"},{"floor":27,"key":"Dexterity Potion"},{"floor":30,"key":"Energy Potion"},{"floor":35,"key":"SkillPotion"},{"floor":38,"key":"SteroidPotion"}],"is_trial":false,"path_per_floor":["M","$","?","M","M","R","E","$","T","M","R","?","?","$","R","B",null,"M","M","$","?","M","R","E","R","T","M","M","R","E","?","R","B",null,"M","$","?","M","?","R","M","R","T","E"],"character_chosen":"IRONCLAD","items_purchased":["Cleave","Shrug It Off","Flame Barrier","Immolate","Combust","Explosive Potion","Armaments","Flex","Strawberry"],"campfire_rested":1,"item_purchase_floors":[2,2,8,14,14,14,20,20,36],"current_hp_per_floor":[55,55,60,66,72,72,72,72,72,78,78,67,67,67,67,40,85,84,85,85,85,78,78,46,46,46,40,37,77,84,84,84,42,85,78,85,85,91,86,86,76,76,76,0],"gold":83,"neow_bonus":"TRANSFORM_TWO_CARDS","is_prod":false,"is_daily":false,"chose_seed":false,"campfire_upgraded":8,"win_rate":0,"timestamp":1569729733,"path_taken":["M","$","?","M","M","R","E","$","T","M","R","?","?","$","R","BOSS","M","?","$","?","M","R","E","R","T","M","?","R","E","?","R","BOSS","M","$","?","M","?","R","M","R","T","E"],"build_version":"2019-07-17","purchased_purges":1,"victory":false,"max_hp_per_floor":[80,80,85,85,85,85,85,85,85,85,85,85,85,85,85,85,85,85,85,85,85,85,85,85,85,85,85,85,85,85,85,85,85,85,89,96,96,96,96,96,100,100,100,100],"card_choices":[{"not_picked":["Body Slam","Pommel Strike"],"picked":"Iron Wave","floor":1},{"not_picked":["Cleave","Warcry"],"picked":"Shrug It Off","floor":4},{"not_picked":["Pommel Strike","Wild Strike","Body Slam"],"picked":"SKIP","floor":5},{"not_picked":["Pommel Strike","Wild Strike","Body Slam"],"picked":"SKIP","floor":5},{"not_picked":["Anger","Carnage"],"picked":"Clash","floor":7},{"not_picked":["Disarm","Searing Blow"],"picked":"Spot Weakness","floor":10},{"not_picked":["Brutality","Impervious"],"picked":"Reaper","floor":16},{"not_picked":["Rampage","Sentinel"],"picked":"Shockwave","floor":18},{"not_picked":["Pommel Strike","Carnage","Sword Boomerang"],"picked":"SKIP","floor":19},{"not_picked":["Heavy Blade","Armaments"],"picked":"True Grit+1","floor":22},{"not_picked":["Warcry+1","Dual Wield"],"picked":"Thunderclap+1","floor":24},{"not_picked":["Corruption+1","Pommel Strike+1"],"picked":"Feed","floor":27},{"not_picked":["Seeing Red","Hemokinesis"],"picked":"Combust+1","floor":28},{"not_picked":["Spot Weakness","Twin Strike+1"],"picked":"Rupture","floor":30},{"not_picked":["Exhume","Impervious"],"picked":"Demon Form","floor":33},{"not_picked":["Havoc+1","Reckless Charge"],"picked":"Heavy Blade+1","floor":35},{"not_picked":["Clash+1","Wild Strike+1","Sword Boomerang"],"picked":"SKIP","floor":38},{"not_picked":["Finesse","Dramatic Entrance"],"picked":"Enlightenment","floor":39},{"not_picked":["Iron Wave","Fire Breathing+1"],"picked":"Flex+1","floor":41}],"player_experience":409169,"relics_obtained":[{"floor":7,"key":"Vajra"},{"floor":9,"key":"Boot"},{"floor":24,"key":"Matryoshka"},{"floor":26,"key":"Regal Pillow"},{"floor":26,"key":"Art of War"},{"floor":30,"key":"Shuriken"},{"floor":43,"key":"Lantern"}],"event_choices":[{"damage_healed":0,"gold_gain":0,"player_choice":"Donut","damage_taken":0,"max_hp_gain":5,"max_hp_loss":0,"event_name":"Big Fish","floor":3,"gold_loss":0},{"damage_healed":0,"gold_gain":75,"player_choice":"Gather Gold","damage_taken":11,"max_hp_gain":0,"max_hp_loss":0,"event_name":"World of Goop","floor":12,"gold_loss":0},{"cards_removed":["Strike_R"],"damage_healed":0,"gold_gain":0,"player_choice":"Purged","damage_taken":0,"max_hp_gain":0,"max_hp_loss":0,"event_name":"Purifier","floor":13,"gold_loss":0},{"damage_healed":0,"gold_gain":0,"player_choice":"Gave Potion","damage_taken":0,"relics_obtained":["Bag of Marbles"],"max_hp_gain":0,"max_hp_loss":0,"event_name":"WeMeetAgain","floor":21,"gold_loss":0},{"damage_healed":0,"gold_gain":0,"player_choice":"Simplicity","damage_taken":0,"max_hp_gain":0,"max_hp_loss":0,"event_name":"Back to Basics","floor":31,"gold_loss":0,"cards_upgraded":["Strike_R","Strike_R","Defend_R","Defend_R","Defend_R","Defend_R"]},{"cards_removed":["Flame Barrier"],"damage_healed":0,"gold_gain":0,"player_choice":"Removed Skill","damage_taken":0,"max_hp_gain":0,"max_hp_loss":0,"event_name":"Falling","floor":37,"gold_loss":0},{"damage_healed":0,"gold_gain":0,"player_choice":"Memory 2","damage_taken":5,"max_hp_gain":0,"max_hp_loss":0,"event_name":"SensoryStone","floor":39,"gold_loss":0}],"is_beta":false,"boss_relics":[{"not_picked":["White Beast Statue","Lizard Tail"],"picked":"Cursed Key"},{"not_picked":["Black Star","Velvet Choker"],"picked":"Philosopher\u0027s Stone"}],"items_purged_floors":[36],"is_endless":false,"potions_floor_spawned":[4,5,7,16,18,22,27,30,35,38,41],"killed_by":"Nemesis","ascension_level":3}