{"gold_per_floor":[113,90,164,182,202,202,277,297,297,378,378,396,396,416,416,517,517,536,41,41,60,60],"floor_reached":22,"playtime":2727,"items_purged":[],"score":176,"play_id":"efc16985-3047-45e4-99e1-da092d47dc16","local_time":"20191013054622","is_ascension_mode":false,"campfire_choices":[{"data":"Outmaneuver","floor":6,"key":"SMITH"},{"floor":11,"key":"REST"},{"floor":13,"key":"REST"},{"data":"Blade Dance","floor":15,"key":"SMITH"}],"neow_cost":"NONE","seed_source_timestamp":135894714944100,"circlet_count":0,"master_deck":["Strike_G","Strike_G","Strike_G","Strike_G","Strike_G","Defend_G","Defend_G","Defend_G","Defend_G","Defend_G","Survivor","Neutralize","Choke","Blade Dance+1","Finisher","Outmaneuver+1","Noxious Fumes","Acrobatics","Underhanded Strike","Malaise","All Out Attack","Secret Weapon","Envenom","Reflex","Slice","Predator","Writhe","Leg Sweep"],"relics":["Ring of the Snake","NeowsBlessing","Dodecahedron","Mummified Hand","White Beast Statue","Gremlin Horn"],"potions_floor_usage":[8,16],"damage_taken":[{"damage":0,"enemies":"Cultist","floor":1,"turns":1},{"damage":0,"enemies":"Small Slimes","floor":4,"turns":1},{"damage":0,"enemies":"Jaw Worm","floor":5,"turns":1},{"damage":29,"enemies":"Exordium Thugs","floor":8,"turns":5},{"damage":2,"enemies":"Blue Slaver","floor":12,"turns":4},{"damage":1,"enemies":"2 Fungi Beasts","floor":14,"turns":3},{"damage":66,"enemies":"Hexaghost","floor":16,"turns":15},{"damage":9,"enemies":"Spheric Guardian","floor":18,"turns":6},{"damage":31,"enemies":"2 Thieves","floor":21,"turns":5},{"damage":34,"enemies":"Shelled Parasite and Fungi","floor":22,"turns":2}],"seed_played":"-4329010715647657756","potions_obtained":[{"floor":4,"key":"Regen Potion"},{"floor":5,"key":"GamblersBrew"},{"floor":12,"key":"Ancient Potion"},{"floor":18,"key":"AttackPotion"},{"floor":21,"key":"SteroidPotion"}],"is_trial":false,"path_per_floor":["M","$","?","M","M","R","?","M","T","T","R","M","R","M","R","B",null,"M","$","?","M","M"],"character_chosen":"THE_SILENT","items_purchased":["Blade Dance","Secret Weapon","Envenom","Reflex","Slice","Predator"],"campfire_rested":2,"item_purchase_floors":[2,19,19,19,19,19],"current_hp_per_floor":[70,70,70,70,70,70,59,30,30,30,51,49,70,69,69,3,70,61,61,61,30,0],"gold":60,"neow_bonus":"THREE_ENEMY_KILL","is_prod":false,"is_daily":false,"chose_seed":false,"campfire_upgraded":2,"win_rate":0.0,"timestamp":1570959982,"path_taken":["M","$","?","M","M","R","?","M","T","?","R","M","R","M","R","BOSS","M","$","?","M","M"],"build_version":"2019-07-17","purchased_purges":0,"victory":false,"max_hp_per_floor":[70,70,70,70,70,70,70,70,70,70,70,70,70,70,70,70,70,70,70,70,70,70],"card_choices":[{"not_picked":["Dagger Spray","Infinite Blades"],"picked":"Choke","floor":1},{"not_picked":["Poisoned Stab","Sucker Punch"],"picked":"Finisher","floor":4},{"not_picked":["Die Die Die","Dagger Throw"],"picked":"Outmaneuver","floor":5},{"not_picked":["Reflex","Blade Dance"],"picked":"Noxious Fumes","floor":8},{"not_picked":["Prepared","Eviscerate"],"picked":"Acrobatics","floor":12},{"not_picked":["Endless Agony","Leg Sweep"],"picked":"Underhanded Strike","floor":14},{"not_picked":["Glass Knife","A Thousand Cuts"],"picked":"Malaise","floor":16},{"not_picked":["Deadly Poison","Heel Hook"],"picked":"All Out Attack","floor":18},{"not_picked":["Underhanded Strike","Reflex"],"picked":"Leg Sweep","floor":21}],"player_experience":4056,"relics_obtained":[{"floor":9,"key":"Dodecahedron"},{"floor":10,"key":"Mummified Hand"}],"event_choices":[{"damage_healed":0,"gold_gain":74,"player_choice":"Gained Gold","damage_taken":0,"max_hp_gain":0,"max_hp_loss":0,"event_name":"Golden Wing","floor":3,"gold_loss":0},{"damage_healed":0,"gold_gain":75,"player_choice":"Gather Gold","damage_taken":11,"max_hp_gain":0,"max_hp_loss":0,"event_name":"World of Goop","floor":7,"gold_loss":0},{"damage_healed":0,"gold_gain":0,"player_choice":"Opened","damage_taken":0,"relics_obtained":["Gremlin Horn"],"max_hp_gain":0,"max_hp_loss":0,"event_name":"The Mausoleum","floor":20,"gold_loss":0,"cards_obtained":["Writhe"]}],"is_beta":false,"boss_relics":[{"not_picked":["Ectoplasm","Empty Cage"],"picked":"White Beast Statue"}],"items_purged_floors":[],"is_endless":false,"potions_floor_spawned":[4,5,12,18,21],"killed_by":"Shelled Parasite and Fungi","ascension_level":0}