{"gold_per_floor":[113,129,129,33,53,53,85,85,108,120,207,219,82,92,92,194,194,205,224,241,67,87,87],"floor_reached":23,"playtime":2397,"items_purged":["Strike_B"],"score":258,"play_id":"fab28a4a-c057-473a-b3a6-2cd300826eef","local_time":"20191027004420","is_ascension_mode":true,"campfire_choices":[{"data":"Streamline","floor":6.0,"key":"SMITH"},{"floor":8.0,"key":"REST"},{"data":"Bandage Up","floor":10.0,"key":"SMITH"},{"floor":12.0,"key":"REST"},{"data":"Defragment","floor":15.0,"key":"SMITH"}],"neow_cost":"NONE","seed_source_timestamp":1000165427367162,"circlet_count":0,"master_deck":["Strike_B+1","Strike_B","Strike_B","Defend_B","Defend_B","Defend_B","Defend_B","Zap+1","Dualcast","BootSequence","Hello World","Bandage Up+1","Streamline+1","Defragment+1","Chill","Biased Cognition","Beam Cell+1","Static Discharge","Fusion","Conserve Battery","Defragment","Hologram+1"],"special_seed":0,"relics":["Cracked Core","Ancient Tea Set","MawBank","Inserter"],"potions_floor_usage":[23],"damage_taken":[{"damage":4.0,"enemies":"Small Slimes","floor":1.0,"turns":4.0},{"damage":2.0,"enemies":"Jaw Worm","floor":2.0,"turns":2.0},{"damage":1.0,"enemies":"Cultist","floor":5.0,"turns":3.0},{"damage":35.0,"enemies":"Lagavulin","floor":7.0,"turns":6.0},{"damage":0.0,"enemies":"3 Louse","floor":14.0,"turns":3.0},{"damage":15.0,"enemies":"The Guardian","floor":16.0,"turns":9.0},{"damage":15.0,"enemies":"Shell Parasite","floor":18.0,"turns":6.0},{"damage":35.0,"enemies":"3 Byrds","floor":19.0,"turns":5.0},{"damage":24.0,"enemies":"Snecko","floor":20.0,"turns":5.0},{"damage":18.0,"enemies":"Sentry and Sphere","floor":22.0,"turns":8.0},{"damage":7,"enemies":"Book of Stabbing","floor":23,"turns":2}],"seed_played":"-2480166613801776746","potions_obtained":[{"floor":2.0,"key":"SkillPotion"},{"floor":7.0,"key":"SteroidPotion"},{"floor":16.0,"key":"PowerPotion"},{"floor":20.0,"key":"Dexterity Potion"},{"floor":22.0,"key":"SkillPotion"}],"is_trial":false,"path_per_floor":["M","M","?","$","M","R","E","R","T","R","?","R","$","M","R","B",null,"M","M","M","$","M","E"],"character_chosen":"DEFECT","items_purchased":["Bandage Up","Defragment","Chill","Conserve Battery","Defragment"],"campfire_rested":2,"item_purchase_floors":[4,13,13,21,21],"current_hp_per_floor":[71,69,53,53,56,56,25,49,49,49,38,62,62,68,68,59,76,67,38,14,14,2,0],"gold":87,"neow_bonus":"TEN_PERCENT_HP_BONUS","is_prod":false,"is_daily":false,"chose_seed":false,"campfire_upgraded":3,"win_rate":0,"timestamp":1572151460,"path_taken":["M","M","?","$","M","R","E","R","T","R","?","R","?","M","R","BOSS","M","M","M","$","M","E"],"build_version":"2019-07-17","purchased_purges":1,"victory":false,"max_hp_per_floor":[82,82,82,82,82,82,82,82,82,82,82,82,82,82,82,82,82,82,82,82,82,82,82],"card_choices":[{"not_picked":["Go for the Eyes","Heatsinks"],"picked":"BootSequence","floor":1.0},{"not_picked":["Redo","Leap"],"picked":"Hello World","floor":2.0},{"not_picked":["Turbo","Blizzard"],"picked":"Streamline","floor":5.0},{"not_picked":["Rebound","Redo","Compile Driver"],"picked":"SKIP","floor":7.0},{"not_picked":["Aggregate","Redo","Gash"],"picked":"SKIP","floor":14.0},{"not_picked":["Multi-Cast","All For One"],"picked":"Biased Cognition","floor":16.0},{"not_picked":["Leap","BootSequence"],"picked":"Beam Cell+1","floor":18.0},{"not_picked":["Steam Power","Coolheaded"],"picked":"Static Discharge","floor":19.0},{"not_picked":["Blizzard","Genetic Algorithm+1"],"picked":"Fusion","floor":20.0},{"not_picked":["Steam","Turbo+1"],"picked":"Hologram+1","floor":22.0}],"player_experience":716446,"relics_obtained":[{"floor":7.0,"key":"Ancient Tea Set"},{"floor":9.0,"key":"MawBank"}],"event_choices":[{"damage_healed":0.0,"max_hp_gain":0.0,"max_hp_loss":0.0,"gold_gain":0.0,"event_name":"Shining Light","player_choice":"Entered Light","floor":3.0,"gold_loss":0.0,"damage_taken":16.0,"cards_upgraded":["Zap","Strike_B"]},{"damage_healed":0.0,"max_hp_gain":0.0,"max_hp_loss":0.0,"gold_gain":75.0,"event_name":"World of Goop","player_choice":"Gather Gold","floor":11.0,"gold_loss":0.0,"damage_taken":11.0}],"is_beta":false,"boss_relics":[{"not_picked":["Lizard Tail","Astrolabe"],"picked":"Inserter"}],"items_purged_floors":[21],"is_endless":false,"potions_floor_spawned":[2,7,16,20,22],"killed_by":"Book of Stabbing","ascension_level":7}