{"gold_per_floor":[114,129,129,144,159,159,174,24,24,24,24,24,39,54,54,154,154,169,169,169,184,199,199,229,229,229,244,244,274,274,304,304,304],"floor_reached":33,"playtime":7991,"items_purged":[],"score":297,"play_id":"21354598-2c0c-4507-b2b0-2a823c03518f","local_time":"20191014075810","daily_mods":["Chimera","Green Cards","Elite Swarm"],"is_ascension_mode":false,"campfire_choices":[{"data":"Deflect","floor":6.0,"key":"SMITH"},{"data":"Zap","floor":10.0,"key":"SMITH"},{"data":"Backstab","floor":12.0,"key":"SMITH"},{"data":"Bash","floor":15.0,"key":"SMITH"},{"floor":23.0,"key":"REST"},{"floor":25.0,"key":"REST"},{"data":"Outmaneuver","floor":28.0,"key":"SMITH"},{"floor":32,"key":"REST"}],"neow_cost":"","seed_source_timestamp":0,"circlet_count":0,"master_deck":["Bash+1","Survivor","Zap+1","Strike_R","Strike_G","Strike_B","Defend_R","Defend_G","Defend_B+1","Evolve","PiercingWail+1","Ghostly Armor","Deflect+1","Backstab+1","Flex","Accuracy+1","Venomology","Metallicize+1","Caltrops+1","Inflame+1","Fiend Fire","Outmaneuver+1","Corpse Explosion+1","Burst","Feel No Pain+1"],"special_seed":18183,"relics":["Burning Blood","Red Skull","Frozen Egg 2","Lizard Tail","Charon\u0027s Ashes","Ginger","Blue Candle","Dream Catcher","Darkstone Periapt"],"potions_floor_usage":[31,31,33,33],"damage_taken":[{"damage":0.0,"enemies":"2 Louse","floor":1.0,"turns":4.0},{"damage":0.0,"enemies":"Jaw Worm","floor":2.0,"turns":3.0},{"damage":0.0,"enemies":"Small Slimes","floor":4.0,"turns":5.0},{"damage":2.0,"enemies":"Blue Slaver","floor":5.0,"turns":5.0},{"damage":0.0,"enemies":"Exordium Thugs","floor":7.0,"turns":5.0},{"damage":0.0,"enemies":"3 Louse","floor":13.0,"turns":4.0},{"damage":3.0,"enemies":"Red Slaver","floor":14.0,"turns":5.0},{"damage":46.0,"enemies":"The Guardian","floor":16.0,"turns":13.0},{"damage":18.0,"enemies":"3 Byrds","floor":18.0,"turns":8.0},{"damage":21.0,"enemies":"Shell Parasite","floor":21.0,"turns":8.0},{"damage":5.0,"enemies":"3 Cultists","floor":22.0,"turns":7.0},{"damage":36.0,"enemies":"Book of Stabbing","floor":24.0,"turns":6.0},{"damage":1.0,"enemies":"Snecko","floor":27.0,"turns":7.0},{"damage":85.0,"enemies":"Gremlin Leader","floor":29.0,"turns":8.0},{"damage":31,"enemies":"Slavers","floor":31,"turns":4},{"damage":39,"enemies":"Collector","floor":33,"turns":5}],"seed_played":"1824102051724052932","potions_obtained":[{"floor":2.0,"key":"SkillPotion"},{"floor":7.0,"key":"Weak Potion"},{"floor":14.0,"key":"PowerPotion"},{"floor":21.0,"key":"Block Potion"},{"floor":24.0,"key":"Strength Potion"}],"is_trial":false,"path_per_floor":["M","M","?","M","M","R","M","$","T","R","$","R","M","M","R","B",null,"M","?","?","M","M","R","E","R","T","M","R","E","?","E","R","B"],"character_chosen":"IRONCLAD","items_purchased":["Red Skull"],"campfire_rested":3,"item_purchase_floors":[8],"current_hp_per_floor":[80,80,64,70,74,74,80,80,80,80,80,80,80,80,80,40,80,68,53,53,38,39,64,43,68,68,73,73,36,36,11,36,0],"gold":304,"neow_bonus":"","is_prod":false,"is_daily":true,"chose_seed":false,"campfire_upgraded":5,"win_rate":0.0,"timestamp":1571054290,"path_taken":["M","M","?","M","M","R","M","$","T","R","?","R","M","M","R","BOSS","M","?","?","?","M","R","E","R","T","M","R","E","?","E","R","BOSS"],"build_version":"2019-07-17","purchased_purges":0,"victory":false,"max_hp_per_floor":[80,80,80,80,80,80,80,80,80,80,80,80,80,80,80,80,80,80,85,85,85,85,85,85,85,85,85,85,85,85,85,85,85],"card_choices":[{"not_picked":["Pommel Strike","Heavy Blade"],"picked":"Evolve","floor":1.0},{"not_picked":["Clothesline","Dash"],"picked":"PiercingWail","floor":2.0},{"not_picked":["Wild Strike","Prepared"],"picked":"Ghostly Armor","floor":4.0},{"not_picked":["Whirlwind","Dropkick"],"picked":"Deflect","floor":5.0},{"not_picked":["Body Slam","Inflame"],"picked":"Backstab","floor":7.0},{"not_picked":["PiercingWail","Havoc"],"picked":"Flex","floor":13.0},{"not_picked":["Quick Slash","Body Slam"],"picked":"Accuracy+1","floor":14.0},{"not_picked":["Glass Knife","Brutality+1"],"picked":"Venomology","floor":16.0},{"not_picked":["Outmaneuver","Footwork+1"],"picked":"Metallicize+1","floor":18.0},{"not_picked":["Acrobatics","Sword Boomerang"],"picked":"Caltrops+1","floor":21.0},{"not_picked":["Power Through","PiercingWail"],"picked":"Inflame+1","floor":22.0},{"not_picked":["Glass Knife","Malaise"],"picked":"Fiend Fire","floor":24.0},{"not_picked":["All Out Attack","Bouncing Flask"],"picked":"Outmaneuver","floor":27.0},{"not_picked":["Malaise","Glass Knife"],"picked":"Corpse Explosion","floor":29.0},{"not_picked":["Dark Embrace+1","Night Terror"],"picked":"Burst","floor":31},{"not_picked":["Skewer","Sword Boomerang+1"],"picked":"Feel No Pain+1","floor":32}],"player_experience":29525,"relics_obtained":[{"floor":9.0,"key":"Frozen Egg 2"},{"floor":24.0,"key":"Ginger"},{"floor":26.0,"key":"Blue Candle"},{"floor":29.0,"key":"Dream Catcher"},{"floor":31,"key":"Darkstone Periapt"}],"event_choices":[{"damage_healed":0.0,"max_hp_gain":0.0,"max_hp_loss":0.0,"gold_gain":0.0,"event_name":"Shining Light","player_choice":"Entered Light","floor":3.0,"gold_loss":0.0,"damage_taken":16.0,"cards_upgraded":["PiercingWail","Defend_B"]},{"damage_healed":0.0,"max_hp_gain":5.0,"max_hp_loss":0.0,"gold_gain":0.0,"event_name":"Forgotten Altar","player_choice":"Shed Blood","floor":19.0,"gold_loss":0.0,"damage_taken":20.0},{"damage_healed":0.0,"max_hp_gain":0.0,"max_hp_loss":0.0,"gold_gain":0.0,"event_name":"WeMeetAgain","player_choice":"Gave Potion","floor":20.0,"gold_loss":0.0,"damage_taken":0.0,"relics_obtained":["Charon\u0027s Ashes"]},{"damage_healed":0.0,"max_hp_gain":0.0,"max_hp_loss":0.0,"gold_gain":0.0,"event_name":"Upgrade Shrine","player_choice":"Upgraded","floor":30.0,"gold_loss":0.0,"damage_taken":0.0,"cards_upgraded":["Corpse Explosion"]}],"is_beta":false,"boss_relics":[{"not_picked":["Eternal Feather","Cursed Key"],"picked":"Lizard Tail"}],"items_purged_floors":[],"is_endless":false,"potions_floor_spawned":[2,7,14,21,24],"killed_by":"Collector","ascension_level":0}