{"gold_per_floor":[110,60,74,74,89,120,120,148,198,198,225,225,239,255,255,358,358,370,387,302,302,322,356,12,87,111,111,111,141,153,169,169,273,273,292,16,36,36,36,36,64,76,76,90,116,116,0,34,34,34,34,34,34,64,64],"floor_reached":55,"playtime":8825,"items_purged":["Defend_B"],"score":1135,"play_id":"2a1d14a1-9c77-46b5-99b9-21b2bc3a91d2","local_time":"20191012015905","is_ascension_mode":true,"campfire_choices":[{"data":"Defragment","floor":7,"key":"SMITH"},{"data":"Biased Cognition","floor":10,"key":"SMITH"},{"data":"Zap","floor":12,"key":"SMITH"},{"data":"Darkness","floor":15,"key":"SMITH"},{"data":"Sunder","floor":27,"key":"SMITH"},{"data":"Static Discharge","floor":32,"key":"SMITH"},{"floor":40,"key":"RECALL"},{"data":"Storm","floor":46,"key":"SMITH"},{"data":"Panache","floor":49,"key":"SMITH"},{"data":"Secret Technique","floor":52,"key":"SMITH"}],"neow_cost":"TEN_PERCENT_HP_LOSS","seed_source_timestamp":483746018003097,"circlet_count":0,"master_deck":["Strike_B+1","Defend_B+1","Defend_B+1","Defend_B+1","Zap+1","Dualcast","Biased Cognition","Lockon+1","Defragment+1","Cold Snap","Ball Lightning","Biased Cognition+1","BootSequence","Darkness+1","Core Surge","Coolheaded+1","Stack+1","Capacitor","White Noise","Glacier","Sunder+1","Heatsinks","Biased Cognition","Static Discharge+1","Machine Learning","Reinforced Body+1","Chill","Panache+1","Secret Technique+1","Magnetism","Double Energy+1","Conserve Battery+1","Storm+1","Electrodynamics","Hologram+1","White Noise"],"relics":["FrozenCore","Mercury Hourglass","Pen Nib","Whetstone","Regal Pillow","Coffee Dripper","Potion Belt","Bronze Scales","Art of War","Bottled Flame","Blood Vial","Dream Catcher","Happy Flower","Mummified Hand","Dead Branch","Red Mask","Anchor","DataDisk"],"potions_floor_usage":[6,8,11,19,23,23,23,29,29,31,33,33,41,41,41],"damage_taken":[{"damage":0,"enemies":"Cultist","floor":1,"turns":3},{"damage":0,"enemies":"Jaw Worm","floor":3,"turns":1},{"damage":0,"enemies":"2 Louse","floor":5,"turns":2},{"damage":13,"enemies":"Lagavulin","floor":6,"turns":4},{"damage":12,"enemies":"Gremlin Nob","floor":8,"turns":3},{"damage":6,"enemies":"3 Sentries","floor":11,"turns":4},{"damage":0,"enemies":"Exordium Wildlife","floor":13,"turns":2},{"damage":0,"enemies":"2 Fungi Beasts","floor":14,"turns":2},{"damage":0,"enemies":"Slime Boss","floor":16,"turns":4},{"damage":1,"enemies":"Spheric Guardian","floor":18,"turns":3},{"damage":0,"enemies":"3 Byrds","floor":19,"turns":2},{"damage":0,"enemies":"Sentry and Sphere","floor":22,"turns":4},{"damage":0,"enemies":"Book of Stabbing","floor":23,"turns":4},{"damage":0,"enemies":"Slavers","floor":29,"turns":3},{"damage":4,"enemies":"Shelled Parasite and Fungi","floor":30,"turns":3},{"damage":14,"enemies":"Snake Plant","floor":31,"turns":2},{"damage":4,"enemies":"Automaton","floor":33,"turns":7},{"damage":0,"enemies":"3 Shapes","floor":35,"turns":5},{"damage":0,"enemies":"3 Darklings","floor":37,"turns":4},{"damage":8,"enemies":"Reptomancer","floor":41,"turns":4},{"damage":0,"enemies":"Spire Growth","floor":42,"turns":3},{"damage":0,"enemies":"Sphere and 2 Shapes","floor":44,"turns":3},{"damage":0,"enemies":"Giant Head","floor":45,"turns":4},{"damage":16,"enemies":"Reptomancer","floor":48,"turns":4},{"damage":37,"enemies":"Awakened One","floor":50,"turns":7},{"damage":22,"enemies":"Shield and Spear","floor":54,"turns":3},{"damage":81,"enemies":"The Heart","floor":55,"turns":5}],"seed_played":"8258289628363469696","potions_obtained":[{"floor":3,"key":"Poison Potion"},{"floor":5,"key":"SkillPotion"},{"floor":6,"key":"FocusPotion"},{"floor":16,"key":"LiquidBronze"},{"floor":22,"key":"EntropicBrew"},{"floor":30,"key":"LiquidBronze"},{"floor":31,"key":"Block Potion"},{"floor":37,"key":"Swift Potion"},{"floor":41,"key":"Explosive Potion"}],"is_trial":false,"path_per_floor":["M","?","M","?","M","E","R","E","T","R","E","R","M","M","R","B",null,"M","M","?","?","M","E","$","T","T","R","?","E","M","M","R","B",null,"M","$","M","?","$","R","E","M","T","M","E","R","?","E","R","B",null,"R","$","E","B"],"character_chosen":"DEFECT","items_purchased":["Art of War","Energy Potion","Heatsinks","Happy Flower","Chill","Block Potion"],"campfire_rested":0,"item_purchase_floors":[24,24,24,36,36,36],"current_hp_per_floor":[68,68,68,73,73,60,60,48,48,48,42,42,42,42,42,42,65,64,64,64,64,64,64,64,64,64,64,64,66,64,52,52,50,67,69,69,71,61,61,61,55,57,57,59,61,61,61,47,47,12,58,58,58,38,0],"gold":64,"neow_bonus":"THREE_RARE_CARDS","is_prod":false,"is_daily":false,"chose_seed":false,"campfire_upgraded":9,"win_rate":0,"timestamp":1570859945,"path_taken":["M","?","M","?","M","E","R","E","T","R","E","R","M","M","R","BOSS","M","M","?","?","M","E","$","?","T","R","?","E","M","M","R","BOSS","M","$","M","?","$","R","E","M","T","M","E","R","?","E","R","BOSS","R","$","E","BOSS"],"build_version":"2019-07-17","purchased_purges":1,"victory":false,"max_hp_per_floor":[68,68,68,73,73,73,73,73,73,73,73,73,73,73,73,73,73,73,73,73,73,73,73,73,73,73,73,73,73,73,73,73,73,73,73,73,73,73,73,73,73,73,73,73,73,73,73,73,73,73,73,73,73,73,73],"card_choices":[{"not_picked":["Hyperbeam","Meteor Strike"],"picked":"Biased Cognition","floor":0},{"not_picked":["Leap","White Noise"],"picked":"Lockon","floor":1},{"not_picked":["Go for the Eyes","Double Energy"],"picked":"Defragment","floor":3},{"not_picked":["Self Repair","Gash"],"picked":"Cold Snap","floor":5},{"not_picked":["Rebound","Stack"],"picked":"Ball Lightning","floor":6},{"not_picked":["Cold Snap","Doom and Gloom"],"picked":"Biased Cognition","floor":8},{"not_picked":["Storm","Steam"],"picked":"BootSequence","floor":11},{"not_picked":["Rebound","Compile Driver","Consume"],"picked":"SKIP","floor":13},{"not_picked":["Genetic Algorithm","Force Field"],"picked":"Darkness","floor":14},{"not_picked":["Seek","Reboot"],"picked":"Core Surge","floor":16},{"not_picked":["Leap+1","Beam Cell"],"picked":"Coolheaded+1","floor":18},{"not_picked":["Rainbow","Rebound+1"],"picked":"Stack+1","floor":19},{"not_picked":["Ball Lightning+1","Go for the Eyes"],"picked":"Glacier","floor":22},{"not_picked":["Go for the Eyes","Auto Shields"],"picked":"Sunder","floor":23},{"not_picked":["Streamline+1","Lockon"],"picked":"Biased Cognition","floor":29},{"not_picked":["Leap","Beam Cell"],"picked":"Static Discharge","floor":30},{"not_picked":["Tempest","Compile Driver+1","Rebound+1"],"picked":"SKIP","floor":31},{"not_picked":["Buffer","All For One"],"picked":"Machine Learning","floor":33},{"not_picked":["Coolheaded","Chill+1"],"picked":"Reinforced Body+1","floor":35},{"not_picked":["Rip and Tear","Streamline+1","Genetic Algorithm+1"],"picked":"SKIP","floor":37},{"not_picked":["Mind Blast","Sadistic Nature"],"picked":"Panache","floor":38},{"not_picked":["Sadistic Nature","Mayhem"],"picked":"Secret Technique","floor":38},{"not_picked":["Purity","Metamorphosis"],"picked":"Magnetism","floor":38},{"not_picked":["Heatsinks","Coolheaded+1"],"picked":"Double Energy+1","floor":41},{"not_picked":["Cold Snap+1","Ball Lightning+1"],"picked":"Conserve Battery+1","floor":42},{"not_picked":["Barrage+1","Defragment+1"],"picked":"Storm","floor":44},{"not_picked":["Rebound+1","Streamline"],"picked":"Electrodynamics","floor":45},{"not_picked":["Auto Shields+1","Streamline+1"],"picked":"Hologram+1","floor":48},{"not_picked":["Go for the Eyes","Steam"],"picked":"White Noise","floor":54}],"player_experience":505157,"relics_obtained":[{"floor":6,"key":"Mercury Hourglass"},{"floor":8,"key":"Pen Nib"},{"floor":9,"key":"Whetstone"},{"floor":11,"key":"Regal Pillow"},{"floor":23,"key":"Bronze Scales"},{"floor":25,"key":"Bottled Flame"},{"floor":26,"key":"Blood Vial"},{"floor":29,"key":"Dream Catcher"},{"floor":41,"key":"Mummified Hand"},{"floor":45,"key":"Dead Branch"},{"floor":48,"key":"Anchor"},{"floor":54,"key":"DataDisk"}],"event_choices":[{"cards_removed":["Strike_B"],"damage_healed":0,"gold_gain":0,"player_choice":"Card Removal","damage_taken":0,"max_hp_gain":0,"max_hp_loss":0,"event_name":"The Cleric","floor":2,"gold_loss":50},{"damage_healed":0,"gold_gain":0,"player_choice":"Donut","damage_taken":0,"max_hp_gain":5,"max_hp_loss":0,"event_name":"Big Fish","floor":4,"gold_loss":0},{"damage_healed":0,"gold_gain":0,"player_choice":"Obtained Relic","damage_taken":0,"relics_obtained":["Potion Belt"],"max_hp_gain":0,"max_hp_loss":0,"event_name":"Addict","floor":20,"gold_loss":85},{"damage_healed":0,"gold_gain":0,"cards_transformed":["Strike_B","Strike_B"],"player_choice":"Became Test Subject","damage_taken":0,"max_hp_gain":0,"max_hp_loss":0,"event_name":"Drug Dealer","floor":21,"gold_loss":0,"cards_obtained":["Capacitor","White Noise"]},{"damage_healed":0,"gold_gain":0,"player_choice":"Simplicity","damage_taken":0,"max_hp_gain":0,"max_hp_loss":0,"event_name":"Back to Basics","floor":28,"gold_loss":0,"cards_upgraded":["Defend_B","Defend_B","Defend_B"]},{"damage_healed":0,"gold_gain":0,"player_choice":"Memory 3","damage_taken":10,"max_hp_gain":0,"max_hp_loss":0,"event_name":"SensoryStone","floor":38,"gold_loss":0},{"damage_healed":0,"gold_gain":0,"player_choice":"Paid","damage_taken":0,"relics_obtained":["Red Mask"],"max_hp_gain":0,"max_hp_loss":0,"event_name":"Tomb of Lord Red Mask","floor":47,"gold_loss":116}],"is_beta":false,"boss_relics":[{"not_picked":["Runic Dome","Sozu"],"picked":"Coffee Dripper"},{"not_picked":["Inserter","Nuclear Battery"],"picked":"FrozenCore"}],"items_purged_floors":[24],"is_endless":false,"potions_floor_spawned":[3,5,6,16,22,30,31,37,41],"killed_by":"The Heart","ascension_level":5}