{"gold_per_floor":[210,227,51,71,90,90,90,102,102,120,38,72,72,22,22,119,119,130,130,144,144,36,36,64,76,103,103,118,118,133,147,147,250,250,266,283,283,301,0,0,0],"floor_reached":41,"playtime":8116,"items_purged":[],"score":590,"play_id":"b0363fb3-4359-4f42-bcf1-bfe8146ced85","local_time":"20191014024824","is_ascension_mode":false,"campfire_choices":[{"floor":6,"key":"REST"},{"floor":13,"key":"REST"},{"floor":15,"key":"REST"},{"floor":23,"key":"REST"},{"floor":29,"key":"REST"},{"floor":32,"key":"REST"},{"floor":40,"key":"REST"}],"neow_cost":"NONE","seed_source_timestamp":0,"circlet_count":0,"master_deck":["Strike_G+1","Strike_G","Strike_G","Strike_G","Defend_G","Defend_G","Defend_G","Defend_G","Defend_G","Survivor","Neutralize","Acrobatics+1","Terror","Chrysalis","Quick Slash","PiercingWail","Choke","Leg Sweep","Enlightenment","After Image","Wraith Form v2","Dash","Adrenaline","Crippling Poison","Poisoned Stab","Underhanded Strike","Outmaneuver+1","Night Terror","Backstab","Infinite Blades","Deflect","Backstab","RitualDagger","Bullet Time","Dagger Throw+1","Eviscerate","Envenom","Noxious Fumes+1","Distraction+1","Jack Of All Trades","Dramatic Entrance","Dodge and Roll+1","Flying Knee","Footwork"],"special_seed":0,"relics":["Ring of the Snake","Unceasing Top","Ninja Scroll","Orrery","Thread and Needle","Oddly Smooth Stone","Eternal Feather","PrismaticShard"],"potions_floor_usage":[33,33,33,38],"damage_taken":[{"damage":0,"enemies":"Small Slimes","floor":1,"turns":4},{"damage":11,"enemies":"Jaw Worm","floor":2,"turns":10},{"damage":0,"enemies":"2 Louse","floor":4,"turns":4},{"damage":8,"enemies":"Exordium Wildlife","floor":5,"turns":8},{"damage":4,"enemies":"Blue Slaver","floor":8,"turns":4},{"damage":1,"enemies":"2 Fungi Beasts","floor":10,"turns":4},{"damage":47,"enemies":"Gremlin Nob","floor":12,"turns":6},{"damage":20,"enemies":"Hexaghost","floor":16,"turns":13},{"damage":8,"enemies":"Chosen","floor":18,"turns":5},{"damage":21,"enemies":"3 Byrds","floor":20,"turns":9},{"damage":25,"enemies":"Slavers","floor":24,"turns":8},{"damage":14,"enemies":"Shelled Parasite and Fungi","floor":25,"turns":10},{"damage":0,"enemies":"3 Cultists","floor":28,"turns":7},{"damage":0,"enemies":"Snecko","floor":30,"turns":5},{"damage":5,"enemies":"Shelled Parasite and Fungi","floor":31,"turns":6},{"damage":58,"enemies":"Champ","floor":33,"turns":15},{"damage":0,"enemies":"Orb Walker","floor":35,"turns":4},{"damage":16,"enemies":"3 Darklings","floor":36,"turns":9},{"damage":48,"enemies":"Sphere and 2 Shapes","floor":38,"turns":11},{"damage":52,"enemies":"Giant Head","floor":41,"turns":9}],"seed_played":"-1319605137841464134","potions_obtained":[{"floor":4,"key":"Energy Potion"},{"floor":8,"key":"SpeedPotion"},{"floor":10,"key":"AttackPotion"},{"floor":20,"key":"Block Potion"},{"floor":25,"key":"Poison Potion"},{"floor":31,"key":"Fruit Juice"},{"floor":35,"key":"SkillPotion"},{"floor":38,"key":"PowerPotion"}],"is_trial":false,"path_per_floor":["M","M","$","M","M","R","?","M","T","M","$","E","R","?","R","B",null,"M","?","M","?","$","R","E","M","T","?","M","R","M","M","R","B",null,"M","M","?","M","$","R","E"],"character_chosen":"THE_SILENT","items_purchased":["Chrysalis","Enlightenment","Backstab","Infinite Blades","Flying Knee","Footwork","PrismaticShard"],"campfire_rested":7,"item_purchase_floors":[3,11,22,22,39,39,39],"current_hp_per_floor":[70,59,59,59,51,70,56,52,52,51,51,4,25,25,46,26,70,62,62,41,41,41,62,37,23,23,17,17,38,38,33,54,1,75,75,59,54,6,6,52,0],"gold":0,"neow_bonus":"HUNDRED_GOLD","is_prod":false,"is_daily":false,"chose_seed":false,"campfire_upgraded":0,"win_rate":0.0,"timestamp":1571035704,"path_taken":["M","M","$","M","M","R","?","M","T","M","$","E","R","?","R","BOSS","M","?","M","?","$","R","E","M","T","?","M","R","M","M","R","BOSS","M","M","?","M","$","R","E"],"build_version":"2019-07-17","purchased_purges":0,"victory":false,"max_hp_per_floor":[70,70,70,70,70,70,70,70,70,70,70,70,70,70,70,70,70,70,70,70,70,70,70,70,70,70,70,70,70,70,70,70,75,75,75,75,75,75,75,75,75],"card_choices":[{"not_picked":["Deadly Poison","PiercingWail"],"picked":"Acrobatics","floor":1},{"not_picked":["Acrobatics","Leg Sweep"],"picked":"Terror","floor":2},{"not_picked":["Dodge and Roll","Blade Dance"],"picked":"Quick Slash","floor":4},{"not_picked":["Flying Knee","Venomology"],"picked":"PiercingWail","floor":5},{"not_picked":["Dagger Throw","Prepared"],"picked":"Choke","floor":8},{"not_picked":["Acrobatics","Slice"],"picked":"Leg Sweep","floor":10},{"not_picked":["Deflect","Infinite Blades"],"picked":"After Image","floor":12},{"not_picked":["Venomology","Doppelganger"],"picked":"Wraith Form v2","floor":16},{"not_picked":["Quick Slash","Dagger Throw"],"picked":"Dash","floor":17},{"not_picked":["Slice","Deflect"],"picked":"Adrenaline","floor":17},{"not_picked":["Sucker Punch","Leg Sweep"],"picked":"Crippling Poison","floor":17},{"not_picked":["Escape Plan","PiercingWail"],"picked":"Poisoned Stab","floor":17},{"not_picked":["Finisher","Sucker Punch"],"picked":"Underhanded Strike","floor":17},{"not_picked":["Backflip","Dagger Spray"],"picked":"Outmaneuver+1","floor":18},{"not_picked":["Skewer","Slice"],"picked":"Night Terror","floor":20},{"not_picked":["Dodge and Roll","Sucker Punch"],"picked":"Deflect","floor":24},{"not_picked":["Slice","Dagger Spray"],"picked":"Backstab","floor":25},{"not_picked":["Masterful Stab","Choke+1"],"picked":"Bullet Time","floor":28},{"not_picked":["Poisoned Stab","Leg Sweep"],"picked":"Dagger Throw+1","floor":30},{"not_picked":["Sucker Punch+1","PiercingWail+1"],"picked":"Eviscerate","floor":31},{"not_picked":["Venomology","Malaise"],"picked":"Envenom","floor":33},{"not_picked":["Acrobatics","Heel Hook+1"],"picked":"Noxious Fumes+1","floor":35},{"not_picked":["Dash","Heel Hook+1"],"picked":"Distraction+1","floor":36},{"not_picked":["Madness","Panacea"],"picked":"Jack Of All Trades","floor":37},{"not_picked":["Good Instincts","Finesse"],"picked":"Dramatic Entrance","floor":37},{"not_picked":["Masterful Stab","Outmaneuver"],"picked":"Dodge and Roll+1","floor":38}],"player_experience":16564,"relics_obtained":[{"floor":9,"key":"Unceasing Top"},{"floor":12,"key":"Ninja Scroll"},{"floor":24,"key":"Thread and Needle"},{"floor":26,"key":"Oddly Smooth Stone"}],"event_choices":[{"damage_healed":0,"gold_gain":0,"player_choice":"Entered Light","damage_taken":14,"max_hp_gain":0,"max_hp_loss":0,"event_name":"Shining Light","floor":7,"gold_loss":0,"cards_upgraded":["Strike_G","Acrobatics"]},{"cards_removed":["Strike_G"],"damage_healed":0,"gold_gain":0,"player_choice":"Card Removal","damage_taken":0,"max_hp_gain":0,"max_hp_loss":0,"event_name":"The Cleric","floor":14,"gold_loss":50},{"damage_healed":0,"gold_gain":0,"player_choice":"Ignored","damage_taken":0,"max_hp_gain":0,"max_hp_loss":0,"event_name":"Beggar","floor":19,"gold_loss":0},{"damage_healed":0,"gold_gain":0,"player_choice":"Ignored","damage_taken":0,"max_hp_gain":0,"max_hp_loss":0,"event_name":"Ghosts","floor":21,"gold_loss":0},{"damage_healed":0,"gold_gain":0,"player_choice":"Joined the Cult","damage_taken":6,"max_hp_gain":0,"max_hp_loss":0,"event_name":"Nest","floor":27,"gold_loss":0,"cards_obtained":["RitualDagger"]},{"damage_healed":0,"gold_gain":0,"player_choice":"Memory 2","damage_taken":5,"max_hp_gain":0,"max_hp_loss":0,"event_name":"SensoryStone","floor":37,"gold_loss":0}],"is_beta":false,"boss_relics":[{"not_picked":["Lizard Tail","Runic Dome"],"picked":"Orrery"},{"not_picked":["White Beast Statue","Snecko Eye"],"picked":"Eternal Feather"}],"items_purged_floors":[],"is_endless":false,"potions_floor_spawned":[4,8,10,20,25,31,35,38],"killed_by":"Giant Head","ascension_level":0}