{"gold_per_floor":[119,135,155,121,121,153,153,172,198,211,242,262,243,261,261,364,364,375,390,73,89,89,117,137,137,207,222,222,222,232,262,262,359,359,378,55,55,74,90,90,124,124,124,124,138,138,138,150,150,150],"floor_reached":50,"playtime":8767,"items_purged":[],"score":553,"play_id":"08d5ea9d-b66c-4fad-a327-5cf03c371bd1","local_time":"20191015004756","is_ascension_mode":false,"campfire_choices":[{"floor":7.0,"key":"REST"},{"floor":15.0,"key":"REST"},{"floor":25.0,"key":"REST"},{"floor":28.0,"key":"REST"},{"floor":32,"key":"REST"},{"floor":40,"key":"REST"},{"floor":42,"key":"REST"},{"floor":46,"key":"REST"},{"floor":49,"key":"REST"}],"neow_cost":"NONE","seed_source_timestamp":2079427296400,"circlet_count":0,"master_deck":["Strike_B","Strike_B","Strike_B","Defend_B","Defend_B","Defend_B","Defend_B","Zap","Dualcast","All For One","Streamline","Rebound","Glacier","Conserve Battery","Hologram","Redo","Darkness","Defragment","Ball Lightning","Stack","Electrodynamics","Stack+1","Melter","Chill","Discovery","Reinforced Body","Creative AI","Heatsinks","Double Energy","Rip and Tear+1","Double Energy","Force Field","White Noise+1","Machine Learning","Force Field+1","Gash","Defragment","Storm","Auto Shields+1","Loop","Go for the Eyes+1","Writhe","Steam"],"special_seed":0,"relics":["Cracked Core","Happy Flower","Oddly Smooth Stone","Bronze Scales","Pantograph","Velvet Choker","Strange Spoon","Letter Opener","Mummified Hand","Mercury Hourglass","Nuclear Battery","HandDrill","Kunai","Sundial"],"potions_floor_usage":[31,38,39,39],"damage_taken":[{"damage":0.0,"enemies":"Cultist","floor":1.0,"turns":3.0},{"damage":11.0,"enemies":"Jaw Worm","floor":2.0,"turns":2.0},{"damage":0.0,"enemies":"Small Slimes","floor":3.0,"turns":3.0},{"damage":21.0,"enemies":"Gremlin Nob","floor":6.0,"turns":5.0},{"damage":3.0,"enemies":"Red Slaver","floor":8.0,"turns":4.0},{"damage":0.0,"enemies":"2 Fungi Beasts","floor":10.0,"turns":3.0},{"damage":10.0,"enemies":"Lagavulin","floor":11.0,"turns":7.0},{"damage":12.0,"enemies":"3 Louse","floor":12.0,"turns":3.0},{"damage":12.0,"enemies":"Exordium Thugs","floor":13.0,"turns":5.0},{"damage":6.0,"enemies":"Blue Slaver","floor":14.0,"turns":3.0},{"damage":15.0,"enemies":"Slime Boss","floor":16.0,"turns":8.0},{"damage":4.0,"enemies":"Shell Parasite","floor":18.0,"turns":5.0},{"damage":2.0,"enemies":"3 Byrds","floor":19.0,"turns":2.0},{"damage":12.0,"enemies":"Centurion and Healer","floor":21.0,"turns":6.0},{"damage":37.0,"enemies":"Book of Stabbing","floor":23.0,"turns":6.0},{"damage":8.0,"enemies":"Shelled Parasite and Fungi","floor":24.0,"turns":5.0},{"damage":1.0,"enemies":"Snecko","floor":27.0,"turns":5.0},{"damage":0.0,"enemies":"3 Cultists","floor":30.0,"turns":3.0},{"damage":19,"enemies":"Slavers","floor":31,"turns":3},{"damage":38,"enemies":"Champ","floor":33,"turns":11},{"damage":32,"enemies":"3 Darklings","floor":35,"turns":3},{"damage":0,"enemies":"Orb Walker","floor":38,"turns":4},{"damage":11,"enemies":"Transient","floor":39,"turns":5},{"damage":72,"enemies":"Giant Head","floor":41,"turns":14},{"damage":11,"enemies":"Maw","floor":45,"turns":8},{"damage":42,"enemies":"3 Darklings","floor":48,"turns":5},{"damage":85,"enemies":"Donu and Deca","floor":50,"turns":9}],"seed_played":"601923131060307223","potions_obtained":[{"floor":2.0,"key":"Swift Potion"},{"floor":10.0,"key":"Block Potion"},{"floor":13.0,"key":"PowerPotion"},{"floor":19.0,"key":"SneckoOil"},{"floor":23.0,"key":"SkillPotion"},{"floor":31,"key":"Block Potion"},{"floor":33,"key":"Fruit Juice"},{"floor":35,"key":"FairyPotion"},{"floor":38,"key":"Weak Potion"},{"floor":45,"key":"Fire Potion"}],"is_trial":false,"path_per_floor":["M","M","M","$","?","E","R","M","T","M","E","M","M","M","R","B",null,"M","M","$","M","?","E","M","R","T","M","R","?","M","E","R","B",null,"M","$","?","M","M","R","E","R","T","?","M","R","?","M","R","B"],"character_chosen":"DEFECT","items_purchased":["Hello World","Chill","Strange Spoon","Discovery","HandDrill","Gash","Defragment"],"campfire_rested":9,"item_purchase_floors":[4,20,20,20,36,36,36],"current_hp_per_floor":[75,64,64,64,61,40,62,59,59,59,49,37,25,19,41,51,75,71,69,69,57,57,20,12,34,34,33,55,55,55,36,58,37,75,43,43,43,48,37,61,8,32,32,32,21,45,65,23,47,0],"gold":150,"neow_bonus":"ONE_RANDOM_RARE_CARD","is_prod":false,"is_daily":false,"chose_seed":false,"campfire_upgraded":0,"win_rate":0.0,"timestamp":1571114876,"path_taken":["M","M","M","$","?","E","R","M","T","M","E","M","M","M","R","BOSS","M","M","$","M","?","E","M","R","T","M","R","?","?","E","R","BOSS","M","$","?","?","M","R","E","R","T","?","M","R","?","M","R","BOSS"],"build_version":"2019-07-17","purchased_purges":0,"victory":false,"max_hp_per_floor":[75,75,75,75,75,75,75,75,75,75,75,75,75,75,75,75,75,75,75,75,75,75,75,75,75,75,75,75,75,75,75,75,75,75,75,75,75,80,80,80,80,80,80,80,80,80,80,80,80,80],"card_choices":[{"not_picked":["Barrage","Coolheaded"],"picked":"Streamline","floor":1.0},{"not_picked":["Gash","Redo"],"picked":"Rebound","floor":2.0},{"not_picked":["Gash","Beam Cell"],"picked":"Glacier","floor":3.0},{"not_picked":["Streamline","Chaos"],"picked":"Conserve Battery","floor":6.0},{"not_picked":["Leap","Hello World"],"picked":"Hologram","floor":8.0},{"not_picked":["Defragment","FTL"],"picked":"Redo","floor":10.0},{"not_picked":["Barrage","Fission"],"picked":"Darkness","floor":11.0},{"not_picked":["Conserve Battery","Sweeping Beam"],"picked":"Defragment","floor":12.0},{"not_picked":["Aggregate","Defragment"],"picked":"Ball Lightning","floor":13.0},{"not_picked":["Compile Driver","Streamline"],"picked":"Stack","floor":14.0},{"not_picked":["Reboot","Echo Form"],"picked":"Electrodynamics","floor":16.0},{"not_picked":["Compile Driver","Go for the Eyes"],"picked":"Stack+1","floor":18.0},{"not_picked":["Lockon","FTL+1"],"picked":"Melter","floor":19.0},{"not_picked":["Cold Snap","Compile Driver"],"picked":"Reinforced Body","floor":21.0},{"not_picked":["Beam Cell","Compile Driver"],"picked":"Heatsinks","floor":23.0},{"not_picked":["Ball Lightning","Stack+1"],"picked":"Double Energy","floor":24.0},{"not_picked":["Streamline","Lockon"],"picked":"Rip and Tear+1","floor":27.0},{"not_picked":["Aggregate","Barrage"],"picked":"Force Field","floor":30.0},{"not_picked":["All For One","Double Energy"],"picked":"White Noise+1","floor":31},{"not_picked":["All For One","Electrodynamics"],"picked":"Machine Learning","floor":33},{"not_picked":["Gash+1","Rebound"],"picked":"Force Field+1","floor":35},{"not_picked":["Sweeping Beam+1","Gash"],"picked":"Storm","floor":38},{"not_picked":["Streamline","Rebound"],"picked":"Auto Shields+1","floor":39},{"not_picked":["Sweeping Beam+1","Hologram+1"],"picked":"Loop","floor":41},{"not_picked":["Conserve Battery+1","Sweeping Beam+1"],"picked":"Go for the Eyes+1","floor":45},{"not_picked":["Rainbow","Gash"],"picked":"Steam","floor":48}],"player_experience":51319,"relics_obtained":[{"floor":6.0,"key":"Oddly Smooth Stone"},{"floor":9.0,"key":"Bronze Scales"},{"floor":11.0,"key":"Pantograph"},{"floor":23.0,"key":"Letter Opener"},{"floor":26.0,"key":"Mummified Hand"},{"floor":31,"key":"Mercury Hourglass"},{"floor":41,"key":"Kunai"},{"floor":43,"key":"Sundial"}],"event_choices":[{"damage_healed":0.0,"max_hp_gain":0.0,"max_hp_loss":0.0,"gold_gain":0.0,"event_name":"Scrap Ooze","player_choice":"Success","floor":5.0,"gold_loss":0.0,"damage_taken":3.0,"relics_obtained":["Happy Flower"]},{"damage_healed":0.0,"max_hp_gain":0.0,"max_hp_loss":0.0,"gold_gain":0.0,"event_name":"The Library","player_choice":"Read","floor":22.0,"gold_loss":0.0,"damage_taken":0.0,"cards_obtained":["Creative AI"]},{"damage_healed":0.0,"max_hp_gain":0.0,"max_hp_loss":0.0,"gold_gain":0.0,"event_name":"Duplicator","player_choice":"Copied","floor":29.0,"gold_loss":0.0,"damage_taken":0.0,"cards_obtained":["Double Energy"]},{"cards_removed":["Strike_B"],"damage_healed":0,"gold_gain":0,"player_choice":"Purged","damage_taken":0,"max_hp_gain":0,"max_hp_loss":0,"event_name":"Purifier","floor":37,"gold_loss":0},{"cards_removed":["Hello World"],"damage_healed":0,"gold_gain":0,"player_choice":"Removed Power","damage_taken":0,"max_hp_gain":0,"max_hp_loss":0,"event_name":"Falling","floor":44,"gold_loss":0},{"damage_healed":20,"gold_gain":0,"player_choice":"Writhe","damage_taken":0,"max_hp_gain":0,"max_hp_loss":0,"event_name":"Winding Halls","floor":47,"gold_loss":0,"cards_obtained":["Writhe"]}],"is_beta":false,"boss_relics":[{"not_picked":["FrozenCore","Ectoplasm"],"picked":"Velvet Choker"},{"not_picked":["Snecko Eye","Philosopher\u0027s Stone"],"picked":"Nuclear Battery"}],"items_purged_floors":[],"is_endless":false,"potions_floor_spawned":[2,10,13,19,23,31,33,35,38,45],"killed_by":"Donu and Deca","ascension_level":0}