{"gold_per_floor":[114,114,91,106,38,38,68,68,118,118,118,133,53,68,68,168,218,233,248,248,59,74,74,104,119,119,119],"floor_reached":27,"playtime":1879,"items_purged":[],"score":331,"play_id":"9b6771bf-dae8-4b62-8fd1-05177e705a05","local_time":"20191026202521","daily_mods":["Specialized","Vintage","Terminal"],"is_ascension_mode":false,"campfire_choices":[{"data":"Infinite Blades","floor":6.0,"key":"SMITH"},{"floor":8.0,"key":"REST"},{"data":"Catalyst","floor":11.0,"key":"SMITH"},{"data":"Deadly Poison","floor":15.0,"key":"SMITH"},{"data":"Night Terror","floor":23.0,"key":"SMITH"}],"neow_cost":"","seed_source_timestamp":0,"circlet_count":0,"master_deck":["Strike_G","Strike_G","Strike_G","Strike_G","Strike_G","Defend_G+1","Defend_G","Defend_G","Defend_G+1","Survivor","Neutralize","Catalyst+1","Catalyst","Catalyst","Catalyst+1","Poisoned Stab","Infinite Blades+1","Deadly Poison+1","Expertise","Footwork","Night Terror+1","Noxious Fumes","Caltrops","Distraction"],"special_seed":18195,"relics":["Ring of the Snake","Nunchaku","Orichalcum","Question Card","Pen Nib","War Paint","Bottled Lightning","StrikeDummy","Tiny House","Bag of Preparation","Bottled Tornado","Toolbox","Darkstone Periapt","Oddly Smooth Stone","Toy Ornithopter","Blue Candle"],"potions_floor_usage":[27,27],"damage_taken":[{"damage":0.0,"enemies":"Jaw Worm","floor":1.0,"turns":4.0},{"damage":0.0,"enemies":"Cultist","floor":4.0,"turns":3.0},{"damage":23.0,"enemies":"Lagavulin","floor":7.0,"turns":6.0},{"damage":0.0,"enemies":"Small Slimes","floor":12.0,"turns":3.0},{"damage":1.0,"enemies":"3 Louse","floor":14.0,"turns":3.0},{"damage":0.0,"enemies":"Slime Boss","floor":16.0,"turns":3.0},{"damage":0.0,"enemies":"Chosen","floor":18.0,"turns":3.0},{"damage":3.0,"enemies":"Spheric Guardian","floor":19.0,"turns":5.0},{"damage":3.0,"enemies":"Centurion and Healer","floor":22.0,"turns":7.0},{"damage":19.0,"enemies":"Gremlin Leader","floor":24.0,"turns":3.0},{"damage":0.0,"enemies":"Snecko","floor":25.0,"turns":3.0},{"damage":44,"enemies":"Slavers","floor":27,"turns":3}],"seed_played":"-1258302694329496519","potions_obtained":[{"floor":7.0,"key":"Strength Potion"},{"floor":12.0,"key":"GhostInAJar"},{"floor":17.0,"key":"Block Potion"},{"floor":18.0,"key":"Dexterity Potion"},{"floor":24.0,"key":"Explosive Potion"}],"is_trial":false,"path_per_floor":["M","?","$","M","$","R","E","R","T","?","R","M","$","M","R","B",null,"M","M","?","$","M","R","E","M","T","E"],"character_chosen":"THE_SILENT","items_purchased":["Poisoned Stab","Infinite Blades","Footwork","Toolbox","Caltrops"],"campfire_rested":1,"item_purchase_floors":[3,5,13,21,21],"current_hp_per_floor":[68,67,66,65,64,63,40,58,58,58,58,57,56,55,54,53,57,56,53,53,53,50,50,31,31,31,0],"gold":119,"neow_bonus":"","is_prod":false,"is_daily":true,"chose_seed":false,"campfire_upgraded":4,"win_rate":0,"timestamp":1572135921,"path_taken":["M","?","$","?","$","R","E","R","T","?","R","M","$","M","R","BOSS","M","M","?","$","M","R","E","M","T","E"],"build_version":"2019-10-25-V3","purchased_purges":0,"victory":false,"max_hp_per_floor":[68,67,66,65,64,63,62,61,60,59,58,57,56,55,54,53,57,56,55,54,53,52,51,50,49,48,48],"card_choices":[{"not_picked":["Accuracy","Acrobatics","Escape Plan"],"picked":"Deadly Poison","floor":7.0},{"not_picked":["Bullet Time","Wraith Form v2","Glass Knife"],"picked":"Night Terror","floor":16.0},{"not_picked":["Tactician","Backflip","Prepared"],"picked":"Noxious Fumes","floor":17.0},{"not_picked":["Terror","All Out Attack","Outmaneuver"],"picked":"Distraction","floor":24.0}],"player_experience":213482,"relics_obtained":[{"floor":1.0,"key":"Nunchaku"},{"floor":4.0,"key":"Question Card"},{"floor":7.0,"key":"Pen Nib"},{"floor":9.0,"key":"War Paint"},{"floor":12.0,"key":"Bottled Lightning"},{"floor":14.0,"key":"StrikeDummy"},{"floor":18.0,"key":"Bag of Preparation"},{"floor":19.0,"key":"Bottled Tornado"},{"floor":22.0,"key":"Darkstone Periapt"},{"floor":24.0,"key":"Oddly Smooth Stone"},{"floor":25.0,"key":"Toy Ornithopter"},{"floor":26.0,"key":"Blue Candle"}],"event_choices":[{"cards_removed":["Catalyst"],"damage_healed":0.0,"max_hp_gain":0.0,"max_hp_loss":0.0,"gold_gain":0.0,"event_name":"WeMeetAgain","player_choice":"Gave Card","floor":2.0,"gold_loss":0.0,"damage_taken":0.0,"relics_obtained":["Orichalcum"]},{"damage_healed":0.0,"max_hp_gain":0.0,"max_hp_loss":0.0,"gold_gain":0.0,"cards_transformed":["Defend_G"],"event_name":"Living Wall","player_choice":"Change","floor":10.0,"gold_loss":0.0,"damage_taken":0.0,"cards_obtained":["Expertise"]},{"damage_healed":0.0,"max_hp_gain":0.0,"max_hp_loss":0.0,"gold_gain":0.0,"event_name":"Beggar","player_choice":"Ignored","floor":20.0,"gold_loss":0.0,"damage_taken":0.0}],"is_beta":true,"boss_relics":[{"not_picked":["Calling Bell","Snecko Eye"],"picked":"Tiny House"}],"items_purged_floors":[],"is_endless":false,"potions_floor_spawned":[7,12,18,19,24],"killed_by":"Slavers","ascension_level":0}