{"gold_per_floor":[115,115,47,65,84,84,110,110,110,136,148,177,193,223,223,323,323,340,340,352,285,43,43,69,81,81,95,95,109,109,125,125,125],"floor_reached":33,"playtime":3899,"items_purged":[],"score":342,"play_id":"5541e67f-612b-47a1-bf89-27c1f24ef7dc","local_time":"20190921233900","is_ascension_mode":true,"campfire_choices":[{"data":"True Grit","floor":6,"key":"SMITH"},{"data":"Carnage","floor":8,"key":"SMITH"},{"data":"Cleave","floor":15,"key":"SMITH"},{"data":"Juggernaut","floor":23,"key":"SMITH"},{"data":"Armaments","floor":28,"key":"SMITH"},{"data":"Demon Form","floor":30,"key":"SMITH"},{"data":"Reaper","floor":32,"key":"SMITH"}],"neow_cost":"NONE","seed_source_timestamp":177803269094429,"circlet_count":0,"master_deck":["Strike_R+1","Strike_R+1","Strike_R+1","Strike_R+1","Defend_R+1","Defend_R+1","Defend_R+1","Defend_R+1","Bash","Thunderclap","Reaper+1","Headbutt","True Grit+1","Carnage+1","Uppercut","Flex","Cleave+1","Heavy Blade","Juggernaut+1","True Grit","Shrug It Off+1","Armaments+1","Demon Form+1","Inflame"],"relics":["Burning Blood","Self Forming Clay","Letter Opener","Ancient Tea Set","War Paint","Ornamental Fan","Eternal Feather","Boot","Mercury Hourglass","Paper Frog","Vajra"],"potions_floor_usage":[10,10,11,16,20,24,25,33],"damage_taken":[{"damage":2,"enemies":"2 Louse","floor":1,"turns":3},{"damage":1,"enemies":"Cultist","floor":4,"turns":3},{"damage":18,"enemies":"Small Slimes","floor":5,"turns":6},{"damage":40,"enemies":"Gremlin Nob","floor":7,"turns":5},{"damage":17,"enemies":"3 Sentries","floor":10,"turns":5},{"damage":20,"enemies":"Gremlin Gang","floor":11,"turns":3},{"damage":18,"enemies":"Lagavulin","floor":12,"turns":5},{"damage":0,"enemies":"Lots of Slimes","floor":13,"turns":2},{"damage":32,"enemies":"3 Sentries","floor":14,"turns":8},{"damage":36,"enemies":"Slime Boss","floor":16,"turns":11},{"damage":25,"enemies":"3 Byrds","floor":18,"turns":5},{"damage":20,"enemies":"Shell Parasite","floor":20,"turns":9},{"damage":61,"enemies":"Gremlin Leader","floor":24,"turns":6},{"damage":4,"enemies":"Cultist and Chosen","floor":25,"turns":4},{"damage":7,"enemies":"Snake Plant","floor":27,"turns":3},{"damage":4,"enemies":"Centurion and Healer","floor":29,"turns":6},{"damage":16,"enemies":"Sentry and Sphere","floor":31,"turns":4},{"damage":81,"enemies":"Collector","floor":33,"turns":6}],"seed_played":"-5457157440524357389","potions_obtained":[{"floor":4,"key":"Ancient Potion"},{"floor":7,"key":"SteroidPotion"},{"floor":10,"key":"SkillPotion"},{"floor":14,"key":"FearPotion"},{"floor":16,"key":"Block Potion"},{"floor":20,"key":"FearPotion"},{"floor":24,"key":"Energy Potion"},{"floor":29,"key":"PowerPotion"}],"is_trial":false,"path_per_floor":["M","?","$","M","M","R","E","R","T","E","M","E","M","E","R","B",null,"M","?","M","?","$","R","E","M","T","M","R","M","R","M","R","B"],"character_chosen":"IRONCLAD","items_purchased":["Reaper","Mercury Hourglass"],"campfire_rested":0,"item_purchase_floors":[3,22],"current_hp_per_floor":[88,88,88,88,79,79,51,51,51,49,59,52,60,38,38,14,88,69,69,56,56,56,68,13,25,25,24,36,46,58,53,65,0],"gold":125,"neow_bonus":"TEN_PERCENT_HP_BONUS","is_prod":false,"is_daily":false,"chose_seed":false,"campfire_upgraded":7,"win_rate":0,"timestamp":1569123540,"path_taken":["M","?","$","M","?","R","E","R","T","E","M","E","M","E","R","BOSS","M","?","M","?","$","R","E","M","T","M","R","M","R","?","R","BOSS"],"build_version":"2019-07-17","purchased_purges":0,"victory":false,"max_hp_per_floor":[88,88,88,88,88,88,88,88,88,88,88,88,88,88,88,88,88,88,88,88,88,88,88,88,88,88,88,88,88,88,88,88,88],"card_choices":[{"not_picked":["Clothesline","Cleave"],"picked":"Thunderclap","floor":1},{"not_picked":["Twin Strike","Havoc"],"picked":"Headbutt","floor":4},{"not_picked":["Evolve","Sword Boomerang"],"picked":"True Grit","floor":5},{"not_picked":["Rampage","Cleave"],"picked":"Carnage","floor":7},{"not_picked":["Reaper","Second Wind"],"picked":"Uppercut","floor":10},{"not_picked":["Clothesline","Thunderclap"],"picked":"Flex","floor":11},{"not_picked":["Headbutt","Clothesline"],"picked":"Cleave","floor":12},{"not_picked":["Sword Boomerang","Anger","Searing Blow"],"picked":"SKIP","floor":13},{"not_picked":["Infernal Blade","Bludgeon"],"picked":"Heavy Blade","floor":14},{"not_picked":["Double Tap","Bludgeon"],"picked":"Juggernaut","floor":16},{"not_picked":["Thunderclap","Warcry+1"],"picked":"True Grit","floor":18},{"not_picked":["Sword Boomerang","Havoc+1"],"picked":"Shrug It Off+1","floor":20},{"not_picked":["Body Slam","Sever Soul+1","Havoc"],"picked":"SKIP","floor":24},{"not_picked":["Body Slam","Sever Soul+1","Havoc"],"picked":"SKIP","floor":24},{"not_picked":["Twin Strike+1","Body Slam"],"picked":"Armaments","floor":25},{"not_picked":["Thunderclap","Body Slam"],"picked":"Demon Form","floor":27},{"not_picked":["Corruption+1","Iron Wave"],"picked":"Inflame","floor":29},{"not_picked":["Blood for Blood","Clothesline","Havoc"],"picked":"SKIP","floor":31}],"player_experience":378364,"relics_obtained":[{"floor":7,"key":"Self Forming Clay"},{"floor":9,"key":"Letter Opener"},{"floor":10,"key":"Ancient Tea Set"},{"floor":12,"key":"War Paint"},{"floor":14,"key":"Ornamental Fan"},{"floor":24,"key":"Paper Frog"},{"floor":26,"key":"Vajra"}],"event_choices":[{"cards_removed":["Strike_R"],"damage_healed":0,"gold_gain":0,"player_choice":"Purged","damage_taken":0,"max_hp_gain":0,"max_hp_loss":0,"event_name":"Purifier","floor":2,"gold_loss":0},{"damage_healed":0,"gold_gain":0,"player_choice":"Simplicity","damage_taken":0,"max_hp_gain":0,"max_hp_loss":0,"event_name":"Back to Basics","floor":19,"gold_loss":0,"cards_upgraded":["Strike_R","Strike_R","Strike_R","Strike_R","Defend_R","Defend_R"]},{"damage_healed":0,"gold_gain":0,"player_choice":"Paid Gold","damage_taken":0,"relics_obtained":["Boot"],"max_hp_gain":0,"max_hp_loss":0,"event_name":"WeMeetAgain","floor":21,"gold_loss":67}],"is_beta":false,"boss_relics":[{"not_picked":["White Beast Statue","Lizard Tail"],"picked":"Eternal Feather"}],"items_purged_floors":[],"is_endless":false,"potions_floor_spawned":[4,7,10,14,16,20,24,29],"killed_by":"Collector","ascension_level":3}