{"gold_per_floor":[159,172,172,0,20,20,47,47,47,59,59,69,83,96,96,195,195,213,233,0,18,32,32,43,43,43,43],"floor_reached":27,"playtime":4392,"items_purged":["Strike_B"],"score":263,"play_id":"e7d1b054-8e90-40f5-b1bf-91af64c577c4","local_time":"20191006221449","is_ascension_mode":true,"campfire_choices":[{"data":"Apotheosis","floor":6.0,"key":"SMITH"},{"data":"Zap","floor":8.0,"key":"SMITH"},{"data":"Defragment","floor":11.0,"key":"SMITH"},{"floor":15.0,"key":"REST"},{"floor":23,"key":"REST"}],"neow_cost":"NONE","seed_source_timestamp":294163371534138,"circlet_count":0,"master_deck":["Strike_B","Strike_B+1","Strike_B","Defend_B","Defend_B+1","Defend_B","Defend_B","Zap+1","Dualcast+1","White Noise","Storm","Tempest","Apotheosis+1","Turbo","Thunder Strike","Defragment+1","Loop","All For One","Reprogram","Biased Cognition","Cold Snap","Melter+1","Stack","Leap+1","Normality"],"special_seed":0,"relics":["Tiny House","Torii","Du-Vu Doll","Cursed Key","Membership Card","Enchiridion","Happy Flower"],"potions_floor_usage":[22,22],"damage_taken":[{"damage":8.0,"enemies":"2 Louse","floor":1.0,"turns":2.0},{"damage":4.0,"enemies":"Jaw Worm","floor":2.0,"turns":4.0},{"damage":0.0,"enemies":"Small Slimes","floor":5.0,"turns":2.0},{"damage":8.0,"enemies":"Lagavulin","floor":7.0,"turns":6.0},{"damage":6.0,"enemies":"Gremlin Gang","floor":10.0,"turns":4.0},{"damage":0.0,"enemies":"Blue Slaver","floor":12.0,"turns":3.0},{"damage":16.0,"enemies":"Exordium Wildlife","floor":13.0,"turns":4.0},{"damage":14.0,"enemies":"3 Louse","floor":14.0,"turns":2.0},{"damage":18.0,"enemies":"Hexaghost","floor":16.0,"turns":8.0},{"damage":7,"enemies":"Chosen","floor":18,"turns":4},{"damage":38,"enemies":"3 Byrds","floor":19,"turns":5},{"damage":6,"enemies":"Sentry and Sphere","floor":21,"turns":3},{"damage":17,"enemies":"Snake Plant","floor":22,"turns":4},{"damage":17,"enemies":"Centurion and Healer","floor":24,"turns":5},{"damage":6,"enemies":"3 Cultists","floor":27,"turns":2}],"seed_played":"-6029241694777099201","potions_obtained":[{"floor":0.0,"key":"Regen Potion"},{"floor":1.0,"key":"SteroidPotion"},{"floor":7.0,"key":"LiquidBronze"},{"floor":13.0,"key":"FearPotion"},{"floor":16.0,"key":"Poison Potion"},{"floor":19,"key":"GamblersBrew"}],"is_trial":false,"path_per_floor":["M","M","?","$","M","R","E","R","T","M","R","M","M","M","R","B",null,"M","M","$","M","M","R","M","?","T","M"],"character_chosen":"DEFECT","items_purchased":["Apotheosis","Membership Card"],"campfire_rested":2,"item_purchase_floors":[4,20],"current_hp_per_floor":[72,68,52,52,52,52,59,59,59,53,53,53,37,23,47,29,80,73,35,35,29,12,36,19,3,3,0],"gold":43,"neow_bonus":"BOSS_RELIC","is_prod":false,"is_daily":false,"chose_seed":false,"campfire_upgraded":3,"win_rate":0,"timestamp":1570414489,"path_taken":["M","M","?","$","M","R","E","R","T","M","R","M","M","M","R","BOSS","M","M","$","M","M","R","M","?","T","M"],"build_version":"2019-07-17","purchased_purges":1,"victory":false,"max_hp_per_floor":[80,80,80,80,80,80,80,80,80,80,80,80,80,80,80,80,80,80,80,80,80,80,80,80,80,80,80],"card_choices":[{"not_picked":["Stack","Ball Lightning"],"picked":"White Noise","floor":0.0},{"not_picked":["Leap","Hello World"],"picked":"Storm","floor":1.0},{"not_picked":["Barrage","Redo"],"picked":"Tempest","floor":2.0},{"not_picked":["Barrage","Steam"],"picked":"Turbo","floor":5.0},{"not_picked":["Chaos","Rip and Tear"],"picked":"Thunder Strike","floor":7.0},{"not_picked":["Turbo","Undo"],"picked":"Defragment","floor":10.0},{"not_picked":["Turbo","Rebound"],"picked":"Loop","floor":12.0},{"not_picked":["Chaos","Stack"],"picked":"All For One","floor":13.0},{"not_picked":["Coolheaded","Turbo"],"picked":"Reprogram","floor":14.0},{"not_picked":["Meteor Strike","Fission"],"picked":"Biased Cognition","floor":16.0},{"not_picked":["Storm","Consume"],"picked":"Cold Snap","floor":18},{"not_picked":["Compile Driver","Defragment"],"picked":"Melter+1","floor":19},{"not_picked":["Redo","Rebound"],"picked":"Stack","floor":21},{"not_picked":["Steam+1","Compile Driver+1"],"picked":"Leap+1","floor":22},{"not_picked":["Beam Cell","Rebound+1","Chaos+1"],"picked":"SKIP","floor":24}],"player_experience":457630,"relics_obtained":[{"floor":7.0,"key":"Torii"},{"floor":9.0,"key":"Du-Vu Doll"},{"floor":25,"key":"Enchiridion"},{"floor":26,"key":"Happy Flower"}],"event_choices":[{"damage_healed":0.0,"max_hp_gain":0.0,"max_hp_loss":0.0,"gold_gain":0.0,"event_name":"Shining Light","player_choice":"Entered Light","floor":3.0,"gold_loss":0.0,"damage_taken":16.0,"cards_upgraded":["Dualcast","Defend_B"]},{"damage_healed":0,"gold_gain":0,"player_choice":"Obtained Book","damage_taken":16,"max_hp_gain":0,"max_hp_loss":0,"event_name":"Cursed Tome","floor":25,"gold_loss":0}],"is_beta":false,"boss_relics":[{"not_picked":["Nuclear Battery","Orrery"],"picked":"Cursed Key"}],"items_purged_floors":[20],"is_endless":false,"potions_floor_spawned":[1,7,13,16,19],"killed_by":"3 Cultists","ascension_level":4}