{"gold_per_floor":[114,129,229,132,147,177,192,222,247,277,277,341,371,386,386,486,486,501,516,476,215,230,260,275,305,330,330,360,375,390,405,405,505,505,520,535,90,105,105,135,135,165,165,165,165,165,195,210,210,210],"floor_reached":51,"playtime":6302,"items_purged":[],"score":927,"play_id":"cfb24220-c03e-4258-a4f3-25c68583e605","local_time":"20191026224440","daily_mods":["Heirloom","Colorless Cards","Elite Swarm"],"is_ascension_mode":false,"campfire_choices":[{"floor":11.0,"key":"REST"},{"data":"Transmutation","floor":15.0,"key":"SMITH"},{"floor":27.0,"key":"REST"},{"floor":32.0,"key":"REST"},{"floor":41.0,"key":"REST"},{"floor":46.0,"key":"REST"},{"floor":49,"key":"REST"}],"neow_cost":"","seed_source_timestamp":0,"circlet_count":0,"master_deck":["Strike_B","Strike_B","Strike_B","Strike_B","Defend_B","Defend_B","Defend_B","Defend_B","Zap","Dualcast","Coolheaded","Leap","Hologram","Capacitor","Chaos","Transmutation+1","Conserve Battery","Meteor Strike","Biased Cognition","Rainbow","Compile Driver","Core Surge","Defragment","Mind Blast","Lockon","Turbo","Storm","Static Discharge+1","Panache","Sunder","Thinking Ahead","Echo Form","Stack","Turbo+1","BootSequence","Biased Cognition","Mind Blast","Biased Cognition","Creative AI","Coolheaded","Parasite","Purity","Apotheosis","Dramatic Entrance","Deep Breath","Amplify","Hyperbeam","Madness","Madness","Panache","Storm"],"special_seed":18196,"relics":["Cracked Core","CaptainsWheel","CloakClasp","Potion Belt","PreservedInsect","Nunchaku","StoneCalendar","SacredBark","Sundial","Question Card","Lantern","Vajra","Black Star","Bird Faced Urn","Boot","Smiling Mask","Centennial Puzzle","Kunai","MealTicket","Mango"],"potions_floor_usage":[48,48,50,50],"damage_taken":[{"damage":2.0,"enemies":"Jaw Worm","floor":1.0,"turns":3.0},{"damage":0.0,"enemies":"Cultist","floor":2.0,"turns":4.0},{"damage":0.0,"enemies":"2 Louse","floor":5.0,"turns":3.0},{"damage":26.0,"enemies":"Gremlin Nob","floor":6.0,"turns":5.0},{"damage":0.0,"enemies":"Blue Slaver","floor":7.0,"turns":5.0},{"damage":15.0,"enemies":"Lagavulin","floor":8.0,"turns":12.0},{"damage":10.0,"enemies":"Gremlin Nob","floor":10.0,"turns":4.0},{"damage":0.0,"enemies":"Lagavulin","floor":13.0,"turns":5.0},{"damage":9.0,"enemies":"Gremlin Gang","floor":14.0,"turns":5.0},{"damage":0.0,"enemies":"Hexaghost","floor":16.0,"turns":8.0},{"damage":1.0,"enemies":"Shell Parasite","floor":18.0,"turns":6.0},{"damage":1.0,"enemies":"Spheric Guardian","floor":19.0,"turns":7.0},{"damage":1.0,"enemies":"3 Cultists","floor":22.0,"turns":7.0},{"damage":7.0,"enemies":"Slavers","floor":23.0,"turns":5.0},{"damage":15.0,"enemies":"Snake Plant","floor":24.0,"turns":3.0},{"damage":29.0,"enemies":"Gremlin Leader","floor":25.0,"turns":3.0},{"damage":18.0,"enemies":"Book of Stabbing","floor":28.0,"turns":4.0},{"damage":15.0,"enemies":"Centurion and Healer","floor":29.0,"turns":6.0},{"damage":4.0,"enemies":"Cultist and Chosen","floor":30.0,"turns":6.0},{"damage":14.0,"enemies":"Shelled Parasite and Fungi","floor":31.0,"turns":4.0},{"damage":59.0,"enemies":"Automaton","floor":33.0,"turns":8.0},{"damage":18.0,"enemies":"3 Darklings","floor":35.0,"turns":7.0},{"damage":0.0,"enemies":"Orb Walker","floor":36.0,"turns":3.0},{"damage":17.0,"enemies":"Writhing Mass","floor":38.0,"turns":5.0},{"damage":14.0,"enemies":"Nemesis","floor":40.0,"turns":5.0},{"damage":31.0,"enemies":"Reptomancer","floor":42.0,"turns":7.0},{"damage":25.0,"enemies":"Giant Head","floor":47.0,"turns":7.0},{"damage":43,"enemies":"Transient","floor":48,"turns":5},{"damage":62,"enemies":"Time Eater","floor":50,"turns":8}],"seed_played":"2617731915108003108","potions_obtained":[{"floor":1.0,"key":"ColorlessPotion"},{"floor":2.0,"key":"Swift Potion"},{"floor":7.0,"key":"Explosive Potion"},{"floor":13.0,"key":"Energy Potion"},{"floor":20.0,"key":"LiquidBronze"},{"floor":20.0,"key":"FairyPotion"},{"floor":20.0,"key":"Regen Potion"},{"floor":22.0,"key":"Explosive Potion"},{"floor":24.0,"key":"Strength Potion"},{"floor":29.0,"key":"SteroidPotion"},{"floor":31.0,"key":"Ancient Potion"},{"floor":33.0,"key":"SteroidPotion"},{"floor":38.0,"key":"SpeedPotion"},{"floor":40.0,"key":"GamblersBrew"},{"floor":47.0,"key":"Strength Potion"},{"floor":48,"key":"PowerPotion"}],"is_trial":false,"path_per_floor":["M","M","?","$","M","E","M","E","T","E","R","?","E","M","R","B",null,"M","M","?","$","M","E","M","E","T","R","E","M","M","M","R","B",null,"M","M","$","M","?","E","R","E","T","?","?","R","E","M","R","B",null],"character_chosen":"DEFECT","items_purchased":["Hologram","Capacitor","CultistPotion","Lockon","Turbo","Storm","Fruit Juice","LiquidMemories","Regen Potion","Creative AI","Coolheaded"],"campfire_rested":6,"item_purchase_floors":[4,4,21,21,21,21,37,37,37,37,37],"current_hp_per_floor":[73,73,73,73,73,47,47,32,32,22,44,44,44,35,35,35,75,74,73,73,73,72,65,50,40,40,62,44,29,25,11,33,45,75,57,57,67,73,63,49,74,55,55,55,44,69,70,31,60,18],"gold":210,"neow_bonus":"","is_prod":false,"is_daily":true,"chose_seed":false,"campfire_upgraded":1,"win_rate":0,"timestamp":1572144280,"path_taken":["M","M","?","?","?","E","M","E","T","E","R","?","E","M","R","BOSS","M","M","?","$","M","E","M","E","T","R","E","M","M","?","R","BOSS","M","M","$","M","?","E","R","E","T","?","?","R","E","M","R","BOSS"],"build_version":"2019-10-25-V3","purchased_purges":0,"victory":true,"max_hp_per_floor":[75,75,75,75,75,75,75,75,75,75,75,75,75,75,75,75,75,75,75,75,75,75,75,75,75,75,75,75,75,75,75,75,75,75,75,75,85,85,85,85,85,85,85,85,85,85,99,99,99,99],"card_choices":[{"not_picked":["Ball Lightning","Trip"],"picked":"Coolheaded","floor":1.0},{"not_picked":["Mind Blast","Steam"],"picked":"Leap","floor":2.0},{"not_picked":["Redo","Go for the Eyes"],"picked":"Chaos","floor":5.0},{"not_picked":["Sadistic Nature","Magnetism"],"picked":"Transmutation","floor":6.0},{"not_picked":["Beam Cell","Auto Shields"],"picked":"Conserve Battery","floor":7.0},{"not_picked":["Master of Strategy","Rainbow"],"picked":"Meteor Strike","floor":8.0},{"not_picked":["HandOfGreed","Machine Learning"],"picked":"Biased Cognition","floor":10.0},{"not_picked":["Secret Technique","Transmutation"],"picked":"Rainbow","floor":13.0},{"not_picked":["Sweeping Beam","Leap"],"picked":"Compile Driver","floor":14.0},{"not_picked":["Amplify","Violence"],"picked":"Core Surge","floor":16.0},{"not_picked":["Beam Cell","Compile Driver"],"picked":"Defragment","floor":18.0},{"not_picked":["Compile Driver+1","Cold Snap"],"picked":"Mind Blast","floor":19.0},{"not_picked":["Bandage Up","Ball Lightning"],"picked":"Static Discharge+1","floor":22.0},{"not_picked":["Sadistic Nature","Machine Learning"],"picked":"Panache","floor":23.0},{"not_picked":["Defragment","Force Field+1"],"picked":"Sunder","floor":24.0},{"not_picked":["Hyperbeam","Biased Cognition"],"picked":"Thinking Ahead","floor":25.0},{"not_picked":["Core Surge","Seek","Multi-Cast"],"picked":"Echo Form","floor":28.0},{"not_picked":["Swift Strike","Jack Of All Trades","Dramatic Entrance"],"picked":"Stack","floor":29.0},{"not_picked":["Gash","Aggregate+1","Flash of Steel"],"picked":"Turbo+1","floor":30.0},{"not_picked":["Redo+1","Defragment","Aggregate"],"picked":"BootSequence","floor":31.0},{"not_picked":["Multi-Cast","Core Surge","Master of Strategy"],"picked":"Biased Cognition","floor":33.0},{"not_picked":["Coolheaded","Beam Cell+1","Blizzard+1"],"picked":"Mind Blast","floor":35.0},{"not_picked":["Turbo","Hologram+1","Streamline"],"picked":"Biased Cognition","floor":36.0},{"not_picked":["Hologram","Barrage","Sweeping Beam"],"picked":"Purity","floor":38.0},{"not_picked":["Metamorphosis","Blind","PanicButton"],"picked":"Apotheosis","floor":39.0},{"not_picked":["HandOfGreed","Jack Of All Trades","Violence"],"picked":"Dramatic Entrance","floor":39.0},{"not_picked":["HandOfGreed","Sadistic Nature","PanicButton"],"picked":"Deep Breath","floor":39.0},{"not_picked":["Magnetism","Sadistic Nature","Meteor Strike"],"picked":"Amplify","floor":40.0},{"not_picked":["Thinking Ahead","Chrysalis","Meteor Strike"],"picked":"Hyperbeam","floor":42.0},{"not_picked":["Thunder Strike","Metamorphosis","Biased Cognition"],"picked":"Panache","floor":47.0},{"not_picked":["Ball Lightning+1","Steam+1","Chaos+1"],"picked":"Storm","floor":48}],"player_experience":215361,"relics_obtained":[{"floor":6.0,"key":"CloakClasp"},{"floor":8.0,"key":"Potion Belt"},{"floor":9.0,"key":"PreservedInsect"},{"floor":10.0,"key":"Nunchaku"},{"floor":13.0,"key":"StoneCalendar"},{"floor":23.0,"key":"Sundial"},{"floor":25.0,"key":"Question Card"},{"floor":26.0,"key":"Lantern"},{"floor":28.0,"key":"Vajra"},{"floor":40.0,"key":"Bird Faced Urn"},{"floor":40.0,"key":"Boot"},{"floor":42.0,"key":"Smiling Mask"},{"floor":42.0,"key":"Centennial Puzzle"},{"floor":43.0,"key":"Kunai"},{"floor":47.0,"key":"MealTicket"},{"floor":47.0,"key":"Mango"}],"event_choices":[{"damage_healed":0.0,"max_hp_gain":0.0,"max_hp_loss":0.0,"gold_gain":100.0,"event_name":"Golden Shrine","player_choice":"Pray","floor":3.0,"gold_loss":0.0,"damage_taken":0.0},{"damage_healed":0.0,"max_hp_gain":0.0,"max_hp_loss":0.0,"gold_gain":64.0,"event_name":"Golden Wing","player_choice":"Gained Gold","floor":12.0,"gold_loss":0.0,"damage_taken":0.0},{"damage_healed":0.0,"max_hp_gain":0.0,"max_hp_loss":0.0,"gold_gain":0.0,"event_name":"The Woman in Blue","player_choice":"Bought 3 Potions","floor":20.0,"gold_loss":0.0,"damage_taken":0.0},{"damage_healed":0.0,"max_hp_gain":0.0,"max_hp_loss":0.0,"gold_gain":0.0,"event_name":"SensoryStone","player_choice":"Memory 3","floor":39.0,"gold_loss":0.0,"damage_taken":10.0},{"damage_healed":0.0,"max_hp_gain":0.0,"max_hp_loss":0.0,"gold_gain":0.0,"event_name":"Tomb of Lord Red Mask","player_choice":"Ignored","floor":44.0,"gold_loss":0.0,"damage_taken":0.0},{"damage_healed":0.0,"max_hp_gain":0.0,"max_hp_loss":0.0,"gold_gain":0.0,"event_name":"Winding Halls","player_choice":"Embrace Madness","floor":45.0,"gold_loss":0.0,"damage_taken":11.0,"cards_obtained":["Madness","Madness"]}],"is_beta":true,"boss_relics":[{"not_picked":["Fusion Hammer","SlaversCollar"],"picked":"SacredBark"},{"not_picked":["Inserter","Tiny House"],"picked":"Black Star"}],"items_purged_floors":[],"is_endless":false,"potions_floor_spawned":[1,2,7,13,22,24,29,31,33,38,40,47,48],"ascension_level":0}