{"gold_per_floor":[111,123,141,10,24,50,50,67,116,116,116,116,116,130,130,228,228,243,13,32,43,58,58,58],"floor_reached":24,"playtime":3777,"items_purged":[],"score":267,"play_id":"138b7f97-7e8b-47bd-9ba3-9e1bc744bc48","local_time":"20190922004215","is_ascension_mode":true,"campfire_choices":[{"data":"Feed","floor":7,"key":"SMITH"},{"data":"Armaments","floor":11,"key":"SMITH"},{"data":"Infernal Blade","floor":13,"key":"SMITH"},{"data":"Cleave","floor":15,"key":"SMITH"},{"floor":23,"key":"REST"}],"neow_cost":"NONE","seed_source_timestamp":181719968764764,"circlet_count":0,"master_deck":["Bash","Deep Breath","Infernal Blade+1","Evolve","Flex","Feel No Pain","Cleave+1","Feed+1","Twin Strike","Armaments+1","Metallicize","Berserk","Burning Pact","Entrench","Pummel","Feed","Seeing Red","Second Wind","Immolate","Body Slam","Reckless Charge","Whirlwind","Sentinel","Power Through","Iron Wave+1","Flex+1"],"relics":["Burning Blood","Omamori","Vajra","Pandora\u0027s Box","PreservedInsect"],"potions_floor_usage":[5,6,8,12,22,22],"damage_taken":[{"damage":6,"enemies":"Cultist","floor":1,"turns":3},{"damage":0,"enemies":"Small Slimes","floor":2,"turns":2},{"damage":2,"enemies":"2 Louse","floor":3,"turns":3},{"damage":11,"enemies":"Looter","floor":5,"turns":2},{"damage":25,"enemies":"3 Sentries","floor":6,"turns":5},{"damage":8,"enemies":"Exordium Thugs","floor":8,"turns":6},{"damage":17,"enemies":"Lagavulin","floor":12,"turns":6},{"damage":8,"enemies":"Blue Slaver","floor":14,"turns":4},{"damage":39,"enemies":"Slime Boss","floor":16,"turns":11},{"damage":16,"enemies":"Spheric Guardian","floor":18,"turns":4},{"damage":31,"enemies":"2 Thieves","floor":20,"turns":3},{"damage":41,"enemies":"Centurion and Healer","floor":21,"turns":6},{"damage":26,"enemies":"Chosen and Byrds","floor":22,"turns":5},{"damage":48,"enemies":"Gremlin Leader","floor":24,"turns":4}],"seed_played":"-7453807941348317477","potions_obtained":[{"floor":3,"key":"Dexterity Potion"},{"floor":5,"key":"PowerPotion"},{"floor":6,"key":"SkillPotion"},{"floor":14,"key":"SneckoOil"},{"floor":21,"key":"Regen Potion"}],"is_trial":false,"path_per_floor":["M","M","M","$","M","E","R","M","T","?","R","E","R","M","R","B",null,"M","$","M","M","M","R","E"],"character_chosen":"IRONCLAD","items_purchased":["Feel No Pain","Explosive Potion","PreservedInsect","Sentinel"],"campfire_rested":1,"item_purchase_floors":[4,4,19,19],"current_hp_per_floor":[80,80,80,80,75,56,56,58,58,58,58,51,51,49,49,16,88,78,78,57,25,19,47,0],"gold":58,"neow_bonus":"RANDOM_COLORLESS","is_prod":false,"is_daily":false,"chose_seed":false,"campfire_upgraded":4,"win_rate":0,"timestamp":1569127335,"path_taken":["M","M","M","$","M","E","R","M","T","?","R","E","R","M","R","BOSS","M","$","?","M","M","R","E"],"build_version":"2019-07-17","purchased_purges":0,"victory":false,"max_hp_per_floor":[80,80,80,80,80,80,80,84,84,84,84,88,88,88,88,88,88,88,88,92,95,95,95,95],"card_choices":[{"not_picked":["Wild Strike","Blood for Blood"],"picked":"Infernal Blade","floor":1},{"not_picked":["Burning Pact","Body Slam"],"picked":"Evolve","floor":2},{"not_picked":["Reckless Charge","Corruption"],"picked":"Flex","floor":3},{"not_picked":["Corruption","Rampage"],"picked":"Cleave","floor":5},{"not_picked":["Shrug It Off","Fire Breathing"],"picked":"Feed","floor":6},{"not_picked":["Wild Strike","Anger"],"picked":"Twin Strike","floor":8},{"not_picked":["Battle Trance","Fire Breathing","Wild Strike"],"picked":"SKIP","floor":12},{"not_picked":["Rage","Seeing Red"],"picked":"Metallicize","floor":14},{"not_picked":["Feed","Dark Embrace"],"picked":"Berserk","floor":16},{"not_picked":["Headbutt","True Grit"],"picked":"Whirlwind","floor":18},{"not_picked":["Whirlwind","Entrench"],"picked":"Power Through","floor":20},{"not_picked":["Anger","Wild Strike"],"picked":"Iron Wave+1","floor":21},{"not_picked":["Corruption","Pommel Strike"],"picked":"Flex+1","floor":22}],"player_experience":382263,"relics_obtained":[{"floor":6,"key":"Omamori"},{"floor":9,"key":"Vajra"}],"event_choices":[{"damage_healed":0,"gold_gain":0,"player_choice":"1 cards matched","damage_taken":0,"max_hp_gain":0,"max_hp_loss":0,"event_name":"Match and Keep!","floor":10,"gold_loss":0,"cards_obtained":["Armaments"]}],"is_beta":false,"boss_relics":[{"not_picked":["Empty Cage","Busted Crown"],"picked":"Pandora\u0027s Box"}],"items_purged_floors":[],"is_endless":false,"potions_floor_spawned":[3,5,6,12,14,21],"killed_by":"Gremlin Leader","ascension_level":3}