{"gold_per_floor":[114,133,153,168,188,188,202,237,286,2,2,13,29,64,64,161,161,177,195,205,205,215,215],"floor_reached":23,"playtime":3125,"items_purged":[],"score":244,"play_id":"60d24e56-5d3e-4d13-afb1-46d58f4c3b32","local_time":"20191021080404","is_ascension_mode":true,"campfire_choices":[{"floor":6.0,"key":"RECALL"},{"data":"Metallicize","floor":15.0,"key":"SMITH"}],"neow_cost":"NONE","seed_source_timestamp":123892703252900,"circlet_count":0,"master_deck":["Strike_R+1","Strike_R+1","Strike_R+1","Strike_R+1","Strike_R+1","Defend_R+1","Defend_R+1","Defend_R+1","Defend_R+1","Bash","Metallicize+1","Armaments","Flex","Iron Wave","Thunderclap","Fire Breathing","Armaments","Reaper","Berserk","Infernal Blade","Armaments","Bludgeon","Wild Strike","Pummel+1","Ghostly Armor","Disarm+1"],"special_seed":0,"relics":["Burning Blood","Pear","Ancient Tea Set","Eternal Feather","SlaversCollar"],"potions_floor_usage":[],"damage_taken":[{"damage":1.0,"enemies":"Cultist","floor":1.0,"turns":4.0},{"damage":0.0,"enemies":"Small Slimes","floor":2.0,"turns":4.0},{"damage":0.0,"enemies":"2 Louse","floor":3.0,"turns":4.0},{"damage":24.0,"enemies":"Exordium Thugs","floor":4.0,"turns":9.0},{"damage":4.0,"enemies":"3 Louse","floor":5.0,"turns":4.0},{"damage":1.0,"enemies":"Red Slaver","floor":7.0,"turns":5.0},{"damage":27.0,"enemies":"Gremlin Nob","floor":8.0,"turns":5.0},{"damage":0.0,"enemies":"Gremlin Gang","floor":12.0,"turns":2.0},{"damage":14.0,"enemies":"Blue Slaver","floor":13.0,"turns":7.0},{"damage":19.0,"enemies":"3 Sentries","floor":14.0,"turns":8.0},{"damage":34.0,"enemies":"Slime Boss","floor":16.0,"turns":9.0},{"damage":6.0,"enemies":"Chosen","floor":18.0,"turns":5.0},{"damage":38.0,"enemies":"Shell Parasite","floor":19.0,"turns":10.0},{"damage":32.0,"enemies":"Snake Plant","floor":20.0,"turns":6.0},{"damage":17.0,"enemies":"Centurion and Healer","floor":22.0,"turns":9.0},{"damage":61,"enemies":"Gremlin Leader","floor":23,"turns":9}],"seed_played":"-4078952992632065161","potions_obtained":[{"floor":1.0,"key":"Swift Potion"},{"floor":2.0,"key":"Energy Potion"},{"floor":7.0,"key":"Dexterity Potion"},{"floor":8.0,"key":"DistilledChaos"},{"floor":18.0,"key":"Dexterity Potion"}],"is_trial":false,"path_per_floor":["M","M","M","M","M","R","M","E","T","$","$","M","M","E","R","B",null,"M","M","M","?","M","E"],"character_chosen":"IRONCLAD","items_purchased":["Reaper","Ancient Tea Set"],"campfire_rested":0,"item_purchase_floors":[10,10],"current_hp_per_floor":[88,88,88,70,72,72,77,66,66,66,66,80,78,77,89,67,98,98,66,44,44,43,0],"gold":215,"neow_bonus":"TEN_PERCENT_HP_BONUS","is_prod":false,"is_daily":false,"chose_seed":false,"campfire_upgraded":1,"win_rate":0,"timestamp":1571659444,"path_taken":["M","M","M","M","?","R","M","E","T","?","$","M","M","E","R","BOSS","M","M","M","?","M","E"],"build_version":"2019-10-18","purchased_purges":0,"victory":false,"max_hp_per_floor":[88,88,88,88,88,88,88,98,98,98,98,98,98,98,98,98,98,98,98,98,98,98,98],"card_choices":[{"not_picked":["Feel No Pain","Intimidate"],"picked":"Metallicize","floor":1.0},{"not_picked":["Heavy Blade","Headbutt"],"picked":"Armaments","floor":2.0},{"not_picked":["Headbutt","Corruption"],"picked":"Flex","floor":3.0},{"not_picked":["Wild Strike","Bloodletting"],"picked":"Iron Wave","floor":4.0},{"not_picked":["Perfected Strike","Fire Breathing"],"picked":"Thunderclap","floor":5.0},{"not_picked":["Wild Strike","Pommel Strike"],"picked":"Fire Breathing","floor":7.0},{"not_picked":["Wild Strike","Headbutt"],"picked":"Armaments","floor":8.0},{"not_picked":["Blood for Blood","Rage"],"picked":"Berserk","floor":12.0},{"not_picked":["Warcry","Perfected Strike"],"picked":"Infernal Blade","floor":13.0},{"not_picked":["Sword Boomerang","Shrug It Off"],"picked":"Armaments","floor":14.0},{"not_picked":["Offering","Brutality"],"picked":"Bludgeon","floor":16.0},{"not_picked":["Thunderclap","Iron Wave"],"picked":"Wild Strike","floor":18.0},{"not_picked":["Perfected Strike","Hemokinesis"],"picked":"Pummel+1","floor":19.0},{"not_picked":["Anger+1","Second Wind"],"picked":"Ghostly Armor","floor":20.0},{"not_picked":["Twin Strike","Warcry"],"picked":"Disarm+1","floor":22.0}],"player_experience":165964,"relics_obtained":[{"floor":8.0,"key":"Pear"},{"floor":14.0,"key":"Eternal Feather"}],"event_choices":[{"damage_healed":0.0,"max_hp_gain":0.0,"max_hp_loss":0.0,"gold_gain":0.0,"event_name":"Back to Basics","player_choice":"Simplicity","floor":21.0,"gold_loss":0.0,"damage_taken":0.0,"cards_upgraded":["Strike_R","Strike_R","Strike_R","Strike_R","Strike_R","Defend_R","Defend_R","Defend_R","Defend_R"]}],"is_beta":true,"boss_relics":[{"not_picked":["Sozu","Empty Cage"],"picked":"SlaversCollar"}],"items_purged_floors":[],"is_endless":false,"potions_floor_spawned":[1,2,7,8,18],"killed_by":"Gremlin Leader","ascension_level":1}