{"gold_per_floor":[212,225,244,4,4,4,43,43,66,66,17,17,30,49,49,174,174,192,192,212,226,166,166],"floor_reached":23,"playtime":3077,"items_purged":["Strike_R"],"score":229,"play_id":"491fe4f4-878b-4e1b-8fe1-29898d965dca","local_time":"20191009224312","is_ascension_mode":true,"campfire_choices":[{"data":"Apotheosis","floor":6,"key":"SMITH"},{"floor":10,"key":"REST"},{"data":"Rupture","floor":15,"key":"SMITH"}],"neow_cost":"NONE","seed_source_timestamp":414993911514356,"circlet_count":0,"master_deck":["Strike_R","Strike_R+1","Defend_R","Defend_R","Defend_R","Defend_R+1","Bash","Thunderclap","Shrug It Off","Apotheosis+1","Rupture+1","Feel No Pain","Heavy Blade","Demon Form","Cleave"],"relics":["Burning Blood","Golden Idol","Juzu Bracelet","Ancient Tea Set","Philosopher\u0027s Stone","Unceasing Top"],"potions_floor_usage":[7,7,16,21],"damage_taken":[{"damage":2,"enemies":"Jaw Worm","floor":1,"turns":3},{"damage":7,"enemies":"2 Louse","floor":2,"turns":3},{"damage":0,"enemies":"Small Slimes","floor":3,"turns":3},{"damage":30,"enemies":"3 Sentries","floor":7,"turns":7},{"damage":0,"enemies":"Red Slaver","floor":13,"turns":4},{"damage":4,"enemies":"2 Fungi Beasts","floor":14,"turns":4},{"damage":33,"enemies":"The Guardian","floor":16,"turns":15},{"damage":33,"enemies":"Shell Parasite","floor":18,"turns":6},{"damage":9,"enemies":"Chosen","floor":20,"turns":6},{"damage":24,"enemies":"Snake Plant","floor":21,"turns":5},{"damage":35,"enemies":"Gremlin Leader","floor":23,"turns":2}],"seed_played":"1305122345778122574","potions_obtained":[{"floor":1,"key":"Swift Potion"},{"floor":2,"key":"Block Potion"},{"floor":18,"key":"Dexterity Potion"},{"floor":21,"key":"FearPotion"}],"is_trial":false,"path_per_floor":["M","M","M","$","?","R","E","?","T","R","$","?","M","M","R","B",null,"M","T","M","M","?","E"],"character_chosen":"IRONCLAD","items_purchased":["Apotheosis","SkillPotion"],"campfire_rested":1,"item_purchase_floors":[4,11],"current_hp_per_floor":[80,79,80,80,60,60,36,20,20,44,44,44,50,52,52,25,80,53,53,50,32,32,0],"gold":166,"neow_bonus":"HUNDRED_GOLD","is_prod":false,"is_daily":false,"chose_seed":false,"campfire_upgraded":2,"win_rate":0,"timestamp":1570675392,"path_taken":["M","M","M","$","?","R","E","?","T","R","?","?","M","M","R","BOSS","M","?","M","M","?","E"],"build_version":"2019-07-17","purchased_purges":1,"victory":false,"max_hp_per_floor":[80,80,80,80,80,80,80,80,80,80,80,80,80,80,80,80,80,80,80,80,80,80,80],"card_choices":[{"not_picked":["Iron Wave","Havoc"],"picked":"Thunderclap","floor":1},{"not_picked":["Blood for Blood","Body Slam"],"picked":"Shrug It Off","floor":2},{"not_picked":["Clothesline","Power Through","Pommel Strike"],"picked":"SKIP","floor":3},{"not_picked":["Blood for Blood","Rampage"],"picked":"Rupture","floor":7},{"not_picked":["Warcry","Clothesline"],"picked":"Feel No Pain","floor":13},{"not_picked":["Perfected Strike","Dark Embrace"],"picked":"Heavy Blade","floor":14},{"not_picked":["Barricade","Fiend Fire"],"picked":"Demon Form","floor":16},{"not_picked":["Warcry","Pommel Strike","Rampage+1"],"picked":"SKIP","floor":18},{"not_picked":["Flex","Body Slam"],"picked":"Cleave","floor":20},{"not_picked":["Pommel Strike","Flex","Perfected Strike+1"],"picked":"SKIP","floor":21}],"player_experience":495567,"relics_obtained":[{"floor":7,"key":"Juzu Bracelet"},{"floor":9,"key":"Ancient Tea Set"},{"floor":19,"key":"Unceasing Top"}],"event_choices":[{"damage_healed":0,"gold_gain":0,"player_choice":"Take Damage","damage_taken":20,"relics_obtained":["Golden Idol"],"max_hp_gain":0,"max_hp_loss":0,"event_name":"Golden Idol","floor":5,"gold_loss":0},{"damage_healed":0,"gold_gain":0,"player_choice":"Entered Light","damage_taken":16,"max_hp_gain":0,"max_hp_loss":0,"event_name":"Shining Light","floor":8,"gold_loss":0,"cards_upgraded":["Defend_R","Strike_R"]},{"cards_removed":["Strike_R"],"damage_healed":0,"gold_gain":0,"player_choice":"Purged","damage_taken":0,"max_hp_gain":0,"max_hp_loss":0,"event_name":"Purifier","floor":12,"gold_loss":0},{"cards_removed":["Strike_R"],"damage_healed":0,"gold_gain":0,"player_choice":"Single Remove","damage_taken":0,"max_hp_gain":0,"max_hp_loss":0,"event_name":"Designer","floor":22,"gold_loss":60}],"is_beta":false,"boss_relics":[{"not_picked":["Runic Pyramid","Pandora\u0027s Box"],"picked":"Philosopher\u0027s Stone"}],"items_purged_floors":[4],"is_endless":false,"potions_floor_spawned":[1,2,18,21],"killed_by":"Gremlin Leader","ascension_level":4}