{"gold_per_floor":[110,123,123,133,146,146,174,24,24,24,51,70,98,118,118,223,223,233,244,258,270,270,270,280,310,336,347,360,374,374,394,394,491,491,507,507,523,523,541,567,345,345,345,345],"floor_reached":44,"playtime":4998,"items_purged":[],"score":560,"play_id":"2aef8dcb-8cb1-4064-92c0-702e6cfd4859","local_time":"20191027073951","is_ascension_mode":true,"campfire_choices":[{"floor":6.0,"key":"RECALL"},{"floor":15.0,"key":"REST"},{"floor":23.0,"key":"REST"},{"floor":30.0,"key":"REST"},{"floor":32.0,"key":"REST"},{"floor":42.0,"key":"REST"}],"neow_cost":"NONE","seed_source_timestamp":0,"circlet_count":0,"master_deck":["Strike_R","Strike_R","Strike_R","Strike_R","Strike_R","Defend_R+1","Defend_R+1","Bash","Perfected Strike","Perfected Strike","Power Through","Warcry","Reaper","Rage","Spot Weakness","Sever Soul+1","Heavy Blade+1","Inflame","Feed+1","Rampage+1","Disarm","Dark Embrace","Carnage+1","Searing Blow+2","Bludgeon+1","Ghostly Armor","Rampage+1","Infernal Blade","Perfected Strike+1","Thunderclap+1","Exhume+1","Pummel+1","Madness","Madness","Flex+1","Rupture+1","Heavy Blade+1","Reaper+1","Blood for Blood+1","Spot Weakness"],"special_seed":0,"relics":["Black Blood","War Paint","Red Skull","Anchor","Molten Egg 2","Ornamental Fan","Mark of Pain","Omamori","Bag of Preparation","Sundial"],"potions_floor_usage":[44],"damage_taken":[{"damage":6.0,"enemies":"Jaw Worm","floor":1.0,"turns":6.0},{"damage":0.0,"enemies":"Small Slimes","floor":2.0,"turns":3.0},{"damage":0.0,"enemies":"2 Louse","floor":4.0,"turns":3.0},{"damage":2.0,"enemies":"Blue Slaver","floor":5.0,"turns":3.0},{"damage":15.0,"enemies":"Gremlin Nob","floor":7.0,"turns":4.0},{"damage":30.0,"enemies":"3 Sentries","floor":11.0,"turns":14.0},{"damage":13.0,"enemies":"Exordium Thugs","floor":12.0,"turns":5.0},{"damage":28.0,"enemies":"Gremlin Nob","floor":13.0,"turns":4.0},{"damage":0.0,"enemies":"Red Slaver","floor":14.0,"turns":3.0},{"damage":56.0,"enemies":"Hexaghost","floor":16.0,"turns":9.0},{"damage":21.0,"enemies":"3 Byrds","floor":18.0,"turns":5.0},{"damage":22.0,"enemies":"Shell Parasite","floor":19.0,"turns":6.0},{"damage":12.0,"enemies":"Sentry and Sphere","floor":20.0,"turns":5.0},{"damage":30.0,"enemies":"Shelled Parasite and Fungi","floor":21.0,"turns":7.0},{"damage":32.0,"enemies":"Snake Plant","floor":24.0,"turns":4.0},{"damage":72.0,"enemies":"Gremlin Leader","floor":25.0,"turns":10.0},{"damage":12.0,"enemies":"Chosen and Byrds","floor":27.0,"turns":5.0},{"damage":5.0,"enemies":"Sentry and Sphere","floor":28.0,"turns":3.0},{"damage":24.0,"enemies":"Cultist and Chosen","floor":29.0,"turns":5.0},{"damage":5.0,"enemies":"Shelled Parasite and Fungi","floor":31.0,"turns":3.0},{"damage":93.0,"enemies":"Champ","floor":33.0,"turns":9.0},{"damage":11.0,"enemies":"Orb Walker","floor":35.0,"turns":3.0},{"damage":22.0,"enemies":"3 Darklings","floor":37.0,"turns":5.0},{"damage":24.0,"enemies":"Writhing Mass","floor":39.0,"turns":4.0},{"damage":80.0,"enemies":"Reptomancer","floor":40.0,"turns":6.0},{"damage":110,"enemies":"Nemesis","floor":44,"turns":6}],"seed_played":"-7109829796003002276","potions_obtained":[{"floor":2.0,"key":"PowerPotion"},{"floor":4.0,"key":"Energy Potion"},{"floor":7.0,"key":"ElixirPotion"},{"floor":14.0,"key":"Dexterity Potion"},{"floor":21.0,"key":"Explosive Potion"},{"floor":24.0,"key":"HeartOfIron"},{"floor":28.0,"key":"DuplicationPotion"},{"floor":29.0,"key":"Dexterity Potion"},{"floor":33.0,"key":"LiquidBronze"},{"floor":35.0,"key":"BloodPotion"},{"floor":37.0,"key":"Regen Potion"}],"is_trial":false,"path_per_floor":["M","M","?","M","M","R","E","$","T","?","E","M","E","M","R","B",null,"M","M","M","M","?","R","M","E","T","M","M","M","R","M","R","B",null,"M","?","M","?","M","E","$","R","T","E"],"character_chosen":"IRONCLAD","items_purchased":["Red Skull","Reaper+1","Blood for Blood+1","Spot Weakness"],"campfire_rested":5,"item_purchase_floors":[8,41,41,41],"current_hp_per_floor":[88,88,81,87,88,88,79,79,79,79,55,56,44,57,83,48,88,85,78,76,56,56,86,64,16,16,19,24,34,65,70,102,22,108,108,94,84,84,84,28,28,60,60,0],"gold":345,"neow_bonus":"TEN_PERCENT_HP_BONUS","is_prod":false,"is_daily":false,"chose_seed":false,"campfire_upgraded":0,"win_rate":0,"timestamp":1572176391,"path_taken":["M","M","?","M","M","R","E","$","T","?","E","M","E","M","R","BOSS","M","M","M","M","?","R","M","E","T","M","M","M","R","M","R","BOSS","M","?","M","?","?","E","?","R","T","E"],"build_version":"2019-10-25-V3","purchased_purges":0,"victory":false,"max_hp_per_floor":[88,88,88,88,88,88,88,88,88,88,88,88,88,88,88,88,88,92,92,96,100,100,100,100,100,100,100,104,104,104,108,108,108,108,108,108,108,108,108,108,108,108,108,108],"card_choices":[{"not_picked":["Cleave","Reckless Charge"],"picked":"Perfected Strike","floor":1.0},{"not_picked":["Twin Strike","Body Slam"],"picked":"Perfected Strike","floor":2.0},{"not_picked":["Iron Wave","Armaments"],"picked":"Power Through","floor":4.0},{"not_picked":["Twin Strike","Cleave"],"picked":"Warcry","floor":5.0},{"not_picked":["Entrench","Thunderclap"],"picked":"Reaper","floor":7.0},{"not_picked":["Second Wind","Clothesline"],"picked":"Spot Weakness","floor":11.0},{"not_picked":["True Grit","Shrug It Off"],"picked":"Sever Soul+1","floor":12.0},{"not_picked":["Flex","Clothesline+1"],"picked":"Heavy Blade+1","floor":13.0},{"not_picked":["Flex","Body Slam+1"],"picked":"Inflame","floor":14.0},{"not_picked":["Corruption","Berserk"],"picked":"Feed+1","floor":16.0},{"not_picked":["Blood for Blood+1","Warcry+1"],"picked":"Rampage+1","floor":18.0},{"not_picked":["Sword Boomerang+1","Pummel+1"],"picked":"Disarm","floor":19.0},{"not_picked":["Sword Boomerang+1","Disarm"],"picked":"Dark Embrace","floor":20.0},{"not_picked":["Evolve","Shrug It Off+1"],"picked":"Carnage+1","floor":21.0},{"not_picked":["Wild Strike+1","Disarm"],"picked":"Bludgeon+1","floor":24.0},{"not_picked":["Rage","Shockwave"],"picked":"Ghostly Armor","floor":25.0},{"not_picked":["Wild Strike+1","True Grit"],"picked":"Rampage+1","floor":27.0},{"not_picked":["Wild Strike+1","True Grit"],"picked":"Infernal Blade","floor":28.0},{"not_picked":["Twin Strike+1","Shrug It Off"],"picked":"Perfected Strike+1","floor":29.0},{"not_picked":["Wild Strike+1","Havoc+1"],"picked":"Thunderclap+1","floor":31.0},{"not_picked":["Feed+1","Offering"],"picked":"Exhume","floor":33.0},{"not_picked":["Perfected Strike+1","Anger+1"],"picked":"Pummel+1","floor":35.0},{"not_picked":["Twin Strike+1","Heavy Blade+1"],"picked":"Flex+1","floor":37.0},{"not_picked":["Warcry","Havoc+1"],"picked":"Rupture+1","floor":39.0},{"not_picked":["Body Slam+1","Warcry"],"picked":"Heavy Blade+1","floor":40.0}],"player_experience":228286,"relics_obtained":[{"floor":7.0,"key":"War Paint"},{"floor":9.0,"key":"Anchor"},{"floor":11.0,"key":"Molten Egg 2"},{"floor":13.0,"key":"Ornamental Fan"},{"floor":25.0,"key":"Omamori"},{"floor":26.0,"key":"Bag of Preparation"},{"floor":40.0,"key":"Sundial"}],"event_choices":[{"cards_removed":["Defend_R"],"damage_healed":0.0,"max_hp_gain":0.0,"max_hp_loss":0.0,"gold_gain":0.0,"event_name":"Golden Wing","player_choice":"Card Removal","floor":3.0,"gold_loss":0.0,"damage_taken":7.0},{"damage_healed":0.0,"max_hp_gain":0.0,"max_hp_loss":0.0,"gold_gain":0.0,"cards_transformed":["Defend_R"],"event_name":"Living Wall","player_choice":"Change","floor":10.0,"gold_loss":0.0,"damage_taken":0.0,"cards_obtained":["Rage"]},{"damage_healed":0.0,"max_hp_gain":0.0,"max_hp_loss":0.0,"gold_gain":0.0,"event_name":"The Library","player_choice":"Read","floor":22.0,"gold_loss":0.0,"damage_taken":0.0,"cards_obtained":["Searing Blow"]},{"damage_healed":0.0,"max_hp_gain":0.0,"max_hp_loss":0.0,"gold_gain":0.0,"event_name":"Winding Halls","player_choice":"Embrace Madness","floor":36.0,"gold_loss":0.0,"damage_taken":14.0,"cards_obtained":["Madness","Madness"]},{"damage_healed":0.0,"max_hp_gain":0.0,"max_hp_loss":0.0,"gold_gain":0.0,"event_name":"Upgrade Shrine","player_choice":"Upgraded","floor":38.0,"gold_loss":0.0,"damage_taken":0.0,"cards_upgraded":["Exhume"]}],"is_beta":true,"boss_relics":[{"not_picked":["Ectoplasm","Runic Dome"],"picked":"Mark of Pain"},{"not_picked":["Velvet Choker","Astrolabe"],"picked":"Black Blood"}],"items_purged_floors":[],"is_endless":false,"potions_floor_spawned":[2,4,7,14,21,24,28,29,33,35,37],"killed_by":"Nemesis","ascension_level":1}