{"gold_per_floor":[14,29,29,44,64,64,64,93,117,117,149,114,128,140,140,237,237,247,265,265,62,62,90,104,104,180,505,521,555,555,580,580,675,675,695,707,720,67,67,92,92,92,115,126,152,152,168,89,89,89,89,89,1,1],"floor_reached":54,"playtime":8951,"items_purged":[],"score":1023,"play_id":"e75c41e0-4910-41d0-b828-fe3e9a2e82e2","local_time":"20190929233713","is_ascension_mode":true,"campfire_choices":[{"data":"Predator","floor":6.0,"key":"SMITH"},{"data":"Noxious Fumes","floor":15,"key":"SMITH"},{"data":"Catalyst","floor":25,"key":"SMITH"},{"data":"Wraith Form v2","floor":30,"key":"SMITH"},{"data":"After Image","floor":32,"key":"SMITH"},{"floor":41,"key":"RECALL"},{"data":"Catalyst","floor":46,"key":"SMITH"},{"data":"Wraith Form v2","floor":49,"key":"SMITH"},{"data":"Bouncing Flask","floor":52,"key":"SMITH"}],"neow_cost":"NO_GOLD","seed_source_timestamp":0,"circlet_count":0,"master_deck":["Defend_G+1","Defend_G+1","Defend_G+1","Defend_G+1","Defend_G+1","Survivor","Neutralize+1","Predator+1","Dagger Spray+1","Prepared","Die Die Die","Noxious Fumes+1","Dodge and Roll","Wraith Form v2+1","Infinite Blades","Backflip","After Image+1","Catalyst+1","Bite","Bite","Bite","Bite","Caltrops+1","Backflip+1","Corpse Explosion","Envenom","Catalyst+1","Leg Sweep","Dodge and Roll+1","PiercingWail","Bouncing Flask+1","Wraith Form v2+1","PiercingWail","Crippling Poison+1","Noxious Fumes+1","Noxious Fumes","Caltrops"],"special_seed":0,"relics":["Ring of the Snake","Juzu Bracelet","Omamori","Ancient Tea Set","Kunai","Cursed Key","Regal Pillow","Darkstone Periapt","Old Coin","Dream Catcher","Red Mask","Philosopher\u0027s Stone","Strawberry","Potion Belt","Singing Bowl","Mercury Hourglass"],"potions_floor_usage":[16,19,23,23,33,45,45,50,50],"damage_taken":[{"damage":0.0,"enemies":"2 Louse","floor":1.0,"turns":4.0},{"damage":0.0,"enemies":"Cultist","floor":2.0,"turns":3.0},{"damage":0.0,"enemies":"Jaw Worm","floor":4.0,"turns":3.0},{"damage":4.0,"enemies":"2 Fungi Beasts","floor":5.0,"turns":3.0},{"damage":7.0,"enemies":"3 Sentries","floor":8.0,"turns":7.0},{"damage":17.0,"enemies":"Lagavulin","floor":11.0,"turns":5.0},{"damage":0,"enemies":"Exordium Wildlife","floor":13,"turns":2},{"damage":3,"enemies":"3 Louse","floor":14,"turns":2},{"damage":3,"enemies":"The Guardian","floor":16,"turns":11},{"damage":15,"enemies":"2 Thieves","floor":18,"turns":4},{"damage":2,"enemies":"Chosen","floor":19,"turns":4},{"damage":8,"enemies":"Gremlin Leader","floor":23,"turns":7},{"damage":0,"enemies":"Snecko","floor":24,"turns":5},{"damage":19,"enemies":"Slavers","floor":27,"turns":5},{"damage":0,"enemies":"Centurion and Healer","floor":28,"turns":6},{"damage":9,"enemies":"Book of Stabbing","floor":29,"turns":6},{"damage":0,"enemies":"Masked Bandits","floor":31,"turns":3},{"damage":29,"enemies":"Collector","floor":33,"turns":10},{"damage":1,"enemies":"Orb Walker","floor":35,"turns":4},{"damage":0,"enemies":"3 Shapes","floor":36,"turns":5},{"damage":1,"enemies":"Writhing Mass","floor":37,"turns":6},{"damage":12,"enemies":"Giant Head","floor":40,"turns":6},{"damage":7,"enemies":"Maw","floor":44,"turns":6},{"damage":0,"enemies":"Nemesis","floor":45,"turns":7},{"damage":7,"enemies":"4 Shapes","floor":47,"turns":4},{"damage":46,"enemies":"Awakened One","floor":50,"turns":13},{"damage":76,"enemies":"Shield and Spear","floor":54,"turns":3}],"seed_played":"-1097330301474650088","potions_obtained":[{"floor":4.0,"key":"Poison Potion"},{"floor":5.0,"key":"Energy Potion"},{"floor":13,"key":"FearPotion"},{"floor":14,"key":"GamblersBrew"},{"floor":16,"key":"SkillPotion"},{"floor":27,"key":"Swift Potion"},{"floor":28,"key":"Swift Potion"},{"floor":29,"key":"SteroidPotion"},{"floor":33,"key":"Fire Potion"},{"floor":35,"key":"PowerPotion"},{"floor":42,"key":"Ancient Potion"},{"floor":42,"key":"Regen Potion"},{"floor":45,"key":"LiquidBronze"},{"floor":47,"key":"FearPotion"}],"is_trial":false,"path_per_floor":["M","M","?","M","M","R","?","E","T","?","E","?","M","M","R","B",null,"M","M","?","$","?","E","M","R","T","E","M","E","R","?","R","B",null,"M","M","M","$","?","E","R","?","T","M","E","R","M","$","R","B",null,"R","$","E"],"character_chosen":"THE_SILENT","items_purchased":["After Image","Catalyst","Energy Potion","GhostInAJar","PiercingWail","Strawberry","Potion Belt","Bouncing Flask","Wraith Form v2","Noxious Fumes","FearPotion","Caltrops"],"campfire_rested":0,"item_purchase_floors":[21,21,21,38,38,38,38,38,38,48,53,53],"current_hp_per_floor":[84,84,84,84,80,80,63,56,56,49,32,53,53,50,50,47,84,69,67,67,67,58,50,58,58,58,43,58,58,58,58,58,47,58,58,58,58,65,65,54,54,54,54,55,61,61,56,56,56,43,67,67,67,0],"gold":1,"neow_bonus":"TWENTY_PERCENT_HP_BONUS","is_prod":false,"is_daily":false,"chose_seed":false,"campfire_upgraded":8,"win_rate":0,"timestamp":1569814633,"path_taken":["M","M","?","M","M","R","?","E","T","?","E","?","M","M","R","BOSS","M","M","?","$","?","E","M","R","T","E","M","E","R","?","R","BOSS","M","M","M","$","?","E","R","?","T","M","E","R","M","$","R","BOSS","R","$","E"],"build_version":"2019-07-17","purchased_purges":0,"victory":false,"max_hp_per_floor":[84,84,84,84,84,84,84,84,84,84,84,84,84,84,84,84,84,84,84,84,84,58,58,58,58,58,58,58,58,58,58,58,58,58,58,58,58,65,65,65,65,65,65,65,65,65,67,67,67,67,67,67,67,67],"card_choices":[{"not_picked":["Poisoned Stab","All Out Attack"],"picked":"Predator","floor":1.0},{"not_picked":["Quick Slash","Flechettes"],"picked":"Dagger Spray","floor":2.0},{"not_picked":["Heel Hook","Eviscerate","Poisoned Stab"],"picked":"SKIP","floor":4.0},{"not_picked":["Outmaneuver","Expertise"],"picked":"Prepared","floor":5.0},{"not_picked":["Prepared","Deadly Poison"],"picked":"Die Die Die","floor":8.0},{"not_picked":["Poisoned Stab","Escape Plan","Die Die Die"],"picked":"SKIP","floor":11},{"not_picked":["Outmaneuver","Bane"],"picked":"Noxious Fumes","floor":13},{"not_picked":["Underhanded Strike","Outmaneuver"],"picked":"Dodge and Roll","floor":14},{"not_picked":["Malaise","Grand Finale"],"picked":"Wraith Form v2","floor":16},{"not_picked":["Underhanded Strike","Calculated Gamble"],"picked":"Infinite Blades","floor":18},{"not_picked":["Flechettes","Masterful Stab"],"picked":"Backflip","floor":19},{"not_picked":["Backstab","Endless Agony"],"picked":"Caltrops+1","floor":23},{"not_picked":["Flechettes+1","Cloak And Dagger","Setup"],"picked":"SKIP","floor":24},{"not_picked":["Cloak And Dagger","Bane+1"],"picked":"Backflip+1","floor":27},{"not_picked":["Flying Knee","Setup","Underhanded Strike"],"picked":"SKIP","floor":28},{"not_picked":["Leg Sweep+1","Poisoned Stab"],"picked":"Corpse Explosion","floor":29},{"not_picked":["Venomology","Grand Finale"],"picked":"Envenom","floor":33},{"not_picked":["Poisoned Stab+1","Acrobatics"],"picked":"Catalyst","floor":35},{"not_picked":["Underhanded Strike","Endless Agony+1"],"picked":"Leg Sweep","floor":36},{"not_picked":["Dagger Throw","Accuracy+1"],"picked":"Dodge and Roll+1","floor":37},{"not_picked":["Backstab+1","Sucker Punch+1"],"picked":"PiercingWail","floor":40},{"not_picked":["Leg Sweep+1","Dagger Throw+1"],"picked":"Crippling Poison+1","floor":44},{"not_picked":["Terror","Finisher+1"],"picked":"Noxious Fumes+1","floor":45},{"not_picked":["Leg Sweep+1","Accuracy+1","Blade Dance+1"],"picked":"Singing Bowl","floor":47}],"player_experience":413530,"relics_obtained":[{"floor":3.0,"key":"Juzu Bracelet"},{"floor":8.0,"key":"Omamori"},{"floor":9.0,"key":"Ancient Tea Set"},{"floor":11,"key":"Kunai"},{"floor":23,"key":"Regal Pillow"},{"floor":26,"key":"Darkstone Periapt"},{"floor":27,"key":"Old Coin"},{"floor":29,"key":"Dream Catcher"},{"floor":31,"key":"Red Mask"},{"floor":40,"key":"Singing Bowl"},{"floor":45,"key":"Mercury Hourglass"}],"event_choices":[{"damage_healed":0.0,"max_hp_gain":0.0,"max_hp_loss":0.0,"gold_gain":0.0,"event_name":"Wheel of Change","player_choice":"Relic","floor":3.0,"gold_loss":0.0,"damage_taken":0.0},{"damage_healed":0.0,"max_hp_gain":0.0,"max_hp_loss":0.0,"gold_gain":0.0,"event_name":"Shining Light","player_choice":"Entered Light","floor":7.0,"gold_loss":0.0,"damage_taken":17.0,"cards_upgraded":["Dagger Spray","Neutralize"]},{"cards_removed":["Strike_G"],"damage_healed":0.0,"max_hp_gain":0.0,"max_hp_loss":0.0,"gold_gain":0.0,"event_name":"Golden Wing","player_choice":"Card Removal","floor":10.0,"gold_loss":0.0,"damage_taken":7.0},{"damage_healed":21,"gold_gain":0,"player_choice":"Healed","damage_taken":0,"max_hp_gain":0,"max_hp_loss":0,"event_name":"The Cleric","floor":12,"gold_loss":35},{"damage_healed":0,"gold_gain":0,"player_choice":"Simplicity","damage_taken":0,"max_hp_gain":0,"max_hp_loss":0,"event_name":"Back to Basics","floor":20,"gold_loss":0,"cards_upgraded":["Strike_G","Strike_G","Strike_G","Strike_G","Defend_G","Defend_G","Defend_G","Defend_G","Defend_G"]},{"damage_healed":0,"gold_gain":0,"player_choice":"Became a vampire","damage_taken":0,"max_hp_gain":0,"max_hp_loss":26,"event_name":"Vampires","floor":22,"gold_loss":0,"cards_obtained":["Bite","Bite","Bite","Bite","Bite"]},{"damage_healed":0,"gold_gain":0,"player_choice":"Fought Bandits","damage_taken":0,"max_hp_gain":0,"max_hp_loss":0,"event_name":"Masked Bandits","floor":31,"gold_loss":0},{"cards_removed":["Bite"],"damage_healed":0,"gold_gain":0,"player_choice":"Removed Attack","damage_taken":0,"max_hp_gain":0,"max_hp_loss":0,"event_name":"Falling","floor":39,"gold_loss":0},{"damage_healed":0,"gold_gain":0,"player_choice":"Got Potions","damage_taken":0,"max_hp_gain":0,"max_hp_loss":0,"event_name":"Lab","floor":42,"gold_loss":0}],"is_beta":false,"boss_relics":[{"not_picked":["Astrolabe","Ring of the Serpent"],"picked":"Cursed Key"},{"not_picked":["Runic Pyramid","WristBlade"],"picked":"Philosopher\u0027s Stone"}],"items_purged_floors":[],"is_endless":false,"potions_floor_spawned":[4,5,13,14,16,18,27,28,29,33,35,45,47],"killed_by":"Shield and Spear","ascension_level":4}