{"gold_per_floor":[15,30,46,121,139,139,172,189,489,489,454,464,538,538],"floor_reached":14,"playtime":1284,"items_purged":[],"score":120,"play_id":"39d39e14-4ff8-4534-aaf8-f6fe7c6dbe4f","local_time":"20191021230439","is_ascension_mode":true,"campfire_choices":[{"floor":6,"key":"REST"}],"neow_cost":"NO_GOLD","seed_source_timestamp":826898406869843,"circlet_count":0,"master_deck":["Strike_G","Strike_G","Strike_G","Strike_G","Strike_G","Defend_G","Defend_G","Defend_G","Defend_G","Defend_G","Survivor","Neutralize","Choke","Crippling Poison","Dodge and Roll","Tools of the Trade","Dagger Spray","All Out Attack"],"relics":["Ring of the Snake","Unceasing Top","Calipers","Old Coin"],"potions_floor_usage":[12,14],"damage_taken":[{"damage":0,"enemies":"2 Louse","floor":1,"turns":3},{"damage":0,"enemies":"Small Slimes","floor":2,"turns":3},{"damage":4,"enemies":"Jaw Worm","floor":3,"turns":3},{"damage":16,"enemies":"Looter","floor":5,"turns":4},{"damage":48,"enemies":"3 Sentries","floor":7,"turns":14},{"damage":0,"enemies":"Blue Slaver","floor":8,"turns":6},{"damage":9,"enemies":"Exordium Thugs","floor":12,"turns":4},{"damage":38,"enemies":"Gremlin Gang","floor":14,"turns":3}],"seed_played":"7991983425583673209","potions_obtained":[{"floor":1,"key":"Ancient Potion"},{"floor":8,"key":"Poison Potion"},{"floor":12,"key":"Regen Potion"}],"is_trial":false,"path_per_floor":["M","M","M","?","M","R","E","M","T","?","?","M","?","M"],"character_chosen":"THE_SILENT","items_purchased":[],"campfire_rested":1,"item_purchase_floors":[],"current_hp_per_floor":[63,63,59,48,32,53,5,5,5,5,22,13,13,0],"gold":538,"neow_bonus":"ONE_RARE_RELIC","is_prod":false,"is_daily":false,"chose_seed":false,"campfire_upgraded":0,"win_rate":0,"timestamp":1571713479,"path_taken":["M","M","M","?","M","R","E","M","T","?","?","?","?","M"],"build_version":"2019-07-17","purchased_purges":0,"victory":false,"max_hp_per_floor":[70,70,70,70,70,70,70,70,70,70,70,70,70,70],"card_choices":[{"not_picked":["Deadly Poison","Slice"],"picked":"Choke","floor":1},{"not_picked":["Finisher","Masterful Stab","Slice"],"picked":"SKIP","floor":2},{"not_picked":["All Out Attack","Dodge and Roll"],"picked":"Crippling Poison","floor":3},{"not_picked":["Eviscerate","Poisoned Stab"],"picked":"Dodge and Roll","floor":5},{"not_picked":["Blur","Sucker Punch"],"picked":"Tools of the Trade","floor":7},{"not_picked":["Quick Slash","Heel Hook"],"picked":"Dagger Spray","floor":8},{"not_picked":["Blade Dance","Acrobatics"],"picked":"All Out Attack","floor":12}],"player_experience":648637,"relics_obtained":[{"floor":7,"key":"Calipers"},{"floor":9,"key":"Old Coin"}],"event_choices":[{"damage_healed":0,"gold_gain":75,"player_choice":"Gather Gold","damage_taken":11,"max_hp_gain":0,"max_hp_loss":0,"event_name":"World of Goop","floor":4,"gold_loss":0},{"damage_healed":0,"gold_gain":0,"player_choice":"Ignored","damage_taken":0,"max_hp_gain":0,"max_hp_loss":0,"event_name":"Shining Light","floor":10,"gold_loss":0},{"damage_healed":17,"gold_gain":0,"player_choice":"Healed","damage_taken":0,"max_hp_gain":0,"max_hp_loss":0,"event_name":"The Cleric","floor":11,"gold_loss":35},{"damage_healed":0,"gold_gain":74,"player_choice":"Gained Gold","damage_taken":0,"max_hp_gain":0,"max_hp_loss":0,"event_name":"Golden Wing","floor":13,"gold_loss":0}],"is_beta":false,"boss_relics":[],"items_purged_floors":[],"is_endless":false,"potions_floor_spawned":[1,8,12],"killed_by":"Gremlin Gang","ascension_level":6}