{"gold_per_floor":[114,129,141,157,176,176,210,210,210,210,385,397,36,69,69,169,169,180,180,180,180,195,195,220,220,220,44,44,60,71,71],"floor_reached":31,"playtime":2745,"items_purged":["Doubt"],"score":383,"play_id":"2cf32bf4-1c4f-456a-84be-cd368f8cb82e","local_time":"20191025004921","is_ascension_mode":true,"campfire_choices":[{"data":"Zap","floor":6,"key":"SMITH"},{"floor":8,"key":"REST"},{"data":"Electrodynamics","floor":10,"key":"SMITH"},{"data":"Streamline","floor":15,"key":"SMITH"},{"data":"Reinforced Body","floor":23,"key":"SMITH"},{"data":"Thunder Strike","floor":25,"key":"SMITH"},{"data":"Multi-Cast","floor":28,"key":"SMITH"}],"neow_cost":"NONE","seed_source_timestamp":961993621121517,"circlet_count":0,"master_deck":["Strike_B+1","Strike_B+1","Strike_B+1","Defend_B+1","Defend_B+1","Defend_B+1","Zap+1","Dualcast","Thunder Strike+1","Tempest","Cold Snap","Conserve Battery","Coolheaded","Sweeping Beam","Electrodynamics+1","Streamline+1","Storm","Leap","Reinforced Body+1","Multi-Cast+1","Loop+1","Capacitor","Skim","Coolheaded","Fusion","Hologram"],"special_seed":0,"relics":["Cracked Core","Blue Candle","Bird Faced Urn","Chemical X","Bottled Flame","Empty Cage","Calipers","Pear","Oddly Smooth Stone"],"potions_floor_usage":[14,16,24],"damage_taken":[{"damage":1.0,"enemies":"Cultist","floor":1.0,"turns":4.0},{"damage":7.0,"enemies":"Jaw Worm","floor":2.0,"turns":3.0},{"damage":0.0,"enemies":"2 Louse","floor":3.0,"turns":2.0},{"damage":4.0,"enemies":"Large Slime","floor":4.0,"turns":4.0},{"damage":5,"enemies":"Exordium Wildlife","floor":5,"turns":5},{"damage":17,"enemies":"3 Sentries","floor":7,"turns":7},{"damage":0,"enemies":"Gremlin Gang","floor":12,"turns":2},{"damage":14,"enemies":"Lagavulin","floor":14,"turns":5},{"damage":20,"enemies":"The Guardian","floor":16,"turns":7},{"damage":3,"enemies":"Chosen","floor":18,"turns":3},{"damage":5,"enemies":"3 Byrds","floor":22,"turns":2},{"damage":12,"enemies":"Gremlin Leader","floor":24,"turns":7},{"damage":25,"enemies":"Centurion and Healer","floor":29,"turns":5},{"damage":21,"enemies":"Sentry and Sphere","floor":30,"turns":4},{"damage":23,"enemies":"Book of Stabbing","floor":31,"turns":4}],"seed_played":"-273826188697103114","potions_obtained":[{"floor":1.0,"key":"Weak Potion"},{"floor":5,"key":"GamblersBrew"},{"floor":12,"key":"Fire Potion"},{"floor":14,"key":"SteroidPotion"},{"floor":22,"key":"EssenceOfSteel"}],"is_trial":false,"path_per_floor":["M","M","M","M","M","R","E","R","T","R","?","M","$","E","R","B",null,"M","?","?","?","M","R","E","R","T","$","R","M","M","E"],"character_chosen":"DEFECT","items_purchased":["Storm","Chemical X","Leap","Oddly Smooth Stone","Coolheaded"],"campfire_rested":1,"item_purchase_floors":[13,13,13,27,27],"current_hp_per_floor":[67,60,60,56,51,51,34,56,56,56,56,58,58,48,48,30,64,63,49,49,49,50,50,46,46,56,56,56,35,18,0],"gold":71,"neow_bonus":"ONE_RANDOM_RARE_CARD","is_prod":false,"is_daily":false,"chose_seed":false,"campfire_upgraded":6,"win_rate":0,"timestamp":1571978961,"path_taken":["M","M","?","M","M","R","E","R","T","R","?","M","$","E","R","BOSS","M","?","?","?","M","R","E","R","T","$","R","?","?","E"],"build_version":"2019-07-17","purchased_purges":1,"victory":false,"max_hp_per_floor":[75,75,75,75,75,75,75,75,75,75,75,75,75,75,75,75,75,75,80,80,80,80,80,80,80,90,90,90,90,90,90],"card_choices":[{"not_picked":["Beam Cell","Conserve Battery"],"picked":"Tempest","floor":1.0},{"not_picked":["Gash","Scrape"],"picked":"Cold Snap","floor":2.0},{"not_picked":["Beam Cell","Gash"],"picked":"Conserve Battery","floor":3.0},{"not_picked":["Barrage","Double Energy"],"picked":"Coolheaded","floor":4.0},{"not_picked":["Hologram","Beam Cell"],"picked":"Sweeping Beam","floor":5},{"not_picked":["Rebound","Go for the Eyes"],"picked":"Electrodynamics","floor":7},{"not_picked":["Sweeping Beam","Hello World"],"picked":"Streamline","floor":12},{"not_picked":["Force Field","Hologram"],"picked":"Reinforced Body","floor":14},{"not_picked":["Rainbow","Electrodynamics"],"picked":"Multi-Cast","floor":16},{"not_picked":["Gash+1","Reinforced Body"],"picked":"Loop+1","floor":18},{"not_picked":["Barrage","Hologram+1"],"picked":"Capacitor","floor":22},{"not_picked":["Barrage+1","Leap"],"picked":"Skim","floor":24},{"not_picked":["Undo","Stack"],"picked":"Fusion","floor":29},{"not_picked":["Barrage","Melter"],"picked":"Hologram","floor":30}],"player_experience":698344,"relics_obtained":[{"floor":7,"key":"Blue Candle"},{"floor":9,"key":"Bird Faced Urn"},{"floor":14,"key":"Bottled Flame"},{"floor":24,"key":"Calipers"},{"floor":26,"key":"Pear"}],"event_choices":[{"damage_healed":0,"gold_gain":175,"player_choice":"AGREE","damage_taken":0,"max_hp_gain":0,"max_hp_loss":0,"event_name":"Liars Game","floor":11,"gold_loss":0,"cards_obtained":["Doubt"]},{"damage_healed":0,"gold_gain":0,"player_choice":"Shed Blood","damage_taken":19,"max_hp_gain":5,"max_hp_loss":0,"event_name":"Forgotten Altar","floor":19,"gold_loss":0},{"damage_healed":0,"gold_gain":0,"player_choice":"Ignored","damage_taken":0,"max_hp_gain":0,"max_hp_loss":0,"event_name":"The Mausoleum","floor":20,"gold_loss":0},{"damage_healed":0,"gold_gain":0,"player_choice":"Simplicity","damage_taken":0,"max_hp_gain":0,"max_hp_loss":0,"event_name":"Back to Basics","floor":21,"gold_loss":0,"cards_upgraded":["Strike_B","Strike_B","Strike_B","Defend_B","Defend_B","Defend_B"]}],"is_beta":false,"boss_relics":[{"not_picked":["White Beast Statue","Snecko Eye"],"picked":"Empty Cage"}],"items_purged_floors":[13],"is_endless":false,"potions_floor_spawned":[1,5,12,14,22],"killed_by":"Book of Stabbing","ascension_level":7}