{"gold_per_floor":[20,36,36,56,56,100,100,115,115,115,129,129,145,169,169,290,290,313,313,32,48,60,60],"floor_reached":23,"playtime":2633,"items_purged":[],"score":195,"play_id":"f609ad58-5a52-43f1-9305-f80b1d69b01f","local_time":"20191020232307","is_ascension_mode":false,"campfire_choices":[{"floor":7,"key":"REST"},{"data":"Body Slam","floor":10,"key":"SMITH"},{"data":"Spot Weakness","floor":12,"key":"SMITH"},{"floor":15,"key":"REST"}],"neow_cost":"NO_GOLD","seed_source_timestamp":785335362462409,"circlet_count":0,"master_deck":["Strike_R","Strike_R","Strike_R","Strike_R","Strike_R","Defend_R","Defend_R","Defend_R","Defend_R","Bash","Body Slam+1","Spot Weakness+1","Disarm","Juggernaut","Rupture","Carnage","Clothesline","Flame Barrier","Double Tap","Pommel Strike+1","Armaments","Battle Trance"],"relics":["Burning Blood","Ginger","Bloody Idol","Blood Vial","Boot","Cursed Key","Singing Bowl"],"potions_floor_usage":[6,13,18,23],"damage_taken":[{"damage":10,"enemies":"Small Slimes","floor":1,"turns":5},{"damage":11,"enemies":"Jaw Worm","floor":2,"turns":6},{"damage":0,"enemies":"2 Louse","floor":4,"turns":3},{"damage":43,"enemies":"Lagavulin","floor":6,"turns":6},{"damage":22,"enemies":"Exordium Thugs","floor":8,"turns":5},{"damage":7,"enemies":"2 Fungi Beasts","floor":11,"turns":4},{"damage":14,"enemies":"Gremlin Gang","floor":13,"turns":3},{"damage":18,"enemies":"3 Louse","floor":14,"turns":4},{"damage":36,"enemies":"Slime Boss","floor":16,"turns":11},{"damage":5,"enemies":"3 Byrds","floor":18,"turns":4},{"damage":35,"enemies":"2 Thieves","floor":21,"turns":5},{"damage":50,"enemies":"3 Cultists","floor":22,"turns":6},{"damage":42,"enemies":"Slavers","floor":23,"turns":3}],"seed_played":"2590669571876358811","potions_obtained":[{"floor":1,"key":"Ancient Potion"},{"floor":2,"key":"FearPotion"},{"floor":8,"key":"PowerPotion"},{"floor":14,"key":"LiquidBronze"},{"floor":22,"key":"Energy Potion"}],"is_trial":false,"path_per_floor":["M","M","?","M","?","E","R","M","T","R","M","R","M","M","R","B",null,"M","?","$","M","M","E"],"character_chosen":"IRONCLAD","items_purchased":["Singing Bowl","Armaments"],"campfire_rested":2,"item_purchase_floors":[20,20],"current_hp_per_floor":[76,71,76,82,61,24,49,35,35,35,36,36,30,20,45,17,85,85,85,85,66,31,0],"gold":60,"neow_bonus":"ONE_RARE_RELIC","is_prod":false,"is_daily":false,"chose_seed":false,"campfire_upgraded":2,"win_rate":0,"timestamp":1571628187,"path_taken":["M","M","?","M","?","E","R","M","T","R","M","R","M","M","R","BOSS","M","?","?","M","M","E"],"build_version":"2019-07-17","purchased_purges":0,"victory":false,"max_hp_per_floor":[80,80,85,85,85,85,85,85,85,85,85,85,85,85,85,85,85,85,85,85,85,87,87],"card_choices":[{"not_picked":["Twin Strike","Rampage"],"picked":"Body Slam","floor":1},{"not_picked":["Perfected Strike","Thunderclap"],"picked":"Spot Weakness","floor":2},{"not_picked":["Body Slam","Flex"],"picked":"Disarm","floor":4},{"not_picked":["Seeing Red","Thunderclap"],"picked":"Juggernaut","floor":6},{"not_picked":["Wild Strike","Clash"],"picked":"Rupture","floor":8},{"not_picked":["Clothesline","Dual Wield"],"picked":"Carnage","floor":11},{"not_picked":["Twin Strike","Brutality"],"picked":"Clothesline","floor":13},{"not_picked":["Pommel Strike","Disarm"],"picked":"Flame Barrier","floor":14},{"not_picked":["Fiend Fire","Juggernaut"],"picked":"Double Tap","floor":16},{"not_picked":["Dual Wield","Havoc"],"picked":"Pommel Strike+1","floor":18},{"not_picked":["Infernal Blade","Heavy Blade"],"picked":"Battle Trance","floor":21},{"not_picked":["Fire Breathing","Combust","Uppercut"],"picked":"Singing Bowl","floor":22}],"player_experience":639617,"relics_obtained":[{"floor":6,"key":"Blood Vial"},{"floor":9,"key":"Boot"}],"event_choices":[{"damage_healed":0,"gold_gain":0,"player_choice":"Donut","damage_taken":0,"max_hp_gain":5,"max_hp_loss":0,"event_name":"Big Fish","floor":3,"gold_loss":0},{"damage_healed":0,"gold_gain":0,"player_choice":"Take Damage","damage_taken":21,"relics_obtained":["Golden Idol"],"max_hp_gain":0,"max_hp_loss":0,"event_name":"Golden Idol","floor":5,"gold_loss":0},{"damage_healed":0,"gold_gain":0,"player_choice":"Gave Idol","damage_taken":0,"relics_obtained":["Bloody Idol"],"max_hp_gain":0,"max_hp_loss":0,"event_name":"Forgotten Altar","floor":19,"relics_lost":["Golden Idol"],"gold_loss":0}],"is_beta":false,"boss_relics":[{"not_picked":["Runic Dome","Mark of Pain"],"picked":"Cursed Key"}],"items_purged_floors":[],"is_endless":false,"potions_floor_spawned":[1,2,8,14,22],"killed_by":"Slavers","ascension_level":0}