{"gold_per_floor":[118,118,44,54,64,64,74,74,74,74,74,47,66,79,79,180,180,194,194,206,221,221,248,248,282,307,340,357,327,338,349,349,453,453,473,486,486,58,70,70,98,47,47,71,71,91,109,124,124,124],"floor_reached":51,"playtime":7020,"items_purged":["Strike_R"],"score":919,"play_id":"8766bded-e8a9-45c7-b306-86a7b803ad15","local_time":"20191025225449","is_ascension_mode":true,"campfire_choices":[{"data":"Barricade","floor":6.0,"key":"SMITH"},{"data":"Whirlwind","floor":8.0,"key":"SMITH"},{"data":"Iron Wave","floor":11.0,"key":"SMITH"},{"data":"Armaments","floor":15.0,"key":"SMITH"},{"floor":24.0,"key":"REST"},{"floor":32.0,"key":"REST"},{"floor":40,"key":"REST"},{"floor":45,"key":"REST"},{"floor":49,"key":"REST"}],"neow_cost":"NONE","seed_source_timestamp":975513285652569,"circlet_count":0,"master_deck":["Strike_R","Defend_R+1","Defend_R","Defend_R","Bash+1","Clothesline","Barricade+1","True Grit+1","Iron Wave+1","Whirlwind+1","Armaments+1","Body Slam+1","Ghostly Armor","Impervious","Thunderclap","Ghostly Armor+1","Shockwave","Entrench","Inflame","Body Slam+1","Spot Weakness","Offering","Searing Blow+1","Double Tap+1","True Grit+1","Inflame","Rupture","Parasite","Evolve+1","Shrug It Off","Burning Pact","Heavy Blade","Entrench+1"],"special_seed":0,"relics":["Burning Blood","NeowsBlessing","War Paint","Fusion Hammer","Enchiridion","Mercury Hourglass","Art of War","Boot","Blood Vial","Whetstone","Astrolabe","Thread and Needle","Ornamental Fan","Omamori","Dream Catcher"],"potions_floor_usage":[39,41,47,48,50],"damage_taken":[{"damage":0.0,"enemies":"Jaw Worm","floor":1.0,"turns":1.0},{"damage":0.0,"enemies":"Cultist","floor":4.0,"turns":1.0},{"damage":0.0,"enemies":"2 Louse","floor":5.0,"turns":1.0},{"damage":39.0,"enemies":"Gremlin Gang","floor":7.0,"turns":9.0},{"damage":0.0,"enemies":"Lots of Slimes","floor":13.0,"turns":1.0},{"damage":0.0,"enemies":"Blue Slaver","floor":14.0,"turns":4.0},{"damage":9.0,"enemies":"The Guardian","floor":16.0,"turns":15.0},{"damage":0.0,"enemies":"Chosen","floor":18.0,"turns":5.0},{"damage":2.0,"enemies":"2 Thieves","floor":20.0,"turns":2.0},{"damage":11.0,"enemies":"Snake Plant","floor":21.0,"turns":4.0},{"damage":19.0,"enemies":"Slavers","floor":23.0,"turns":4.0},{"damage":10.0,"enemies":"Gremlin Leader","floor":25.0,"turns":6.0},{"damage":35.0,"enemies":"Book of Stabbing","floor":27.0,"turns":7.0},{"damage":0.0,"enemies":"Chosen and Byrds","floor":28.0,"turns":6.0},{"damage":4.0,"enemies":"Centurion and Healer","floor":30.0,"turns":4.0},{"damage":11.0,"enemies":"Snecko","floor":31.0,"turns":5.0},{"damage":38.0,"enemies":"Automaton","floor":33.0,"turns":7.0},{"damage":14.0,"enemies":"3 Shapes","floor":35.0,"turns":4.0},{"damage":6.0,"enemies":"3 Darklings","floor":36.0,"turns":2.0},{"damage":33,"enemies":"Writhing Mass","floor":39,"turns":5},{"damage":27,"enemies":"Nemesis","floor":41,"turns":7},{"damage":15,"enemies":"Spire Growth","floor":46,"turns":4},{"damage":6,"enemies":"Maw","floor":47,"turns":6},{"damage":10,"enemies":"Sphere and 2 Shapes","floor":48,"turns":5},{"damage":52,"enemies":"Awakened One","floor":50,"turns":13}],"seed_played":"1082407051022363760","potions_obtained":[{"floor":1.0,"key":"Block Potion"},{"floor":5.0,"key":"Dexterity Potion"},{"floor":7.0,"key":"SteroidPotion"},{"floor":18.0,"key":"FearPotion"},{"floor":20.0,"key":"FearPotion"},{"floor":27.0,"key":"Energy Potion"},{"floor":29.0,"key":"Fruit Juice"},{"floor":31.0,"key":"PowerPotion"},{"floor":33.0,"key":"Dexterity Potion"},{"floor":36.0,"key":"Ancient Potion"},{"floor":41,"key":"SpeedPotion"},{"floor":46,"key":"Dexterity Potion"},{"floor":47,"key":"SkillPotion"},{"floor":48,"key":"BloodPotion"}],"is_trial":false,"path_per_floor":["M","?","$","M","M","R","M","R","T","$","R","$","M","M","R","B",null,"M","?","M","M","?","E","R","E","T","E","M","?","M","M","R","B",null,"M","M","?","$","M","R","E","$","T","T","R","M","M","M","R","B",null],"character_chosen":"IRONCLAD","items_purchased":["Barricade","Armaments","Thread and Needle","Rupture","Shrug It Off"],"campfire_rested":5,"item_purchase_floors":[3,12,38,38,42],"current_hp_per_floor":[78,78,78,80,80,80,47,47,47,47,47,47,53,59,59,56,74,80,64,68,63,63,50,74,70,70,43,51,51,55,52,76,46,72,66,73,73,73,48,73,54,54,54,54,79,72,74,72,85,39],"gold":124,"neow_bonus":"THREE_ENEMY_KILL","is_prod":false,"is_daily":false,"chose_seed":false,"campfire_upgraded":4,"win_rate":0,"timestamp":1572058489,"path_taken":["M","?","$","M","?","R","M","R","T","?","R","$","M","M","R","BOSS","M","?","M","M","?","E","R","E","T","E","?","?","M","M","R","BOSS","M","?","?","$","M","R","E","$","T","?","R","M","?","M","R","BOSS"],"build_version":"2019-07-17","purchased_purges":1,"victory":true,"max_hp_per_floor":[80,80,80,80,80,80,80,80,80,80,80,80,80,80,80,80,80,80,80,80,80,80,80,80,80,80,80,80,80,80,80,80,80,80,80,85,85,85,85,85,85,85,85,85,85,85,85,85,85,85],"card_choices":[{"not_picked":["Pommel Strike","Sever Soul"],"picked":"Clothesline","floor":1.0},{"not_picked":["Feel No Pain","Pommel Strike"],"picked":"True Grit","floor":4.0},{"not_picked":["Anger","Warcry"],"picked":"Iron Wave","floor":5.0},{"not_picked":["Armaments","Rupture"],"picked":"Whirlwind","floor":7.0},{"not_picked":["Ghostly Armor","Dual Wield"],"picked":"Body Slam","floor":13.0},{"not_picked":["Headbutt","Corruption"],"picked":"Ghostly Armor","floor":14.0},{"not_picked":["Brutality","Exhume"],"picked":"Impervious","floor":16.0},{"not_picked":["Second Wind","Cleave","True Grit"],"picked":"SKIP","floor":18.0},{"not_picked":["Iron Wave+1","Body Slam"],"picked":"Thunderclap","floor":20.0},{"not_picked":["Sword Boomerang+1","Clash+1"],"picked":"Ghostly Armor+1","floor":21.0},{"not_picked":["Iron Wave","Armaments"],"picked":"Shockwave","floor":23.0},{"not_picked":["Cleave","Sentinel"],"picked":"Entrench","floor":25.0},{"not_picked":["Exhume","Pummel"],"picked":"Inflame","floor":27.0},{"not_picked":["Warcry","Blood for Blood"],"picked":"Body Slam+1","floor":28.0},{"not_picked":["True Grit","Pommel Strike","Flex"],"picked":"SKIP","floor":30.0},{"not_picked":["Sentinel","Sever Soul"],"picked":"Spot Weakness","floor":31.0},{"not_picked":["Brutality","Fiend Fire"],"picked":"Offering","floor":33.0},{"not_picked":["Shockwave","Infernal Blade","Bloodletting"],"picked":"SKIP","floor":35.0},{"not_picked":["Perfected Strike","Thunderclap+1"],"picked":"Inflame","floor":36.0},{"not_picked":["True Grit","Twin Strike+1"],"picked":"Evolve+1","floor":39},{"not_picked":["Spot Weakness+1","Fiend Fire","Anger"],"picked":"SKIP","floor":41},{"not_picked":["Warcry+1","Fire Breathing+1"],"picked":"Burning Pact","floor":45},{"not_picked":["Pommel Strike","Twin Strike"],"picked":"Heavy Blade","floor":46},{"not_picked":["Burning Pact","Bloodletting+1","Cleave"],"picked":"SKIP","floor":47},{"not_picked":["Twin Strike+1","Wild Strike"],"picked":"Entrench+1","floor":48}],"player_experience":701089,"relics_obtained":[{"floor":9.0,"key":"War Paint"},{"floor":19.0,"key":"Enchiridion"},{"floor":23.0,"key":"Art of War"},{"floor":25.0,"key":"Boot"},{"floor":26.0,"key":"Blood Vial"},{"floor":27.0,"key":"Whetstone"},{"floor":41,"key":"Ornamental Fan"},{"floor":43,"key":"Omamori"},{"floor":44,"key":"Dream Catcher"}],"event_choices":[{"cards_removed":["Strike_R"],"damage_healed":0.0,"max_hp_gain":0.0,"max_hp_loss":0.0,"gold_gain":0.0,"event_name":"Bonfire Elementals","player_choice":"Offered Basic","floor":2.0,"gold_loss":0.0,"damage_taken":0.0},{"damage_healed":0.0,"max_hp_gain":0.0,"max_hp_loss":0.0,"gold_gain":0.0,"event_name":"Cursed Tome","player_choice":"Obtained Book","floor":19.0,"gold_loss":0.0,"damage_taken":16.0},{"damage_healed":0.0,"max_hp_gain":0.0,"max_hp_loss":0.0,"gold_gain":0.0,"event_name":"WeMeetAgain","player_choice":"Gave Potion","floor":22.0,"gold_loss":0.0,"damage_taken":0.0,"relics_obtained":["Mercury Hourglass"]},{"damage_healed":0.0,"max_hp_gain":0.0,"max_hp_loss":0.0,"gold_gain":0.0,"event_name":"The Woman in Blue","player_choice":"Bought 2 Potions","floor":29.0,"gold_loss":0.0,"damage_taken":0.0},{"damage_healed":0.0,"max_hp_gain":0.0,"max_hp_loss":0.0,"gold_gain":0.0,"event_name":"Tomb of Lord Red Mask","player_choice":"Ignored","floor":37.0,"gold_loss":0.0,"damage_taken":0.0}],"is_beta":false,"boss_relics":[{"not_picked":["Black Blood","Eternal Feather"],"picked":"Fusion Hammer"},{"not_picked":["Coffee Dripper","Mark of Pain"],"picked":"Astrolabe"}],"items_purged_floors":[38],"is_endless":false,"potions_floor_spawned":[1,5,7,18,20,27,31,33,36,41,46,47,48],"ascension_level":7}