{"gold_per_floor":[109,127,127,93,112,139,159,192,192,212,212,227,45,56,56,152,152,171,187,204,105,116,116,131,150,198,214,214,233,333,345,345,345],"floor_reached":33,"playtime":3098,"items_purged":[],"score":305,"play_id":"d5e4da9f-164d-4e93-87bd-0b0dcdcddf19","local_time":"20191022063827","is_ascension_mode":true,"campfire_choices":[{"floor":11.0,"key":"REST"},{"data":"Cloak And Dagger","floor":15.0,"key":"SMITH"},{"floor":23.0,"key":"REST"},{"floor":28.0,"key":"REST"},{"floor":32.0,"key":"REST"}],"neow_cost":"NONE","seed_source_timestamp":204673704704000,"circlet_count":0,"master_deck":["Strike_G","Strike_G","Strike_G","Strike_G","Strike_G","Defend_G","Defend_G","Defend_G","Defend_G","Defend_G","Survivor","Neutralize","Crippling Poison","Catalyst+1","Caltrops","Riddle With Holes","Backstab","Dagger Throw","Bane","Terror","Underhanded Strike","Accuracy","Cloak And Dagger+1","Storm of Steel","PiercingWail","Heel Hook+1","Predator","Prepared","Outmaneuver","Poisoned Stab","Flechettes","Bane+1","Deadly Poison","PiercingWail","Crippling Poison"],"special_seed":0,"relics":["Ring of the Snake","Paper Crane","Bronze Scales","Lantern","Sling","Philosopher\u0027s Stone","Happy Flower"],"potions_floor_usage":[33,33],"damage_taken":[{"damage":0.0,"enemies":"Jaw Worm","floor":1.0,"turns":6.0},{"damage":0.0,"enemies":"Cultist","floor":2.0,"turns":4.0},{"damage":2.0,"enemies":"Small Slimes","floor":5.0,"turns":4.0},{"damage":12.0,"enemies":"3 Sentries","floor":6.0,"turns":5.0},{"damage":6.0,"enemies":"3 Louse","floor":7.0,"turns":4.0},{"damage":18.0,"enemies":"Lagavulin","floor":8.0,"turns":5.0},{"damage":3.0,"enemies":"2 Fungi Beasts","floor":10.0,"turns":3.0},{"damage":0.0,"enemies":"Gremlin Gang","floor":12.0,"turns":3.0},{"damage":0.0,"enemies":"Looter","floor":14.0,"turns":2.0},{"damage":46.0,"enemies":"Slime Boss","floor":16.0,"turns":13.0},{"damage":4.0,"enemies":"3 Byrds","floor":18.0,"turns":5.0},{"damage":0.0,"enemies":"Chosen","floor":19.0,"turns":3.0},{"damage":26.0,"enemies":"Snake Plant","floor":20.0,"turns":3.0},{"damage":34.0,"enemies":"Sentry and Sphere","floor":22.0,"turns":8.0},{"damage":0.0,"enemies":"Snecko","floor":24.0,"turns":4.0},{"damage":4.0,"enemies":"Shelled Parasite and Fungi","floor":25.0,"turns":4.0},{"damage":7.0,"enemies":"3 Cultists","floor":27.0,"turns":4.0},{"damage":16.0,"enemies":"Centurion and Healer","floor":29.0,"turns":4.0},{"damage":11.0,"enemies":"Snecko","floor":31.0,"turns":4.0},{"damage":44,"enemies":"Automaton","floor":33,"turns":6}],"seed_played":"-4141242951472233290","potions_obtained":[{"floor":5.0,"key":"PowerPotion"},{"floor":7.0,"key":"Poison Potion"},{"floor":8.0,"key":"Swift Potion"},{"floor":10.0,"key":"Swift Potion"},{"floor":14.0,"key":"PowerPotion"},{"floor":18.0,"key":"FearPotion"},{"floor":24.0,"key":"SmokeBomb"},{"floor":25.0,"key":"LiquidMemories"},{"floor":29.0,"key":"SpeedPotion"}],"is_trial":false,"path_per_floor":["M","M","?","$","M","E","M","E","T","M","R","M","$","M","R","B",null,"M","M","M","$","M","R","M","M","T","M","R","M","?","M","R","B"],"character_chosen":"THE_SILENT","items_purchased":["Caltrops","Accuracy","Sling","Prepared","Outmaneuver"],"campfire_rested":4,"item_purchase_floors":[4,13,13,21,21],"current_hp_per_floor":[77,77,77,77,75,63,57,39,39,36,59,59,59,59,59,13,77,73,73,47,47,13,36,36,32,32,25,48,32,32,21,44,0],"gold":345,"neow_bonus":"TEN_PERCENT_HP_BONUS","is_prod":false,"is_daily":false,"chose_seed":false,"campfire_upgraded":1,"win_rate":0,"timestamp":1571740707,"path_taken":["M","M","?","$","M","E","M","E","T","M","R","M","$","M","R","BOSS","M","M","M","$","?","R","M","?","T","M","R","M","?","M","R","BOSS"],"build_version":"2019-10-21","purchased_purges":0,"victory":false,"max_hp_per_floor":[77,77,77,77,77,77,77,77,77,77,77,77,77,77,77,77,77,77,77,77,77,77,77,77,77,77,77,77,77,77,77,77,77],"card_choices":[{"not_picked":["Flying Knee","Sucker Punch"],"picked":"Crippling Poison","floor":1.0},{"not_picked":["Quick Slash","Dagger Throw"],"picked":"Catalyst","floor":2.0},{"not_picked":["Sucker Punch","Tactician"],"picked":"Riddle With Holes","floor":5.0},{"not_picked":["Unload","Backflip"],"picked":"Backstab","floor":6.0},{"not_picked":["Slice","Blade Dance"],"picked":"Dagger Throw","floor":7.0},{"not_picked":["Night Terror","Prepared"],"picked":"Bane","floor":8.0},{"not_picked":["Catalyst","Poisoned Stab"],"picked":"Terror","floor":10.0},{"not_picked":["Dagger Spray","Backflip"],"picked":"Underhanded Strike","floor":12.0},{"not_picked":["Dodge and Roll","Distraction"],"picked":"Cloak And Dagger","floor":14.0},{"not_picked":["Unload","Burst"],"picked":"Storm of Steel","floor":16.0},{"not_picked":["Outmaneuver","Flying Knee"],"picked":"PiercingWail","floor":18.0},{"not_picked":["Dagger Spray+1","All Out Attack"],"picked":"Heel Hook+1","floor":19.0},{"not_picked":["Underhanded Strike+1","Blade Dance"],"picked":"Predator","floor":20.0},{"not_picked":["Flying Knee","Underhanded Strike"],"picked":"Poisoned Stab","floor":22.0},{"not_picked":["Cloak And Dagger+1","Acrobatics"],"picked":"Flechettes","floor":24.0},{"not_picked":["Escape Plan","Quick Slash+1"],"picked":"Bane+1","floor":25.0},{"not_picked":["Deflect","Dagger Spray"],"picked":"Deadly Poison","floor":27.0},{"not_picked":["Bane","Prepared"],"picked":"PiercingWail","floor":29.0},{"not_picked":["Caltrops","Sucker Punch"],"picked":"Crippling Poison","floor":31.0}],"player_experience":183880,"relics_obtained":[{"floor":6.0,"key":"Paper Crane"},{"floor":8.0,"key":"Bronze Scales"},{"floor":9.0,"key":"Lantern"},{"floor":26.0,"key":"Happy Flower"}],"event_choices":[{"damage_healed":0.0,"max_hp_gain":0.0,"max_hp_loss":0.0,"gold_gain":0.0,"event_name":"Upgrade Shrine","player_choice":"Upgraded","floor":3.0,"gold_loss":0.0,"damage_taken":0.0,"cards_upgraded":["Catalyst"]},{"damage_healed":0.0,"max_hp_gain":0.0,"max_hp_loss":0.0,"gold_gain":100.0,"event_name":"Golden Shrine","player_choice":"Pray","floor":30.0,"gold_loss":0.0,"damage_taken":0.0}],"is_beta":true,"boss_relics":[{"not_picked":["Snecko Eye","Runic Dome"],"picked":"Philosopher\u0027s Stone"}],"items_purged_floors":[],"is_endless":false,"potions_floor_spawned":[5,7,8,10,14,18,24,25,29],"killed_by":"Automaton","ascension_level":1}