{"gold_per_floor":[110,129,99,114,126,154,167,167,213,27,27,27,53,73,73,170,170,181,126,126,51,51,86,86,104,130,56,74,100,100,22,22,123,123,142,161,5,5,16,42,42,68,68,79,0,0,0,12,12,12,12,12,12,37,37],"floor_reached":55,"playtime":7502,"items_purged":["Strike_R"],"score":810,"play_id":"483d0ce6-2a7b-4807-8bcb-fe35b3ddf2ab","local_time":"20190918220325","is_ascension_mode":true,"campfire_choices":[{"data":"Rage","floor":8.0,"key":"SMITH"},{"data":"Apotheosis","floor":12.0,"key":"SMITH"},{"data":"Inflame","floor":15.0,"key":"SMITH"},{"floor":30.0,"key":"RECALL"},{"floor":32.0,"key":"REST"},{"floor":41.0,"key":"REST"},{"floor":47.0,"key":"REST"},{"floor":49.0,"key":"REST"},{"floor":52,"key":"REST"}],"neow_cost":"NONE","seed_source_timestamp":0,"circlet_count":0,"master_deck":["Defend_R+1","Defend_R","Defend_R","Defend_R","Bash+1","Iron Wave","Rage+1","Shrug It Off+1","Thunderclap","Inflame+1","Flame Barrier","Apotheosis+1","True Grit+1","Heavy Blade","Immolate","Headbutt","Bite","Bite","Bite+1","Bite","Bite","Headbutt","Berserk+1","Rage","Rupture","Warcry","Disarm","Brutality","Shrug It Off+1","Flame Barrier+1"],"special_seed":0,"relics":["Burning Blood","Vajra","Dodecahedron","Oddly Smooth Stone","Blue Candle","Fusion Hammer","Tiny Chest","War Paint","Anchor","Ancient Tea Set","Pantograph","Runic Pyramid","Strawberry","Sundial","Potion Belt","Red Mask","Whetstone"],"potions_floor_usage":[],"damage_taken":[{"damage":3.0,"enemies":"Jaw Worm","floor":1.0,"turns":4.0},{"damage":1.0,"enemies":"Cultist","floor":2.0,"turns":3.0},{"damage":3.0,"enemies":"Small Slimes","floor":4.0,"turns":3.0},{"damage":1.0,"enemies":"2 Fungi Beasts","floor":5.0,"turns":3.0},{"damage":9.0,"enemies":"3 Sentries","floor":6.0,"turns":7.0},{"damage":2.0,"enemies":"Looter","floor":7.0,"turns":2.0},{"damage":24.0,"enemies":"Gremlin Nob","floor":13.0,"turns":4.0},{"damage":0.0,"enemies":"Large Slime","floor":14.0,"turns":4.0},{"damage":18.0,"enemies":"Slime Boss","floor":16.0,"turns":8.0},{"damage":3.0,"enemies":"Shell Parasite","floor":18.0,"turns":4.0},{"damage":12.0,"enemies":"Gremlin Leader","floor":23.0,"turns":5.0},{"damage":0.0,"enemies":"3 Byrds","floor":25.0,"turns":4.0},{"damage":0.0,"enemies":"Cultist and Chosen","floor":28.0,"turns":4.0},{"damage":0.0,"enemies":"Slavers","floor":29.0,"turns":3.0},{"damage":13.0,"enemies":"Champ","floor":33.0,"turns":10.0},{"damage":1.0,"enemies":"Orb Walker","floor":35.0,"turns":4.0},{"damage":2.0,"enemies":"3 Darklings","floor":36.0,"turns":5.0},{"damage":2.0,"enemies":"Sphere and 2 Shapes","floor":39.0,"turns":4.0},{"damage":26.0,"enemies":"Giant Head","floor":40.0,"turns":9.0},{"damage":60.0,"enemies":"Nemesis","floor":42.0,"turns":9.0},{"damage":11.0,"enemies":"Transient","floor":44.0,"turns":5.0},{"damage":43.0,"enemies":"Spire Growth","floor":48.0,"turns":6.0},{"damage":57.0,"enemies":"Donu and Deca","floor":50.0,"turns":12.0},{"damage":59,"enemies":"Shield and Spear","floor":54,"turns":9},{"damage":62,"enemies":"The Heart","floor":55,"turns":3}],"seed_played":"8538016615663913207","potions_obtained":[{"floor":2.0,"key":"AttackPotion"},{"floor":3.0,"key":"Ancient Potion"},{"floor":3.0,"key":"AttackPotion"},{"floor":5.0,"key":"Fire Potion"},{"floor":7.0,"key":"Swift Potion"},{"floor":14.0,"key":"Ancient Potion"},{"floor":16.0,"key":"Energy Potion"},{"floor":23.0,"key":"Block Potion"},{"floor":28.0,"key":"Weak Potion"},{"floor":29.0,"key":"Strength Potion"},{"floor":36.0,"key":"Ancient Potion"},{"floor":44.0,"key":"Regen Potion"},{"floor":48.0,"key":"SkillPotion"}],"is_trial":false,"path_per_floor":["M","M","?","M","M","E","M","R","T","$","?","R","E","M","R","B",null,"M","?","?","$","?","E","T","M","T","$","M","E","R","$","R","B",null,"M","M","$","?","M","E","R","E","T","M","?","?","R","M","R","B",null,"R","$","E","B"],"character_chosen":"IRONCLAD","items_purchased":["Apotheosis","Rage","Disarm","Strawberry"],"campfire_rested":5,"item_purchase_floors":[10,27,31,37],"current_hp_per_floor":[80,80,80,80,80,77,80,80,80,80,64,64,46,52,52,40,80,80,80,65,65,59,56,56,59,59,59,59,59,59,59,59,59,59,59,59,66,66,66,47,66,25,25,28,28,28,47,24,43,39,66,66,66,28,0],"gold":37,"neow_bonus":"RANDOM_COMMON_RELIC","is_prod":false,"is_daily":false,"chose_seed":false,"campfire_upgraded":3,"win_rate":0,"timestamp":1568858605,"path_taken":["M","M","?","M","M","E","?","R","T","$","?","R","E","M","R","BOSS","M","?","?","$","?","E","?","?","T","$","M","E","R","?","R","BOSS","M","M","$","?","?","E","R","E","T","M","?","?","R","M","R","BOSS","R","$","E","BOSS"],"build_version":"2019-07-17","purchased_purges":1,"victory":false,"max_hp_per_floor":[80,80,80,80,80,80,80,80,80,80,80,80,80,80,80,80,80,80,80,85,85,59,59,59,59,59,59,59,59,59,59,59,59,59,59,59,66,66,66,66,66,66,66,66,66,66,66,66,66,66,66,66,66,66,66],"card_choices":[{"not_picked":["Wild Strike","Perfected Strike"],"picked":"Iron Wave","floor":1.0},{"not_picked":["Anger","Rampage"],"picked":"Rage","floor":2.0},{"not_picked":["True Grit","Twin Strike"],"picked":"Shrug It Off","floor":4.0},{"not_picked":["Sword Boomerang","Anger"],"picked":"Thunderclap","floor":5.0},{"not_picked":["Heavy Blade","Hemokinesis"],"picked":"Inflame","floor":6.0},{"not_picked":["Heavy Blade","Brutality"],"picked":"Flame Barrier","floor":7.0},{"not_picked":["Sword Boomerang","Perfected Strike"],"picked":"True Grit","floor":13.0},{"not_picked":["Warcry","Clothesline"],"picked":"Heavy Blade","floor":14.0},{"not_picked":["Fiend Fire","Bludgeon"],"picked":"Immolate","floor":16.0},{"not_picked":["Pommel Strike","Shrug It Off"],"picked":"Headbutt","floor":18.0},{"not_picked":["Fire Breathing+1","Pummel"],"picked":"Headbutt","floor":23.0},{"not_picked":["Wild Strike","Sword Boomerang"],"picked":"Berserk","floor":25.0},{"not_picked":["True Grit","Body Slam+1"],"picked":"Rupture","floor":28.0},{"not_picked":["Carnage","Seeing Red"],"picked":"Warcry","floor":29.0},{"not_picked":["Fiend Fire","Bludgeon"],"picked":"Brutality","floor":33.0},{"not_picked":["Ghostly Armor+1","Dropkick+1"],"picked":"Shrug It Off+1","floor":35.0},{"not_picked":["Wild Strike","Rampage+1","Uppercut+1"],"picked":"SKIP","floor":36.0},{"not_picked":["Wild Strike","Rampage+1","Uppercut+1"],"picked":"SKIP","floor":36.0},{"not_picked":["Iron Wave","Clothesline","Seeing Red+1"],"picked":"SKIP","floor":39.0},{"not_picked":["Heavy Blade","Twin Strike+1","Shrug It Off"],"picked":"SKIP","floor":40.0},{"not_picked":["Immolate","True Grit"],"picked":"Flame Barrier+1","floor":42.0},{"not_picked":["Armaments","Seeing Red+1","Cleave"],"picked":"SKIP","floor":44.0},{"not_picked":["Sword Boomerang+1","Perfected Strike","Seeing Red+1"],"picked":"SKIP","floor":48.0},{"not_picked":["Sword Boomerang+1","Armaments","Offering"],"picked":"SKIP","floor":54}],"player_experience":341829,"relics_obtained":[{"floor":6.0,"key":"Dodecahedron"},{"floor":9.0,"key":"Oddly Smooth Stone"},{"floor":13.0,"key":"Blue Candle"},{"floor":23.0,"key":"War Paint"},{"floor":24.0,"key":"Anchor"},{"floor":26.0,"key":"Ancient Tea Set"},{"floor":29.0,"key":"Pantograph"},{"floor":40.0,"key":"Sundial"},{"floor":42.0,"key":"Potion Belt"},{"floor":54,"key":"Whetstone"}],"event_choices":[{"damage_healed":0.0,"max_hp_gain":0.0,"max_hp_loss":0.0,"gold_gain":0.0,"event_name":"The Woman in Blue","player_choice":"Bought 2 Potions","floor":3.0,"gold_loss":0.0,"damage_taken":0.0},{"damage_healed":0.0,"max_hp_gain":0.0,"max_hp_loss":0.0,"gold_gain":0.0,"event_name":"Shining Light","player_choice":"Entered Light","floor":11.0,"gold_loss":0.0,"damage_taken":16.0,"cards_upgraded":["Defend_R","Strike_R"]},{"damage_healed":0.0,"max_hp_gain":0.0,"max_hp_loss":0.0,"gold_gain":0.0,"event_name":"Addict","player_choice":"Obtained Relic","floor":19.0,"gold_loss":85.0,"damage_taken":0.0,"relics_obtained":["Tiny Chest"]},{"damage_healed":0.0,"max_hp_gain":5.0,"max_hp_loss":0.0,"gold_gain":0.0,"event_name":"Forgotten Altar","player_choice":"Shed Blood","floor":20.0,"gold_loss":0.0,"damage_taken":20.0},{"damage_healed":0.0,"max_hp_gain":0.0,"max_hp_loss":26.0,"gold_gain":0.0,"event_name":"Vampires","player_choice":"Became a vampire","floor":22.0,"gold_loss":0.0,"damage_taken":0.0,"cards_obtained":["Bite","Bite","Bite","Bite","Bite"]},{"damage_healed":0.0,"max_hp_gain":0.0,"max_hp_loss":0.0,"gold_gain":0.0,"event_name":"Accursed Blacksmith","player_choice":"Forge","floor":38.0,"gold_loss":0.0,"damage_taken":0.0,"cards_upgraded":["Berserk"]},{"damage_healed":0.0,"max_hp_gain":0.0,"max_hp_loss":0.0,"gold_gain":0.0,"event_name":"Tomb of Lord Red Mask","player_choice":"Paid","floor":45.0,"gold_loss":79.0,"damage_taken":0.0,"relics_obtained":["Red Mask"]},{"damage_healed":0.0,"max_hp_gain":0.0,"max_hp_loss":0.0,"gold_gain":0.0,"event_name":"The Moai Head","player_choice":"Ignored","floor":46.0,"gold_loss":0.0,"damage_taken":0.0}],"is_beta":false,"boss_relics":[{"not_picked":["Ectoplasm","Runic Cube"],"picked":"Fusion Hammer"},{"not_picked":["Busted Crown","Runic Dome"],"picked":"Runic Pyramid"}],"items_purged_floors":[21],"is_endless":false,"potions_floor_spawned":[2,5,7,14,16,18,23,28,29,36,44,48],"killed_by":"The Heart","ascension_level":1}