{"gold_per_floor":[110,37,54,67,82,109,109,136,136,136,153,153,182,25,25,129,129,143,158,158,175,100,100,116,144,144,155,155,180,209,228,228,324,324,338,438,457,457,468,503,503,15,15,15,46,46,46,77,77,77,77,77,39,39],"floor_reached":54,"playtime":11494,"items_purged":["Strike_B","Strike_B"],"score":1020,"play_id":"063e261f-3283-4b79-974c-b215c68d5908","local_time":"20191008234300","is_ascension_mode":true,"campfire_choices":[{"data":"Defragment","floor":7.0,"key":"SMITH"},{"data":"Genetic Algorithm","floor":10.0,"key":"SMITH"},{"data":"Doom and Gloom","floor":12.0,"key":"SMITH"},{"floor":15.0,"key":"REST"},{"data":"Zap","floor":23.0,"key":"SMITH"},{"data":"Machine Learning","floor":28.0,"key":"SMITH"},{"floor":32.0,"key":"REST"},{"data":"Buffer","floor":41,"key":"SMITH"},{"data":"Capacitor","floor":44,"key":"SMITH"},{"data":"Blind","floor":46,"key":"SMITH"},{"floor":49,"key":"RECALL"},{"data":"Mind Blast","floor":52,"key":"SMITH"}],"neow_cost":"NONE","seed_source_timestamp":0,"circlet_count":0,"master_deck":["Defend_B","Defend_B","Defend_B","Defend_B","Zap+1","Dualcast","Genetic Algorithm+1","Capacitor+1","Cold Snap","Doom and Gloom+1","Conserve Battery","Defragment+1","Meteor Strike","Glacier","Stack","Panacea","Machine Learning+1","Hologram","Skim","Stack","Reinforced Body","Leap","Lockon","Buffer+1","Turbo+1","Loop","Self Repair+1","Mind Blast+1","Discovery","Finesse","Creative AI","Blind+1","Sweeping Beam","Hologram+1","Sweeping Beam+1","Leap"],"special_seed":0,"relics":["Cracked Core","Art of War","Strawberry","Pear","Du-Vu Doll","Velvet Choker","Pantograph","The Courier","Bag of Preparation","Ancient Tea Set","Sozu","Calipers","Thread and Needle","Meat on the Bone","Potion Belt","Lantern"],"potions_floor_usage":[],"damage_taken":[{"damage":1.0,"enemies":"Cultist","floor":1.0,"turns":3.0},{"damage":1.0,"enemies":"2 Louse","floor":3.0,"turns":4.0},{"damage":5.0,"enemies":"Small Slimes","floor":4.0,"turns":3.0},{"damage":12.0,"enemies":"Blue Slaver","floor":5.0,"turns":4.0},{"damage":24.0,"enemies":"Gremlin Nob","floor":6.0,"turns":4.0},{"damage":11.0,"enemies":"Lagavulin","floor":8.0,"turns":5.0},{"damage":2.0,"enemies":"Looter","floor":11.0,"turns":4.0},{"damage":15.0,"enemies":"3 Sentries","floor":13.0,"turns":4.0},{"damage":23.0,"enemies":"Slime Boss","floor":16.0,"turns":10.0},{"damage":2.0,"enemies":"Spheric Guardian","floor":18.0,"turns":5.0},{"damage":17.0,"enemies":"Chosen","floor":19.0,"turns":7.0},{"damage":20.0,"enemies":"Centurion and Healer","floor":21.0,"turns":7.0},{"damage":0.0,"enemies":"Cultist and Chosen","floor":24.0,"turns":5.0},{"damage":8.0,"enemies":"Book of Stabbing","floor":25.0,"turns":7.0},{"damage":2.0,"enemies":"Snake Plant","floor":27.0,"turns":6.0},{"damage":6.0,"enemies":"Slavers","floor":30.0,"turns":7.0},{"damage":4.0,"enemies":"Shelled Parasite and Fungi","floor":31.0,"turns":8.0},{"damage":35.0,"enemies":"Collector","floor":33.0,"turns":12.0},{"damage":18,"enemies":"3 Shapes","floor":35,"turns":4},{"damage":3,"enemies":"Mind Bloom Boss Battle","floor":36,"turns":9},{"damage":26,"enemies":"3 Darklings","floor":37,"turns":7},{"damage":0,"enemies":"4 Shapes","floor":39,"turns":7},{"damage":5,"enemies":"Nemesis","floor":40,"turns":10},{"damage":0,"enemies":"Giant Head","floor":45,"turns":9},{"damage":7,"enemies":"Reptomancer","floor":48,"turns":8},{"damage":13,"enemies":"Time Eater","floor":50,"turns":15},{"damage":106,"enemies":"Shield and Spear","floor":54,"turns":8}],"seed_played":"6862560572150078976","potions_obtained":[{"floor":1.0,"key":"FearPotion"},{"floor":3.0,"key":"FearPotion"},{"floor":6.0,"key":"SteroidPotion"},{"floor":8.0,"key":"EssenceOfSteel"},{"floor":16.0,"key":"Regen Potion"},{"floor":19.0,"key":"Swift Potion"},{"floor":24.0,"key":"Poison Potion"},{"floor":25.0,"key":"SpeedPotion"},{"floor":30.0,"key":"SkillPotion"},{"floor":31.0,"key":"Regen Potion"}],"is_trial":false,"path_per_floor":["M","$","M","M","M","E","R","E","T","R","M","R","E","$","R","B",null,"M","M","?","M","?","R","M","E","T","M","R","T","E","M","R","B",null,"M","?","M","?","M","E","R","$","T","R","E","R","?","E","R","B",null,"R","$","E"],"character_chosen":"DEFECT","items_purchased":["Capacitor","Panacea","Meat on the Bone","Creative AI","Blind","Sweeping Beam","Leap"],"campfire_rested":2,"item_purchase_floors":[2,14,42,42,42,42,53],"current_hp_per_floor":[81,81,80,75,63,39,39,35,45,45,43,43,28,28,57,34,99,97,80,60,55,55,55,55,47,47,45,45,45,39,35,66,68,104,86,101,75,65,75,80,80,80,80,80,90,90,90,93,93,101,104,104,104,0],"gold":39,"neow_bonus":"TEN_PERCENT_HP_BONUS","is_prod":false,"is_daily":false,"chose_seed":false,"campfire_upgraded":9,"win_rate":0,"timestamp":1570592580,"path_taken":["M","$","M","M","M","E","R","E","T","R","?","R","E","?","R","BOSS","M","M","?","M","?","R","M","E","T","M","R","?","E","M","R","BOSS","M","?","M","?","M","E","R","$","T","R","E","R","?","E","R","BOSS","R","$","E"],"build_version":"2019-07-17","purchased_purges":2,"victory":false,"max_hp_per_floor":[82,82,82,82,82,82,82,89,99,99,99,99,99,99,99,99,99,99,99,104,104,104,104,104,104,104,104,104,104,104,104,104,104,104,104,104,104,104,104,104,104,104,104,104,104,104,104,104,104,104,104,104,104,104],"card_choices":[{"not_picked":["Ball Lightning","Cold Snap"],"picked":"Genetic Algorithm","floor":1.0},{"not_picked":["Beam Cell","Ball Lightning"],"picked":"Cold Snap","floor":3.0},{"not_picked":["FTL","Loop"],"picked":"Doom and Gloom","floor":4.0},{"not_picked":["Steam","Turbo"],"picked":"Conserve Battery","floor":5.0},{"not_picked":["Fission","Recycle"],"picked":"Defragment","floor":6.0},{"not_picked":["Turbo","White Noise"],"picked":"Meteor Strike","floor":8.0},{"not_picked":["Hello World","Compile Driver"],"picked":"Glacier","floor":11.0},{"not_picked":["Melter","Ball Lightning"],"picked":"Stack","floor":13.0},{"not_picked":["Biased Cognition","Fission"],"picked":"Machine Learning","floor":16.0},{"not_picked":["Hello World","Coolheaded"],"picked":"Hologram","floor":18.0},{"not_picked":["Conserve Battery","Scrape+1"],"picked":"Skim","floor":19.0},{"not_picked":["Gash","Rebound"],"picked":"Stack","floor":21.0},{"not_picked":["Steam Power","Steam","Hologram"],"picked":"SKIP","floor":24.0},{"not_picked":["Leap","Tempest"],"picked":"Reinforced Body","floor":25.0},{"not_picked":["Steam Power","Cold Snap"],"picked":"Leap","floor":27.0},{"not_picked":["BootSequence","Melter"],"picked":"Lockon","floor":30.0},{"not_picked":["Compile Driver","Reboot","Go for the Eyes"],"picked":"SKIP","floor":31.0},{"not_picked":["All For One","Meteor Strike"],"picked":"Buffer","floor":33.0},{"not_picked":["Sweeping Beam","Ball Lightning+1"],"picked":"Turbo+1","floor":35},{"not_picked":["Rebound","Sweeping Beam"],"picked":"Loop","floor":36},{"not_picked":["Conserve Battery+1","Compile Driver"],"picked":"Self Repair+1","floor":37},{"not_picked":["Purity","Panacea"],"picked":"Mind Blast","floor":38},{"not_picked":["Secret Weapon","Impatience"],"picked":"Discovery","floor":38},{"not_picked":["Dramatic Entrance","Purity"],"picked":"Finesse","floor":38},{"not_picked":["Streamline","Leap","Hello World"],"picked":"SKIP","floor":39},{"not_picked":["Cold Snap","Redo","Stack+1"],"picked":"SKIP","floor":40},{"not_picked":["FTL+1","Loop"],"picked":"Hologram+1","floor":45},{"not_picked":["Turbo+1","Go for the Eyes"],"picked":"Sweeping Beam+1","floor":48}],"player_experience":475453,"relics_obtained":[{"floor":6.0,"key":"Art of War"},{"floor":8.0,"key":"Strawberry"},{"floor":9.0,"key":"Pear"},{"floor":13.0,"key":"Du-Vu Doll"},{"floor":25.0,"key":"Pantograph"},{"floor":26.0,"key":"The Courier"},{"floor":29.0,"key":"Bag of Preparation"},{"floor":30.0,"key":"Ancient Tea Set"},{"floor":36,"key":"Calipers"},{"floor":40,"key":"Thread and Needle"},{"floor":45,"key":"Potion Belt"},{"floor":48,"key":"Lantern"}],"event_choices":[{"damage_healed":0.0,"max_hp_gain":5.0,"max_hp_loss":0.0,"gold_gain":0.0,"event_name":"Forgotten Altar","player_choice":"Shed Blood","floor":20.0,"gold_loss":0.0,"damage_taken":25.0},{"cards_removed":["Strike_B"],"damage_healed":0.0,"max_hp_gain":0.0,"max_hp_loss":0.0,"gold_gain":0.0,"event_name":"Beggar","player_choice":"Gave Gold","floor":22.0,"gold_loss":75.0,"damage_taken":0.0},{"damage_healed":0,"gold_gain":0,"player_choice":"Fight","damage_taken":0,"max_hp_gain":0,"max_hp_loss":0,"event_name":"MindBloom","floor":36,"gold_loss":0},{"damage_healed":0,"gold_gain":0,"player_choice":"Memory 3","damage_taken":10,"max_hp_gain":0,"max_hp_loss":0,"event_name":"SensoryStone","floor":38,"gold_loss":0},{"cards_removed":["Strike_B"],"damage_healed":0,"gold_gain":0,"player_choice":"Removed Attack","damage_taken":0,"max_hp_gain":0,"max_hp_loss":0,"event_name":"Falling","floor":47,"gold_loss":0}],"is_beta":false,"boss_relics":[{"not_picked":["Calling Bell","White Beast Statue"],"picked":"Velvet Choker"},{"not_picked":["Black Star","Orrery"],"picked":"Sozu"}],"items_purged_floors":[14,42],"is_endless":false,"potions_floor_spawned":[1,3,6,8,16,19,24,25,30,31,35,37,39,48],"killed_by":"Shield and Spear","ascension_level":4}