{"gold_per_floor":[216,216,216,40,40,59,112,112,112,112,156,156,179,204,204,333,333,358,358,370,383,131,131],"floor_reached":23,"playtime":2806,"items_purged":["Injury"],"score":217,"play_id":"14de641b-4620-4ea0-a906-35174c27b337","local_time":"20190917001126","is_ascension_mode":true,"campfire_choices":[{"data":"Night Terror","floor":8,"key":"SMITH"},{"data":"Deadly Poison","floor":10,"key":"SMITH"},{"floor":15,"key":"REST"}],"neow_cost":"NONE","seed_source_timestamp":17112984160562,"circlet_count":0,"master_deck":["Strike_G","Strike_G","Strike_G","Strike_G","Defend_G","Defend_G","Defend_G","Defend_G","Defend_G","Survivor","Neutralize+1","Deadly Poison+1","Night Terror+1","Dagger Spray","Cloak And Dagger+1","PiercingWail","After Image","Dagger Spray+1","Die Die Die","Caltrops"],"relics":["Ring of the Snake","Blood Vial","Question Card","Ornamental Fan","Velvet Choker","Nloth\u0027s Gift"],"potions_floor_usage":[11,11,20,21,23,23,23],"damage_taken":[{"damage":5,"enemies":"2 Louse","floor":1,"turns":3},{"damage":1,"enemies":"Jaw Worm","floor":6,"turns":4},{"damage":21,"enemies":"3 Sentries","floor":11,"turns":10},{"damage":0,"enemies":"Small Slimes","floor":13,"turns":3},{"damage":0,"enemies":"Looter","floor":14,"turns":3},{"damage":31,"enemies":"The Guardian","floor":16,"turns":10},{"damage":22,"enemies":"Chosen","floor":18,"turns":5},{"damage":0,"enemies":"3 Byrds","floor":20,"turns":5},{"damage":27,"enemies":"Shelled Parasite and Fungi","floor":21,"turns":7},{"damage":38,"enemies":"Gremlin Leader","floor":23,"turns":6}],"seed_played":"-9165379498835287367","potions_obtained":[{"floor":1,"key":"SpeedPotion"},{"floor":6,"key":"Ancient Potion"},{"floor":16,"key":"Explosive Potion"},{"floor":18,"key":"EssenceOfSteel"}],"is_trial":false,"path_per_floor":["M","?","?","$","?","M","T","R","T","R","E","?","M","M","R","B",null,"M","?","M","M","$","E"],"character_chosen":"THE_SILENT","items_purchased":["Night Terror","Dagger Spray","EntropicBrew","Caltrops"],"campfire_rested":1,"item_purchase_floors":[4,4,22,22],"current_hp_per_floor":[65,70,70,70,63,62,62,62,62,62,43,28,30,32,54,25,75,53,53,55,30,30,0],"gold":131,"neow_bonus":"HUNDRED_GOLD","is_prod":false,"is_daily":false,"chose_seed":false,"campfire_upgraded":2,"win_rate":0,"timestamp":1568693486,"path_taken":["M","?","?","$","?","M","?","R","T","R","E","?","M","M","R","BOSS","M","?","M","?","?","E"],"build_version":"2019-07-17","purchased_purges":1,"victory":false,"max_hp_per_floor":[70,75,75,75,75,75,75,75,75,75,75,75,75,75,75,75,75,75,75,75,75,75,75],"card_choices":[{"not_picked":["Masterful Stab","Flechettes"],"picked":"Deadly Poison","floor":1},{"not_picked":["Blade Dance","Infinite Blades","Outmaneuver"],"picked":"SKIP","floor":6},{"not_picked":["Dagger Throw","Setup","Predator"],"picked":"Cloak And Dagger","floor":11},{"not_picked":["Blade Dance","Flying Knee","Dagger Spray"],"picked":"PiercingWail","floor":13},{"not_picked":["Deadly Poison","Slice","Blade Dance","Accuracy"],"picked":"SKIP","floor":14},{"not_picked":["Malaise","Tools of the Trade","Storm of Steel"],"picked":"After Image","floor":16},{"not_picked":["Cloak And Dagger+1","Dagger Spray","Heel Hook","Dagger Throw"],"picked":"SKIP","floor":18},{"not_picked":["Flying Knee","Tactician","Poisoned Stab"],"picked":"Dagger Spray+1","floor":20},{"not_picked":["Sucker Punch+1","Deadly Poison+1","Dagger Spray"],"picked":"Die Die Die","floor":21}],"player_experience":334411,"relics_obtained":[{"floor":7,"key":"Blood Vial"},{"floor":9,"key":"Question Card"},{"floor":11,"key":"Ornamental Fan"}],"event_choices":[{"damage_healed":0,"gold_gain":0,"player_choice":"Donut","damage_taken":0,"max_hp_gain":5,"max_hp_loss":0,"event_name":"Big Fish","floor":2,"gold_loss":0},{"damage_healed":0,"gold_gain":0,"player_choice":"Take Wound","damage_taken":0,"relics_obtained":["Golden Idol"],"max_hp_gain":0,"max_hp_loss":0,"event_name":"Golden Idol","floor":3,"gold_loss":0,"cards_obtained":["Injury"]},{"cards_removed":["Strike_G"],"damage_healed":0,"gold_gain":0,"player_choice":"Card Removal","damage_taken":7,"max_hp_gain":0,"max_hp_loss":0,"event_name":"Golden Wing","floor":5,"gold_loss":0},{"damage_healed":0,"gold_gain":0,"player_choice":"Entered Light","damage_taken":15,"max_hp_gain":0,"max_hp_loss":0,"event_name":"Shining Light","floor":12,"gold_loss":0,"cards_upgraded":["Neutralize","Cloak And Dagger"]},{"damage_healed":0,"gold_gain":0,"player_choice":"Traded Relic","damage_taken":0,"relics_obtained":["Nloth\u0027s Gift"],"max_hp_gain":0,"max_hp_loss":0,"event_name":"N\u0027loth","floor":19,"relics_lost":["Golden Idol"],"gold_loss":0}],"is_beta":false,"boss_relics":[{"not_picked":["Orrery","Runic Dome"],"picked":"Velvet Choker"}],"items_purged_floors":[22],"is_endless":false,"potions_floor_spawned":[1,6,16,18],"killed_by":"Gremlin Leader","ascension_level":3}