{"gold_per_floor":[10,27,38,55,73,73,104,104,104,104,3,21,21,96,96,197,197,213,229,229,243,25,25,52,52,77,77,88,88,98,113,113,209,209,225,270,280,294,312,312,345,345,345,345,345,345,363,375,375,375],"floor_reached":51,"playtime":5467,"items_purged":["Strike_R","Strike_R"],"score":701,"play_id":"ab79c4a4-db45-49c1-ab5d-97c75e1c7013","local_time":"20191020115309","is_ascension_mode":false,"campfire_choices":[{"floor":6,"key":"DIG"},{"floor":10,"key":"DIG"},{"data":"Armaments","floor":13,"key":"SMITH"},{"floor":15,"key":"DIG"},{"data":"Apotheosis","floor":23,"key":"SMITH"},{"floor":25,"key":"DIG"},{"floor":27,"key":"DIG"},{"floor":29,"key":"DIG"},{"floor":32,"key":"DIG"},{"floor":40,"key":"DIG"},{"floor":42,"key":"DIG"},{"floor":44,"key":"DIG"},{"floor":49,"key":"DIG"}],"neow_cost":"NO_GOLD","seed_source_timestamp":770507183652947,"circlet_count":0,"master_deck":["Strike_R","Strike_R","Defend_R","Defend_R","Defend_R","Defend_R","Bash","Cleave","Iron Wave","Rage","Metallicize","Carnage","Pummel","Armaments+1","Spot Weakness+1","Feed","Thunderclap","Flame Barrier","Battle Trance","Shrug It Off","Apotheosis+1","True Grit+1","Immolate","Reaper","Feel No Pain+1","Infernal Blade+1","Disarm+1","Disarm+1"],"relics":["Black Blood","Shovel","Blood Vial","Kunai","Pantograph","Sundial","Smiling Mask","The Courier","Toxic Egg 2","Lantern","Art of War","Juzu Bracelet","Strawberry","Philosopher\u0027s Stone","Mango","Bag of Preparation","Pear","Mercury Hourglass","Paper Frog","Vajra","Mummified Hand","Self Forming Clay"],"potions_floor_usage":[4,12,16,21,24,28,33,37,50],"damage_taken":[{"damage":6,"enemies":"Cultist","floor":1,"turns":3},{"damage":6,"enemies":"2 Louse","floor":2,"turns":3},{"damage":6,"enemies":"Jaw Worm","floor":3,"turns":3},{"damage":5,"enemies":"Exordium Wildlife","floor":4,"turns":4},{"damage":5,"enemies":"Exordium Thugs","floor":5,"turns":4},{"damage":21,"enemies":"Gremlin Nob","floor":7,"turns":5},{"damage":7,"enemies":"Large Slime","floor":12,"turns":4},{"damage":3,"enemies":"Slime Boss","floor":16,"turns":8},{"damage":26,"enemies":"Spheric Guardian","floor":18,"turns":6},{"damage":16,"enemies":"Shell Parasite","floor":19,"turns":7},{"damage":8,"enemies":"Centurion and Healer","floor":21,"turns":9},{"damage":34,"enemies":"Slavers","floor":24,"turns":4},{"damage":7,"enemies":"Sentry and Sphere","floor":28,"turns":4},{"damage":2,"enemies":"Cultist and Chosen","floor":30,"turns":6},{"damage":24,"enemies":"Snake Plant","floor":31,"turns":9},{"damage":81,"enemies":"Collector","floor":33,"turns":14},{"damage":11,"enemies":"Orb Walker","floor":35,"turns":4},{"damage":49,"enemies":"2 Orb Walkers","floor":36,"turns":6},{"damage":11,"enemies":"3 Darklings","floor":37,"turns":4},{"damage":13,"enemies":"Spire Growth","floor":38,"turns":6},{"damage":38,"enemies":"Maw","floor":39,"turns":9},{"damage":12,"enemies":"Reptomancer","floor":41,"turns":5},{"damage":3,"enemies":"Transient","floor":47,"turns":5},{"damage":13,"enemies":"Spire Growth","floor":48,"turns":5},{"damage":50,"enemies":"Donu and Deca","floor":50,"turns":9}],"seed_played":"-4489197621450649289","potions_obtained":[{"floor":3,"key":"Energy Potion"},{"floor":7,"key":"Energy Potion"},{"floor":12,"key":"AttackPotion"},{"floor":16,"key":"Fire Potion"},{"floor":21,"key":"Strength Potion"},{"floor":24,"key":"AttackPotion"},{"floor":28,"key":"GamblersBrew"},{"floor":35,"key":"Poison Potion"},{"floor":39,"key":"SteroidPotion"},{"floor":47,"key":"SpeedPotion"},{"floor":48,"key":"PowerPotion"}],"is_trial":false,"path_per_floor":["M","M","M","M","M","R","E","?","T","R","$","M","R","?","R","B",null,"M","M","?","M","$","R","E","R","T","R","M","R","M","M","R","B",null,"M","?","M","M","M","R","E","R","T","R","?","?","M","M","R","B",null],"character_chosen":"IRONCLAD","items_purchased":["Armaments","Apotheosis"],"campfire_rested":0,"item_purchase_floors":[11,22],"current_hp_per_floor":[80,80,80,80,80,80,65,65,65,65,65,66,66,55,55,80,80,68,68,68,72,72,72,50,50,50,50,55,55,69,61,68,24,103,102,78,88,92,78,78,88,88,88,88,88,88,97,102,102,113],"gold":375,"neow_bonus":"ONE_RARE_RELIC","is_prod":false,"is_daily":false,"chose_seed":false,"campfire_upgraded":2,"win_rate":0,"timestamp":1571586789,"path_taken":["M","?","M","M","M","R","E","?","T","R","$","M","R","?","R","BOSS","M","M","?","M","$","R","E","R","T","R","M","R","M","M","R","BOSS","M","?","M","M","M","R","E","R","T","R","?","?","M","M","R","BOSS"],"build_version":"2019-07-17","purchased_purges":2,"victory":true,"max_hp_per_floor":[80,80,80,80,80,80,80,80,80,80,80,80,80,80,80,80,80,84,88,88,88,88,88,88,88,88,88,88,88,92,96,103,103,103,103,117,117,117,121,121,131,131,131,131,131,131,131,131,131,131],"card_choices":[{"not_picked":["Dropkick","Body Slam"],"picked":"Cleave","floor":1},{"not_picked":["Twin Strike","Blood for Blood"],"picked":"Iron Wave","floor":2},{"not_picked":["Sword Boomerang","Cleave","Uppercut"],"picked":"SKIP","floor":3},{"not_picked":["Clash","Sword Boomerang"],"picked":"Rage","floor":4},{"not_picked":["Clothesline","Seeing Red"],"picked":"Metallicize","floor":5},{"not_picked":["Havoc","Wild Strike"],"picked":"Carnage","floor":7},{"not_picked":["Metallicize","Clothesline"],"picked":"Spot Weakness","floor":12},{"not_picked":["Offering","Bludgeon"],"picked":"Feed","floor":16},{"not_picked":["Headbutt","Evolve"],"picked":"Thunderclap","floor":18},{"not_picked":["Armaments","Thunderclap+1"],"picked":"Flame Barrier","floor":19},{"not_picked":["Infernal Blade+1","Warcry+1"],"picked":"Shrug It Off","floor":21},{"not_picked":["Pommel Strike","Warcry"],"picked":"Evolve","floor":24},{"not_picked":["Dual Wield+1","Metallicize+1","Thunderclap"],"picked":"SKIP","floor":28},{"not_picked":["Combust","Twin Strike"],"picked":"True Grit+1","floor":30},{"not_picked":["Sword Boomerang","Rampage"],"picked":"Immolate","floor":31},{"not_picked":["Exhume+1","Feed"],"picked":"Reaper","floor":33},{"not_picked":["Wild Strike","Anger+1"],"picked":"Feel No Pain+1","floor":35},{"not_picked":["Iron Wave+1","Hemokinesis+1"],"picked":"Infernal Blade+1","floor":37},{"not_picked":["Wild Strike","Pommel Strike"],"picked":"Disarm+1","floor":38},{"not_picked":["Heavy Blade","Burning Pact+1"],"picked":"Disarm+1","floor":39},{"not_picked":["Fire Breathing","Pommel Strike+1","Iron Wave"],"picked":"SKIP","floor":41},{"not_picked":["Iron Wave+1","Wild Strike+1","Searing Blow+1"],"picked":"SKIP","floor":47},{"not_picked":["Power Through+1","Sword Boomerang+1","Searing Blow"],"picked":"SKIP","floor":48}],"player_experience":628582,"relics_obtained":[{"floor":6,"key":"Blood Vial"},{"floor":7,"key":"Kunai"},{"floor":9,"key":"Pantograph"},{"floor":10,"key":"Sundial"},{"floor":15,"key":"Smiling Mask"},{"floor":24,"key":"The Courier"},{"floor":25,"key":"Toxic Egg 2"},{"floor":26,"key":"Lantern"},{"floor":27,"key":"Art of War"},{"floor":29,"key":"Juzu Bracelet"},{"floor":32,"key":"Strawberry"},{"floor":36,"key":"Mango"},{"floor":40,"key":"Bag of Preparation"},{"floor":41,"key":"Pear"},{"floor":42,"key":"Mercury Hourglass"},{"floor":43,"key":"Paper Frog"},{"floor":44,"key":"Vajra"},{"floor":49,"key":"Self Forming Clay"}],"event_choices":[{"damage_healed":0,"gold_gain":0,"cards_transformed":["Strike_R"],"player_choice":"Change","damage_taken":0,"max_hp_gain":0,"max_hp_loss":0,"event_name":"Living Wall","floor":8,"gold_loss":0,"cards_obtained":["Pummel"]},{"damage_healed":0,"gold_gain":75,"player_choice":"Gather Gold","damage_taken":11,"max_hp_gain":0,"max_hp_loss":0,"event_name":"World of Goop","floor":14,"gold_loss":0},{"damage_healed":0,"gold_gain":0,"player_choice":"Read","damage_taken":0,"max_hp_gain":0,"max_hp_loss":0,"event_name":"The Library","floor":20,"gold_loss":0,"cards_obtained":["Battle Trance"]},{"damage_healed":0,"gold_gain":0,"player_choice":"Fight","damage_taken":0,"max_hp_gain":0,"max_hp_loss":0,"event_name":"Mysterious Sphere","floor":36,"gold_loss":0},{"cards_removed":["Evolve"],"damage_healed":0,"gold_gain":0,"player_choice":"Gave Card","damage_taken":0,"relics_obtained":["Mummified Hand"],"max_hp_gain":0,"max_hp_loss":0,"event_name":"WeMeetAgain","floor":45,"gold_loss":0},{"damage_healed":0,"gold_gain":0,"player_choice":"Forge","damage_taken":0,"max_hp_gain":0,"max_hp_loss":0,"event_name":"Accursed Blacksmith","floor":46,"gold_loss":0,"cards_upgraded":["Spot Weakness"]}],"is_beta":false,"boss_relics":[{"not_picked":["Calling Bell","Snecko Eye"],"picked":"Black Blood"},{"not_picked":["Eternal Feather","Black Star"],"picked":"Philosopher\u0027s Stone"}],"items_purged_floors":[11,22],"is_endless":false,"potions_floor_spawned":[3,7,12,16,21,24,28,35,39,47,48],"ascension_level":0}