{"gold_per_floor":[114,129,129,204,204,204,219,19,19,0,15,30,30,45,45,145,145,160,10,25,40,0,0,30,30,55,55,55,70,70,85,85,185,185,200,200],"floor_reached":36,"playtime":6115,"items_purged":[],"score":374,"play_id":"aaa2bec7-4491-4ce7-ac4e-291f0b1fb8ba","local_time":"20191013083153","daily_mods":["Allstar","Diverse","Night Terrors"],"is_ascension_mode":false,"campfire_choices":[{"floor":6,"key":"REST"},{"data":"Mind Blast","floor":13,"key":"SMITH"},{"data":"Crippling Poison","floor":15,"key":"SMITH"},{"data":"Chrysalis","floor":23,"key":"SMITH"},{"floor":25,"key":"REST"},{"data":"Infinite Blades","floor":30,"key":"SMITH"},{"floor":32,"key":"REST"}],"neow_cost":"","seed_source_timestamp":138648738255300,"circlet_count":0,"master_deck":["Strike_R+1","Strike_R","Strike_R+1","Defend_R","Defend_R","Defend_R+1","Bash+1","Dark Shackles","Chrysalis+1","Mind Blast+1","Deep Breath","Discovery","Backflip","Bouncing Flask","Infinite Blades+1","Crippling Poison+1","Accuracy","Leap","Hologram","Burst","Bane+1","Rip and Tear+1","Power Through","Second Wind","Storm+1","Heatsinks+1","Demon Form+1","Thunder Strike+1","Berserk+1","Doom and Gloom+1","Uppercut"],"special_seed":18182,"relics":["Burning Blood","Toolbox","Gremlin Horn","Busted Crown","Whetstone","Frozen Egg 2","Smiling Mask","Astrolabe"],"potions_floor_usage":[],"damage_taken":[{"damage":4,"enemies":"Small Slimes","floor":1,"turns":5},{"damage":0,"enemies":"2 Louse","floor":2,"turns":4},{"damage":3,"enemies":"Jaw Worm","floor":7,"turns":5},{"damage":1,"enemies":"Looter","floor":10,"turns":4},{"damage":9,"enemies":"Blue Slaver","floor":11,"turns":4},{"damage":12,"enemies":"3 Louse","floor":12,"turns":3},{"damage":4,"enemies":"2 Fungi Beasts","floor":14,"turns":4},{"damage":23,"enemies":"The Guardian","floor":16,"turns":11},{"damage":0,"enemies":"Shell Parasite","floor":18,"turns":4},{"damage":12,"enemies":"3 Byrds","floor":20,"turns":4},{"damage":4,"enemies":"Centurion and Healer","floor":21,"turns":5},{"damage":59,"enemies":"Gremlin Leader","floor":24,"turns":8},{"damage":21,"enemies":"Snake Plant","floor":29,"turns":3},{"damage":1,"enemies":"Snecko","floor":31,"turns":5},{"damage":54,"enemies":"Collector","floor":33,"turns":7},{"damage":44,"enemies":"3 Darklings","floor":35,"turns":6}],"seed_played":"4351016209930641071","potions_obtained":[{"floor":2,"key":"PowerPotion"},{"floor":7,"key":"LiquidBronze"},{"floor":14,"key":"AttackPotion"}],"is_trial":false,"path_per_floor":["M","M","?","?","?","R","M","$","T","M","M","M","R","M","R","B",null,"M","$","M","M","?","R","E","R","T","?","?","M","R","M","R","B",null,"M","M"],"character_chosen":"IRONCLAD","items_purchased":["Toolbox","Whetstone"],"campfire_rested":3,"item_purchase_floors":[8,19],"current_hp_per_floor":[80,80,80,69,53,75,75,75,75,75,72,66,66,68,68,51,75,75,75,69,71,71,71,18,70,70,70,70,55,55,60,65,17,65,27,0],"gold":200,"neow_bonus":"","is_prod":false,"is_daily":true,"chose_seed":false,"campfire_upgraded":4,"win_rate":0.0,"timestamp":1570969913,"path_taken":["M","M","?","?","?","R","?","$","T","M","M","M","R","M","R","BOSS","M","$","M","M","?","R","E","R","T","?","?","M","R","M","R","BOSS","M","M"],"build_version":"2019-07-17","purchased_purges":0,"victory":false,"max_hp_per_floor":[80,80,80,80,80,75,75,75,75,75,75,75,75,75,75,75,75,75,75,75,75,75,75,75,70,70,70,70,70,70,70,65,65,65,65,65],"card_choices":[{"not_picked":["Body Slam","Dagger Throw"],"picked":"Backflip","floor":1},{"not_picked":["Body Slam","Stack"],"picked":"Bouncing Flask","floor":2},{"not_picked":["Havoc","Barrage"],"picked":"Infinite Blades","floor":7},{"not_picked":["Footwork","Heel Hook"],"picked":"Crippling Poison","floor":10},{"not_picked":["Poisoned Stab","Hemokinesis"],"picked":"Accuracy","floor":11},{"not_picked":["Beam Cell","Spot Weakness"],"picked":"Leap","floor":12},{"not_picked":["Catalyst","Hello World"],"picked":"Hologram","floor":14},{"not_picked":["Glass Knife","Demon Form"],"picked":"Burst","floor":16},{"not_picked":[],"picked":"Bane+1","floor":18},{"not_picked":[],"picked":"Rip and Tear+1","floor":20},{"not_picked":[],"picked":"Power Through","floor":21},{"not_picked":[],"picked":"Second Wind","floor":24},{"not_picked":[],"picked":"Storm+1","floor":29},{"not_picked":[],"picked":"Heatsinks+1","floor":31},{"not_picked":[],"picked":"Demon Form+1","floor":33},{"not_picked":[],"picked":"Uppercut","floor":35}],"player_experience":10449,"relics_obtained":[{"floor":9,"key":"Gremlin Horn"},{"floor":24,"key":"Frozen Egg 2"},{"floor":26,"key":"Smiling Mask"}],"event_choices":[{"damage_healed":0,"gold_gain":0,"player_choice":"Ignored","damage_taken":0,"max_hp_gain":0,"max_hp_loss":0,"event_name":"Golden Wing","floor":3,"gold_loss":0},{"damage_healed":0,"gold_gain":75,"player_choice":"Gather Gold","damage_taken":11,"max_hp_gain":0,"max_hp_loss":0,"event_name":"World of Goop","floor":4,"gold_loss":0},{"damage_healed":0,"gold_gain":0,"player_choice":"Entered Light","damage_taken":16,"max_hp_gain":0,"max_hp_loss":0,"event_name":"Shining Light","floor":5,"gold_loss":0,"cards_upgraded":["Defend_R","Strike_R"]},{"damage_healed":0,"gold_gain":0,"player_choice":"Paid Fearfully","damage_taken":0,"max_hp_gain":0,"max_hp_loss":0,"event_name":"Masked Bandits","floor":22,"gold_loss":40},{"damage_healed":0,"gold_gain":0,"player_choice":"Ignored","damage_taken":0,"max_hp_gain":0,"max_hp_loss":0,"event_name":"Ghosts","floor":28,"gold_loss":0}],"is_beta":false,"boss_relics":[{"not_picked":["Snecko Eye","Sozu"],"picked":"Busted Crown"},{"not_picked":["Mark of Pain","Eternal Feather"],"picked":"Astrolabe"}],"items_purged_floors":[],"is_endless":false,"potions_floor_spawned":[2,7,14,21,24,29],"killed_by":"3 Shapes","ascension_level":0}