{"gold_per_floor":[113,74,84,84,9,9,44,59,59,59,75,75,92,120,120,218,218,238,238,238,27,27,27,56,56,82,101,112,130,130,143,143,240,240,252,252,252,20,37,37,52,86,86,86,99,112,112,159,159,159],"floor_reached":50,"playtime":6325,"items_purged":["Strike_G","Injury"],"score":733,"play_id":"b5d85bba-8bde-4f5d-ab4d-d6be15d8cfbe","local_time":"20191018002714","is_ascension_mode":true,"campfire_choices":[{"data":"Noxious Fumes","floor":6,"key":"SMITH"},{"floor":12,"key":"REST"},{"floor":15,"key":"REST"},{"data":"A Thousand Cuts","floor":23,"key":"SMITH"},{"data":"Footwork","floor":25,"key":"SMITH"},{"data":"Bouncing Flask","floor":30,"key":"SMITH"},{"data":"Ghostly","floor":32,"key":"SMITH"},{"data":"Noxious Fumes","floor":40,"key":"SMITH"},{"data":"Wraith Form v2","floor":44,"key":"SMITH"},{"data":"Crippling Poison","floor":47,"key":"SMITH"},{"floor":49,"key":"REST"}],"neow_cost":"NONE","seed_source_timestamp":685315633496081,"circlet_count":0,"master_deck":["Strike_G+1","Defend_G","Defend_G","Defend_G","Defend_G","Survivor","Neutralize+1","Deadly Poison+1","Crippling Poison+1","Dagger Spray","Noxious Fumes+1","Footwork+1","Leg Sweep+1","Corpse Explosion","A Thousand Cuts+1","Well Laid Plans+1","Necronomicurse","Panache","Leg Sweep","Ghostly+1","Ghostly","Ghostly+1","Ghostly","Ghostly","Catalyst+1","Bouncing Flask+1","Heel Hook+1","Predator+1","Wraith Form v2+1","Choke+1","Poisoned Stab+1","Grand Finale+1","Terror+1","Madness","Madness","Noxious Fumes+1","Regret","PiercingWail"],"relics":["Ring of the Snake","Bird Faced Urn","Mango","Vajra","Cursed Key","Necronomicon","War Paint","Smiling Mask","Astrolabe","Bronze Scales","Singing Bowl","The Specimen"],"potions_floor_usage":[11,13,16,33,35,42,45,50,50],"damage_taken":[{"damage":0,"enemies":"2 Louse","floor":1,"turns":3},{"damage":1,"enemies":"Jaw Worm","floor":3,"turns":4},{"damage":26,"enemies":"3 Sentries","floor":7,"turns":6},{"damage":11,"enemies":"Small Slimes","floor":8,"turns":3},{"damage":5,"enemies":"3 Louse","floor":11,"turns":2},{"damage":14,"enemies":"Exordium Wildlife","floor":13,"turns":4},{"damage":16,"enemies":"Gremlin Nob","floor":14,"turns":5},{"damage":2,"enemies":"Hexaghost","floor":16,"turns":9},{"damage":14,"enemies":"2 Thieves","floor":18,"turns":2},{"damage":6,"enemies":"Book of Stabbing","floor":24,"turns":8},{"damage":6,"enemies":"Chosen","floor":27,"turns":5},{"damage":3,"enemies":"3 Cultists","floor":28,"turns":5},{"damage":6,"enemies":"Snake Plant","floor":29,"turns":4},{"damage":3,"enemies":"Shelled Parasite and Fungi","floor":31,"turns":5},{"damage":4,"enemies":"Automaton","floor":33,"turns":8},{"damage":0,"enemies":"3 Darklings","floor":35,"turns":3},{"damage":1,"enemies":"3 Shapes","floor":39,"turns":3},{"damage":1,"enemies":"Maw","floor":41,"turns":5},{"damage":22,"enemies":"Giant Head","floor":42,"turns":8},{"damage":14,"enemies":"Writhing Mass","floor":45,"turns":5},{"damage":4,"enemies":"Sphere and 2 Shapes","floor":46,"turns":5},{"damage":7,"enemies":"2 Orb Walkers","floor":48,"turns":5},{"damage":55,"enemies":"Awakened One","floor":50,"turns":11}],"seed_played":"-9075259005807551194","potions_obtained":[{"floor":8,"key":"Strength Potion"},{"floor":11,"key":"PowerPotion"},{"floor":14,"key":"Block Potion"},{"floor":27,"key":"Block Potion"},{"floor":28,"key":"GamblersBrew"},{"floor":29,"key":"Block Potion"},{"floor":39,"key":"Dexterity Potion"},{"floor":45,"key":"Block Potion"},{"floor":48,"key":"Dexterity Potion"}],"is_trial":false,"path_per_floor":["M","$","M","?","$","R","E","M","T","?","M","R","M","E","R","B",null,"M","?","?","$","?","R","E","R","T","M","M","M","R","M","R","B",null,"M","?","?","$","M","R","M","E","T","R","M","M","R","?","R","B"],"character_chosen":"THE_SILENT","items_purchased":["Crippling Poison","Panache","Leg Sweep","Noxious Fumes","Bronze Scales"],"campfire_rested":3,"item_purchase_floors":[2,21,21,38,38],"current_hp_per_floor":[63,63,62,62,62,62,36,29,43,26,21,46,38,26,51,53,76,62,46,30,30,30,30,34,34,34,38,43,42,42,44,44,44,44,44,44,38,38,39,39,44,28,28,28,20,28,28,25,40,0],"gold":159,"neow_bonus":"UPGRADE_CARD","is_prod":false,"is_daily":false,"chose_seed":false,"campfire_upgraded":8,"win_rate":0,"timestamp":1571372834,"path_taken":["M","$","M","?","$","R","E","M","T","?","M","R","M","E","R","BOSS","M","?","?","$","?","R","E","R","T","M","M","?","R","M","R","BOSS","M","?","?","$","M","R","M","E","T","R","?","M","R","?","R","BOSS"],"build_version":"2019-07-17","purchased_purges":2,"victory":false,"max_hp_per_floor":[70,70,70,70,70,70,70,70,84,84,84,84,84,84,84,84,84,84,84,89,89,44,44,44,44,44,44,44,44,44,44,44,44,44,44,44,44,44,44,44,44,46,46,46,48,50,50,50,50,50],"card_choices":[{"not_picked":["Poisoned Stab","Dagger Throw"],"picked":"Deadly Poison","floor":1},{"not_picked":["Riddle With Holes","Crippling Poison"],"picked":"Dagger Spray","floor":3},{"not_picked":["Acrobatics","Prepared"],"picked":"Footwork","floor":7},{"not_picked":["Deflect","All Out Attack"],"picked":"Leg Sweep","floor":8},{"not_picked":["Acrobatics","Predator"],"picked":"Corpse Explosion","floor":11},{"not_picked":["Finisher","Acrobatics","Quick Slash"],"picked":"SKIP","floor":13},{"not_picked":["Dagger Throw","Quick Slash","Endless Agony"],"picked":"SKIP","floor":14},{"not_picked":["Corpse Explosion","Venomology"],"picked":"A Thousand Cuts","floor":16},{"not_picked":["Underhanded Strike","Prepared"],"picked":"Well Laid Plans+1","floor":18},{"not_picked":["Quick Slash","Accuracy+1"],"picked":"Catalyst+1","floor":24},{"not_picked":["Dodge and Roll","Underhanded Strike"],"picked":"Bouncing Flask","floor":27},{"not_picked":["Accuracy","Acrobatics"],"picked":"Heel Hook+1","floor":28},{"not_picked":["PiercingWail","Flying Knee"],"picked":"Predator+1","floor":29},{"not_picked":["Dash","Dagger Spray","Dagger Throw+1"],"picked":"SKIP","floor":31},{"not_picked":["Adrenaline","Malaise"],"picked":"Wraith Form v2","floor":33},{"not_picked":["Flying Knee","Tactician+1"],"picked":"Terror+1","floor":35},{"not_picked":["Flying Knee+1","Underhanded Strike+1","Slice+1"],"picked":"SKIP","floor":39},{"not_picked":["Flying Knee+1","Underhanded Strike+1","Slice+1"],"picked":"SKIP","floor":39},{"not_picked":["Distraction","Tactician+1","Eviscerate"],"picked":"SKIP","floor":41},{"not_picked":["Dagger Throw","Masterful Stab","Leg Sweep"],"picked":"Singing Bowl","floor":42},{"not_picked":["Prepared","Slice","Calculated Gamble"],"picked":"Singing Bowl","floor":45},{"not_picked":["Underhanded Strike+1","Finisher+1","Reflex+1"],"picked":"Singing Bowl","floor":46},{"not_picked":["Slice","Deadly Poison+1"],"picked":"PiercingWail","floor":48}],"player_experience":578035,"relics_obtained":[{"floor":7,"key":"Bird Faced Urn"},{"floor":9,"key":"Mango"},{"floor":14,"key":"Vajra"},{"floor":19,"key":"Necronomicon"},{"floor":24,"key":"War Paint"},{"floor":26,"key":"Smiling Mask"},{"floor":42,"key":"Singing Bowl"},{"floor":48,"key":"The Specimen"}],"event_choices":[{"damage_healed":0,"gold_gain":0,"cards_transformed":["Strike_G"],"player_choice":"Change","damage_taken":0,"max_hp_gain":0,"max_hp_loss":0,"event_name":"Living Wall","floor":4,"gold_loss":0,"cards_obtained":["Noxious Fumes"]},{"damage_healed":0,"gold_gain":0,"player_choice":"Entered Light","damage_taken":17,"max_hp_gain":0,"max_hp_loss":0,"event_name":"Shining Light","floor":10,"gold_loss":0,"cards_upgraded":["Leg Sweep","Strike_G"]},{"damage_healed":0,"gold_gain":0,"player_choice":"Obtained Book","damage_taken":16,"max_hp_gain":0,"max_hp_loss":0,"event_name":"Cursed Tome","floor":19,"gold_loss":0},{"damage_healed":0,"gold_gain":0,"player_choice":"Shed Blood","damage_taken":21,"max_hp_gain":5,"max_hp_loss":0,"event_name":"Forgotten Altar","floor":20,"gold_loss":0},{"damage_healed":0,"gold_gain":0,"player_choice":"Became a Ghost","damage_taken":0,"max_hp_gain":0,"max_hp_loss":45,"event_name":"Ghosts","floor":22,"gold_loss":0,"cards_obtained":["Ghostly","Ghostly","Ghostly","Ghostly","Ghostly"]},{"damage_healed":0,"gold_gain":0,"player_choice":"Ignored","damage_taken":0,"max_hp_gain":0,"max_hp_loss":0,"event_name":"Tomb of Lord Red Mask","floor":36,"gold_loss":0},{"damage_healed":0,"gold_gain":0,"player_choice":"Embrace Madness","damage_taken":6,"max_hp_gain":0,"max_hp_loss":0,"event_name":"Winding Halls","floor":37,"gold_loss":0,"cards_obtained":["Madness","Madness"]},{"damage_healed":0,"gold_gain":0,"player_choice":"Fight","damage_taken":0,"max_hp_gain":0,"max_hp_loss":0,"event_name":"Mysterious Sphere","floor":48,"gold_loss":0}],"is_beta":false,"boss_relics":[{"not_picked":["Eternal Feather","Ring of the Serpent"],"picked":"Cursed Key"},{"not_picked":["Pandora\u0027s Box","Empty Cage"],"picked":"Astrolabe"}],"items_purged_floors":[5,38],"is_endless":false,"potions_floor_spawned":[8,11,14,27,28,29,39,45,48],"killed_by":"Awakened One","ascension_level":6}