{"gold_per_floor":[114,128,147,63,82,82,115,126,126,51,51,65,65,80,80,175,175,193,193,293,313,328,358,358,393,467,492,492,507,507],"floor_reached":30,"playtime":3311,"items_purged":["Strike_G"],"score":502,"play_id":"c55760f2-24a9-42d0-b8fc-1d446681fcd8","local_time":"20191017224135","is_ascension_mode":true,"campfire_choices":[{"data":"Glass Knife","floor":6,"key":"SMITH"},{"data":"Bandage Up","floor":11,"key":"SMITH"},{"data":"Corpse Explosion","floor":13,"key":"SMITH"},{"data":"All Out Attack","floor":15,"key":"SMITH"},{"floor":24,"key":"REST"}],"neow_cost":"NONE","seed_source_timestamp":681991150209466,"circlet_count":0,"master_deck":["Defend_G","Defend_G","Defend_G","Defend_G","Defend_G","Survivor","Neutralize","Glass Knife+1","All Out Attack+1","Backflip","Deadly Poison","Bandage Up+1","Caltrops","Burst","Corpse Explosion+1","Dagger Spray","Malaise","Blade Dance","Bite","Bite","Bite","Bite","Bite","Backflip","Dodge and Roll","Dodge and Roll","PiercingWail","Necronomicurse","Flying Knee"],"relics":["Ring of the Serpent","Bronze Scales","Ninja Scroll","Boot","Ice Cream","The Courier","Blood Vial","Necronomicon"],"potions_floor_usage":[2,7,16,18,21,25,29],"damage_taken":[{"damage":0,"enemies":"2 Louse","floor":1,"turns":2},{"damage":6,"enemies":"Small Slimes","floor":2,"turns":2},{"damage":0,"enemies":"Cultist","floor":3,"turns":3},{"damage":4,"enemies":"Blue Slaver","floor":5,"turns":3},{"damage":25,"enemies":"Lagavulin","floor":7,"turns":6},{"damage":8,"enemies":"Exordium Thugs","floor":8,"turns":5},{"damage":3,"enemies":"Gremlin Gang","floor":12,"turns":3},{"damage":0,"enemies":"3 Louse","floor":14,"turns":2},{"damage":0,"enemies":"Slime Boss","floor":16,"turns":5},{"damage":0,"enemies":"3 Byrds","floor":18,"turns":3},{"damage":7,"enemies":"2 Thieves","floor":21,"turns":2},{"damage":21,"enemies":"Centurion and Healer","floor":22,"turns":4},{"damage":36,"enemies":"Slavers","floor":23,"turns":3},{"damage":0,"enemies":"Gremlin Leader","floor":25,"turns":8},{"damage":36,"enemies":"Book of Stabbing","floor":27,"turns":5},{"damage":2,"enemies":"Cultist and Chosen","floor":29,"turns":6},{"damage":33,"enemies":"Slavers","floor":30,"turns":2}],"seed_played":"-2568983345610532261","potions_obtained":[{"floor":1,"key":"SteroidPotion"},{"floor":3,"key":"FearPotion"},{"floor":12,"key":"Block Potion"},{"floor":14,"key":"Swift Potion"},{"floor":18,"key":"Energy Potion"},{"floor":23,"key":"GhostInAJar"},{"floor":27,"key":"PowerPotion"}],"is_trial":false,"path_per_floor":["M","M","M","$","M","R","E","M","T","$","R","M","R","M","R","B",null,"M","?","?","M","M","E","R","E","T","E","?","M","E"],"character_chosen":"THE_SILENT","items_purchased":["Bandage Up"],"campfire_rested":1,"item_purchase_floors":[4],"current_hp_per_floor":[63,57,57,57,57,57,36,36,36,36,36,39,39,45,45,57,67,67,49,49,42,33,9,23,45,45,23,7,23,0],"gold":507,"neow_bonus":"ONE_RANDOM_RARE_CARD","is_prod":false,"is_daily":false,"chose_seed":false,"campfire_upgraded":4,"win_rate":0,"timestamp":1571366495,"path_taken":["M","M","M","$","M","R","E","M","T","$","R","M","R","M","R","BOSS","M","?","?","M","?","E","R","E","T","E","?","M","E"],"build_version":"2019-07-17","purchased_purges":1,"victory":false,"max_hp_per_floor":[70,70,70,70,70,70,70,70,70,70,70,70,70,70,70,70,70,70,49,49,49,49,49,49,49,49,49,49,49,49],"card_choices":[{"not_picked":["Flechettes","Deadly Poison"],"picked":"All Out Attack","floor":1},{"not_picked":["Choke","Poisoned Stab"],"picked":"Backflip","floor":2},{"not_picked":["Bane","Dagger Throw"],"picked":"Deadly Poison","floor":3},{"not_picked":["Slice","Dagger Spray"],"picked":"Caltrops","floor":5},{"not_picked":["Predator","All Out Attack"],"picked":"Burst","floor":7},{"not_picked":["Blade Dance","Slice","Deflect"],"picked":"SKIP","floor":8},{"not_picked":["Skewer","Sucker Punch"],"picked":"Corpse Explosion","floor":12},{"not_picked":["Underhanded Strike","Dagger Spray","Cloak And Dagger"],"picked":"SKIP","floor":14},{"not_picked":["Underhanded Strike","Cloak And Dagger"],"picked":"Dagger Spray","floor":14},{"not_picked":["Adrenaline","Die Die Die"],"picked":"Malaise","floor":16},{"not_picked":["Bane","Sucker Punch"],"picked":"Blade Dance","floor":18},{"not_picked":["Tactician","Poisoned Stab"],"picked":"Backflip","floor":21},{"not_picked":["Caltrops","Cloak And Dagger"],"picked":"Dodge and Roll","floor":22},{"not_picked":["Grand Finale","Backflip"],"picked":"Dodge and Roll","floor":23},{"not_picked":["Dagger Throw+1","Die Die Die","Blade Dance+1"],"picked":"SKIP","floor":25},{"not_picked":["Deflect","Dagger Spray"],"picked":"PiercingWail","floor":27},{"not_picked":["Bane","Infinite Blades+1"],"picked":"Flying Knee","floor":29}],"player_experience":574724,"relics_obtained":[{"floor":7,"key":"Bronze Scales"},{"floor":9,"key":"Ninja Scroll"},{"floor":23,"key":"Boot"},{"floor":25,"key":"Ice Cream"},{"floor":26,"key":"The Courier"},{"floor":27,"key":"Blood Vial"},{"floor":28,"key":"Necronomicon"}],"event_choices":[{"damage_healed":0,"gold_gain":0,"player_choice":"Became a vampire","damage_taken":0,"max_hp_gain":0,"max_hp_loss":21,"event_name":"Vampires","floor":19,"gold_loss":0,"cards_obtained":["Bite","Bite","Bite","Bite","Bite"]},{"damage_healed":0,"gold_gain":100,"player_choice":"Pray","damage_taken":0,"max_hp_gain":0,"max_hp_loss":0,"event_name":"Golden Shrine","floor":20,"gold_loss":0},{"damage_healed":0,"gold_gain":0,"player_choice":"Obtained Book","damage_taken":16,"max_hp_gain":0,"max_hp_loss":0,"event_name":"Cursed Tome","floor":28,"gold_loss":0}],"is_beta":false,"boss_relics":[{"not_picked":["Velvet Choker","Philosopher\u0027s Stone"],"picked":"Ring of the Serpent"}],"items_purged_floors":[10],"is_endless":false,"potions_floor_spawned":[1,3,12,14,18,23,27],"killed_by":"Slavers","ascension_level":6}