{"gold_per_floor":[115,135,102,115,115,148,168,60,60,60,86,101,101,112,112,216,216,232,232,249,259,274,274,294,294],"floor_reached":25,"playtime":3013,"items_purged":[],"score":228,"play_id":"e047b70e-4712-4544-b8ea-53175572f5bf","local_time":"20191021105352","is_ascension_mode":true,"campfire_choices":[{"floor":10.0,"key":"REST"},{"floor":13.0,"key":"RECALL"},{"data":"Shockwave","floor":15.0,"key":"SMITH"},{"data":"Barricade","floor":23.0,"key":"SMITH"}],"neow_cost":"NONE","seed_source_timestamp":134265692087200,"circlet_count":0,"master_deck":["Strike_R","Strike_R","Strike_R","Defend_R","Defend_R","Defend_R","Bash","Spot Weakness","Clash","Seeing Red","Seeing Red","Shockwave+1","Sever Soul","Shrug It Off","Rage","Corruption","Metallicize","Whirlwind","Flex","Barricade+1","Second Wind+1","Power Through+1","Fiend Fire+1","Pummel+1","Power Through+1","Heavy Blade","Metallicize+1","Disarm+1","Burning Pact+1"],"special_seed":0,"relics":["Burning Blood","Gambling Chip","Question Card","TungstenRod","Turnip","Astrolabe"],"potions_floor_usage":[25,25],"damage_taken":[{"damage":0.0,"enemies":"2 Louse","floor":1.0,"turns":3.0},{"damage":0.0,"enemies":"Cultist","floor":2.0,"turns":3.0},{"damage":0.0,"enemies":"Jaw Worm","floor":4.0,"turns":3.0},{"damage":25.0,"enemies":"3 Sentries","floor":6.0,"turns":8.0},{"damage":5.0,"enemies":"Looter","floor":7.0,"turns":2.0},{"damage":14.0,"enemies":"Lagavulin","floor":11.0,"turns":6.0},{"damage":13.0,"enemies":"Gremlin Gang","floor":12.0,"turns":5.0},{"damage":5.0,"enemies":"Exordium Thugs","floor":14.0,"turns":5.0},{"damage":13.0,"enemies":"The Guardian","floor":16.0,"turns":13.0},{"damage":19.0,"enemies":"Spheric Guardian","floor":18.0,"turns":5.0},{"damage":0.0,"enemies":"Chosen","floor":20.0,"turns":9.0},{"damage":10.0,"enemies":"Snake Plant","floor":21.0,"turns":6.0},{"damage":2.0,"enemies":"Centurion and Healer","floor":22.0,"turns":4.0},{"damage":12.0,"enemies":"Shelled Parasite and Fungi","floor":24.0,"turns":10.0},{"damage":71,"enemies":"Gremlin Leader","floor":25,"turns":7}],"seed_played":"-7544885067945734396","potions_obtained":[{"floor":2.0,"key":"ElixirPotion"},{"floor":4.0,"key":"SpeedPotion"},{"floor":6.0,"key":"Strength Potion"},{"floor":11.0,"key":"SkillPotion"},{"floor":14.0,"key":"Energy Potion"},{"floor":20.0,"key":"DuplicationPotion"},{"floor":24.0,"key":"Fire Potion"}],"is_trial":false,"path_per_floor":["M","M","$","M","?","E","M","$","T","R","E","M","R","M","R","B",null,"M","?","M","M","M","R","M","E"],"character_chosen":"IRONCLAD","items_purchased":["Seeing Red","Rage","Corruption"],"campfire_rested":1,"item_purchase_floors":[3,8,8],"current_hp_per_floor":[80,80,80,80,77,58,59,59,59,80,72,65,65,66,66,59,80,67,67,73,69,73,73,67,0],"gold":294,"neow_bonus":"THREE_CARDS","is_prod":false,"is_daily":false,"chose_seed":false,"campfire_upgraded":2,"win_rate":0,"timestamp":1571669632,"path_taken":["M","M","$","M","?","E","M","$","T","R","E","M","R","M","R","BOSS","M","?","M","?","M","R","M","E"],"build_version":"2019-10-18","purchased_purges":0,"victory":false,"max_hp_per_floor":[80,80,80,80,80,80,80,80,80,80,80,80,80,80,80,80,80,80,80,80,80,80,80,80,80],"card_choices":[{"not_picked":["Twin Strike","Seeing Red"],"picked":"Spot Weakness","floor":0.0},{"not_picked":["Wild Strike","Sword Boomerang"],"picked":"Clash","floor":1.0},{"not_picked":["Rage","Shrug It Off"],"picked":"Seeing Red","floor":2.0},{"not_picked":["Dual Wield","Spot Weakness"],"picked":"Shockwave","floor":4.0},{"not_picked":["Headbutt","Anger"],"picked":"Sever Soul","floor":6.0},{"not_picked":["Sword Boomerang","Clash","Corruption"],"picked":"Shrug It Off","floor":7.0},{"not_picked":["Armaments","Hemokinesis","Sword Boomerang"],"picked":"Metallicize","floor":11.0},{"not_picked":["Carnage","Warcry","Sword Boomerang"],"picked":"Whirlwind","floor":12.0},{"not_picked":["Uppercut","Pummel","Wild Strike"],"picked":"Flex","floor":14.0},{"not_picked":["Limit Break","Fiend Fire","Dark Embrace"],"picked":"Barricade","floor":16.0},{"not_picked":["Shockwave+1","Flex+1","Bloodletting"],"picked":"Pummel+1","floor":18.0},{"not_picked":["Clothesline","Wild Strike","Shockwave"],"picked":"Heavy Blade","floor":20.0},{"not_picked":["Heavy Blade","Iron Wave","Flex+1"],"picked":"Metallicize+1","floor":21.0},{"not_picked":["Flex+1","Iron Wave","Cleave"],"picked":"Disarm+1","floor":22.0},{"not_picked":["Warcry","Rupture","Feel No Pain"],"picked":"Burning Pact+1","floor":24.0}],"player_experience":174020,"relics_obtained":[{"floor":6.0,"key":"Question Card"},{"floor":9.0,"key":"TungstenRod"},{"floor":11.0,"key":"Turnip"}],"event_choices":[{"damage_healed":0.0,"max_hp_gain":0.0,"max_hp_loss":0.0,"gold_gain":0.0,"event_name":"Scrap Ooze","player_choice":"Success","floor":5.0,"gold_loss":0.0,"damage_taken":3.0,"relics_obtained":["Gambling Chip"]},{"damage_healed":0.0,"max_hp_gain":0.0,"max_hp_loss":0.0,"gold_gain":0.0,"event_name":"Duplicator","player_choice":"Copied","floor":19.0,"gold_loss":0.0,"damage_taken":0.0,"cards_obtained":["Power Through"]}],"is_beta":true,"boss_relics":[{"not_picked":["Runic Dome","Runic Pyramid"],"picked":"Astrolabe"}],"items_purged_floors":[],"is_endless":false,"potions_floor_spawned":[2,4,6,11,14,20,24],"killed_by":"Gremlin Leader","ascension_level":1}