{"gold_per_floor":[110,130,140,16,16,16,16,16,16,16,40,68,68,84,84,215,215,228,153,174,273,35,35,76,76,103,2,33,33,96,116,116,213,213,230,96,116,128,138,138,171,181,181,181,181,206,10,29,29,29],"floor_reached":50,"playtime":33225,"items_purged":["Defend_G","Strike_G","Strike_G"],"score":740,"play_id":"894595be-a6d8-419a-9fec-2a1f49fab20e","local_time":"20191024235440","is_ascension_mode":true,"campfire_choices":[{"data":"Noxious Fumes","floor":6.0,"key":"SMITH"},{"data":"Crippling Poison","floor":10.0,"key":"SMITH"},{"data":"Neutralize","floor":13.0,"key":"SMITH"},{"data":"Bane","floor":15.0,"key":"SMITH"},{"floor":23.0,"key":"REST"},{"floor":32,"key":"RECALL"},{"floor":40,"key":"REST"},{"floor":44,"key":"REST"},{"floor":49,"key":"REST"}],"neow_cost":"NONE","seed_source_timestamp":0,"circlet_count":0,"master_deck":["Strike_G","Strike_G","Defend_G","Defend_G+1","Defend_G","Defend_G","Survivor","Neutralize+1","Deadly Poison+1","Backstab","Infinite Blades","Crippling Poison+1","Noxious Fumes+1","Bandage Up","Dodge and Roll","Flying Knee","Bane+1","Burst","Acrobatics","Leg Sweep","Dagger Spray+1","Backflip","Crippling Poison","Bane+1","Wraith Form v2","Caltrops","Footwork","Dodge and Roll","Noxious Fumes+1","Predator+1","Dash"],"special_seed":0,"relics":["Ring of the Serpent","Bloody Idol","Dodecahedron","Odd Mushroom","Fusion Hammer","Ornamental Fan","Mercury Hourglass","War Paint","Orichalcum","Tiny Chest","Singing Bowl","Gremlin Horn"],"potions_floor_usage":[35,38,42,42,48],"damage_taken":[{"damage":1.0,"enemies":"Cultist","floor":1.0,"turns":4.0},{"damage":0.0,"enemies":"Small Slimes","floor":2.0,"turns":3.0},{"damage":0.0,"enemies":"2 Louse","floor":3.0,"turns":3.0},{"damage":4.0,"enemies":"2 Fungi Beasts","floor":11.0,"turns":3.0},{"damage":3.0,"enemies":"The Mushroom Lair","floor":12.0,"turns":4.0},{"damage":8.0,"enemies":"3 Louse","floor":14.0,"turns":3.0},{"damage":32.0,"enemies":"Slime Boss","floor":16.0,"turns":8.0},{"damage":0.0,"enemies":"Shell Parasite","floor":18.0,"turns":5.0},{"damage":1.0,"enemies":"3 Byrds","floor":20.0,"turns":4.0},{"damage":4.0,"enemies":"Gremlin Leader","floor":24.0,"turns":8.0},{"damage":14.0,"enemies":"Slavers","floor":28.0,"turns":5.0},{"damage":7.0,"enemies":"Gremlin Leader","floor":30.0,"turns":7.0},{"damage":0,"enemies":"Centurion and Healer","floor":31,"turns":4},{"damage":49,"enemies":"Champ","floor":33,"turns":12},{"damage":4,"enemies":"3 Shapes","floor":35,"turns":3},{"damage":13,"enemies":"3 Darklings","floor":37,"turns":4},{"damage":19,"enemies":"4 Shapes","floor":38,"turns":5},{"damage":11,"enemies":"Maw","floor":39,"turns":9},{"damage":14,"enemies":"Reptomancer","floor":41,"turns":7},{"damage":1,"enemies":"Sphere and 2 Shapes","floor":42,"turns":5},{"damage":7,"enemies":"Nemesis","floor":46,"turns":7},{"damage":4,"enemies":"Transient","floor":48,"turns":5},{"damage":106,"enemies":"Donu and Deca","floor":50,"turns":8}],"seed_played":"5650912323144098753","potions_obtained":[{"floor":3.0,"key":"AttackPotion"},{"floor":14.0,"key":"Explosive Potion"},{"floor":16.0,"key":"Block Potion"},{"floor":20.0,"key":"Block Potion"},{"floor":24.0,"key":"Regen Potion"},{"floor":31,"key":"LiquidBronze"},{"floor":33,"key":"Block Potion"},{"floor":38,"key":"SpeedPotion"},{"floor":41,"key":"SkillPotion"},{"floor":46,"key":"SkillPotion"}],"is_trial":false,"path_per_floor":["M","M","M","$","?","R","?","?","T","R","M","?","R","M","R","B",null,"M","?","M","?","$","R","E","?","T","$","E","$","E","M","R","B",null,"M","$","M","M","M","R","E","M","T","R","?","E","$","M","R","B"],"character_chosen":"THE_SILENT","items_purchased":["Noxious Fumes","Bandage Up","Ornamental Fan","Backflip","Footwork","Dash"],"campfire_rested":4,"item_purchase_floors":[4,4,22,27,36,47],"current_hp_per_floor":[62,62,62,62,62,62,67,49,49,49,49,50,50,46,46,18,61,65,65,68,68,68,75,71,71,75,75,66,66,75,75,75,35,65,66,66,62,63,61,75,70,77,77,77,79,79,79,81,81,0],"gold":29,"neow_bonus":"THREE_CARDS","is_prod":false,"is_daily":false,"chose_seed":false,"campfire_upgraded":4,"win_rate":0,"timestamp":1571975680,"path_taken":["M","M","?","$","?","R","?","?","T","R","M","?","R","M","R","BOSS","M","?","M","?","$","R","E","?","T","?","E","$","E","M","R","BOSS","M","$","M","M","M","R","E","M","T","R","?","E","$","M","R","BOSS"],"build_version":"2019-07-17","purchased_purges":3,"victory":false,"max_hp_per_floor":[70,70,70,70,70,70,75,75,75,75,75,75,75,75,75,75,75,75,75,75,75,75,75,75,75,75,75,75,75,75,75,75,75,75,75,75,75,75,75,75,75,77,77,77,79,79,79,81,81,81],"card_choices":[{"not_picked":["Tactician","Prepared"],"picked":"Deadly Poison","floor":0.0},{"not_picked":["Blade Dance","Prepared"],"picked":"Backstab","floor":1.0},{"not_picked":["Prepared","Acrobatics"],"picked":"Infinite Blades","floor":2.0},{"not_picked":["Backflip","Setup"],"picked":"Crippling Poison","floor":3.0},{"not_picked":["Choke","Flying Knee"],"picked":"Dodge and Roll","floor":11.0},{"not_picked":["Bane","Eviscerate"],"picked":"Flying Knee","floor":12.0},{"not_picked":["Sucker Punch","Masterful Stab"],"picked":"Bane","floor":14.0},{"not_picked":["Unload","Phantasmal Killer"],"picked":"Burst","floor":16.0},{"not_picked":["Prepared","Blade Dance"],"picked":"Acrobatics","floor":18.0},{"not_picked":["Underhanded Strike","Flying Knee"],"picked":"Leg Sweep","floor":20.0},{"not_picked":["Dodge and Roll","Endless Agony"],"picked":"Dagger Spray+1","floor":24.0},{"not_picked":["Storm of Steel","Finisher"],"picked":"Crippling Poison","floor":28.0},{"not_picked":["Deadly Poison","Eviscerate"],"picked":"Bane+1","floor":30.0},{"not_picked":["Prepared","Underhanded Strike","Flechettes"],"picked":"SKIP","floor":31},{"not_picked":["Glass Knife","Die Die Die"],"picked":"Wraith Form v2","floor":33},{"not_picked":["Flying Knee+1","Poisoned Stab"],"picked":"Caltrops","floor":35},{"not_picked":["Poisoned Stab","Dagger Spray","Blade Dance+1"],"picked":"SKIP","floor":37},{"not_picked":["Bane","Outmaneuver+1"],"picked":"Dodge and Roll","floor":38},{"not_picked":["Finisher","Quick Slash+1","Dagger Spray"],"picked":"SKIP","floor":39},{"not_picked":["Bane+1","Backflip+1"],"picked":"Noxious Fumes+1","floor":41},{"not_picked":["Dodge and Roll+1","Slice+1","Underhanded Strike+1"],"picked":"Singing Bowl","floor":42},{"not_picked":["Chrysalis","Flash of Steel","Magnetism"],"picked":"Singing Bowl","floor":45},{"not_picked":["Sucker Punch","Flying Knee"],"picked":"Predator+1","floor":46},{"not_picked":["Slice","Flying Knee","Acrobatics"],"picked":"Singing Bowl","floor":48}],"player_experience":665119,"relics_obtained":[{"floor":9.0,"key":"Dodecahedron"},{"floor":12.0,"key":"Odd Mushroom"},{"floor":24.0,"key":"Mercury Hourglass"},{"floor":26.0,"key":"War Paint"},{"floor":28.0,"key":"Orichalcum"},{"floor":30.0,"key":"Tiny Chest"},{"floor":41,"key":"Singing Bowl"},{"floor":46,"key":"Gremlin Horn"}],"event_choices":[{"damage_healed":0.0,"max_hp_gain":0.0,"max_hp_loss":0.0,"gold_gain":0.0,"event_name":"Liars Game","player_choice":"Ignored","floor":5.0,"gold_loss":0.0,"damage_taken":0.0},{"damage_healed":0.0,"max_hp_gain":5.0,"max_hp_loss":0.0,"gold_gain":0.0,"event_name":"Big Fish","player_choice":"Donut","floor":7.0,"gold_loss":0.0,"damage_taken":0.0},{"damage_healed":0.0,"max_hp_gain":0.0,"max_hp_loss":0.0,"gold_gain":0.0,"event_name":"Golden Idol","player_choice":"Take Damage","floor":8.0,"gold_loss":0.0,"damage_taken":18.0,"relics_obtained":["Golden Idol"]},{"damage_healed":0.0,"max_hp_gain":0.0,"max_hp_loss":0.0,"gold_gain":0.0,"event_name":"Mushrooms","player_choice":"Fought Mushrooms","floor":12.0,"gold_loss":0.0,"damage_taken":0.0},{"cards_removed":["Strike_G"],"damage_healed":0.0,"max_hp_gain":0.0,"max_hp_loss":0.0,"gold_gain":0.0,"event_name":"Beggar","player_choice":"Gave Gold","floor":19.0,"gold_loss":75.0,"damage_taken":0.0},{"damage_healed":0.0,"max_hp_gain":0.0,"max_hp_loss":0.0,"gold_gain":99.0,"event_name":"Nest","player_choice":"Stole From Cult","floor":21.0,"gold_loss":0.0,"damage_taken":0.0},{"damage_healed":0.0,"max_hp_gain":0.0,"max_hp_loss":0.0,"gold_gain":0.0,"event_name":"Forgotten Altar","player_choice":"Gave Idol","floor":25.0,"relics_lost":["Golden Idol"],"gold_loss":0.0,"damage_taken":0.0,"relics_obtained":["Bloody Idol"]},{"damage_healed":0,"gold_gain":0,"player_choice":"Memory 1","damage_taken":0,"max_hp_gain":0,"max_hp_loss":0,"event_name":"SensoryStone","floor":45,"gold_loss":0}],"is_beta":false,"boss_relics":[{"not_picked":["HoveringKite","Ectoplasm"],"picked":"Fusion Hammer"},{"not_picked":["Tiny House","Astrolabe"],"picked":"Ring of the Serpent"}],"items_purged_floors":[27,36,47],"is_endless":false,"potions_floor_spawned":[3,14,16,20,24,31,33,38,41,46],"killed_by":"Donu and Deca","ascension_level":7}