{"gold_per_floor":[113,123,138,155,1,29,29,62,88,88,108,108,208,243,243,338,338,354,354,269,75,175,175,201,201,201,236,256,275,275,291,291,389,389,407,9,26,0,17,17,43,57,57,86,186,59,71,85,85,85],"floor_reached":51,"playtime":7825,"items_purged":["Strike_G","Strike_G","Clumsy"],"score":987,"play_id":"a106577f-166f-460d-a576-13147b05e6e9","local_time":"20191022233206","is_ascension_mode":true,"campfire_choices":[{"data":"Neutralize","floor":7.0,"key":"SMITH"},{"floor":10.0,"key":"REST"},{"floor":12.0,"key":"REST"},{"floor":15.0,"key":"REST"},{"data":"Bullet Time","floor":23.0,"key":"SMITH"},{"data":"Catalyst","floor":25.0,"key":"SMITH"},{"floor":30.0,"key":"REST"},{"floor":32.0,"key":"REST"},{"data":"Footwork","floor":40,"key":"SMITH"},{"floor":49,"key":"REST"}],"neow_cost":"NONE","seed_source_timestamp":0,"circlet_count":0,"master_deck":["Strike_G","Strike_G","Strike_G","Defend_G","Defend_G","Defend_G","Defend_G","Defend_G","Survivor","Neutralize+1","Well Laid Plans","Flying Knee","Caltrops","All Out Attack","Dodge and Roll","Backflip","Catalyst+1","Bullet Time+1","Footwork+1","Deadly Poison","Dodge and Roll","Riddle With Holes","Dash","Deadly Poison","Backflip","Burst","Acrobatics+1","Leg Sweep","Sucker Punch","Sucker Punch+1","Blur","Catalyst","Crippling Poison"],"special_seed":0,"relics":["Ring of the Snake","Pantograph","Ancient Tea Set","Oddly Smooth Stone","Bronze Scales","Philosopher\u0027s Stone","Singing Bowl","Strawberry","PreservedInsect","Omamori","Blood Vial","Paper Crane","Calling Bell","Vajra","Letter Opener","Ginger","Gremlin Horn","Red Mask","Lantern","The Courier","Thread and Needle"],"potions_floor_usage":[41,42,47],"damage_taken":[{"damage":2.0,"enemies":"Small Slimes","floor":1.0,"turns":5.0},{"damage":0.0,"enemies":"Cultist","floor":2.0,"turns":3.0},{"damage":1.0,"enemies":"2 Louse","floor":3.0,"turns":3.0},{"damage":0.0,"enemies":"Exordium Wildlife","floor":4.0,"turns":3.0},{"damage":21.0,"enemies":"Gremlin Nob","floor":6.0,"turns":5.0},{"damage":36.0,"enemies":"Lagavulin","floor":8.0,"turns":8.0},{"damage":0.0,"enemies":"3 Louse","floor":11.0,"turns":3.0},{"damage":26.0,"enemies":"Gremlin Nob","floor":14.0,"turns":5.0},{"damage":59.0,"enemies":"Slime Boss","floor":16.0,"turns":13.0},{"damage":7.0,"enemies":"Chosen","floor":18.0,"turns":7.0},{"damage":4.0,"enemies":"Book of Stabbing","floor":24.0,"turns":4.0},{"damage":48.0,"enemies":"Gremlin Leader","floor":27.0,"turns":5.0},{"damage":11.0,"enemies":"Shell Parasite","floor":28.0,"turns":4.0},{"damage":0.0,"enemies":"Cultist and Chosen","floor":29.0,"turns":6.0},{"damage":13.0,"enemies":"Snake Plant","floor":31.0,"turns":3.0},{"damage":18.0,"enemies":"Collector","floor":33.0,"turns":11.0},{"damage":6,"enemies":"3 Shapes","floor":35,"turns":3},{"damage":1,"enemies":"Orb Walker","floor":37,"turns":4},{"damage":30,"enemies":"Sphere and 2 Shapes","floor":39,"turns":4},{"damage":6,"enemies":"Giant Head","floor":41,"turns":7},{"damage":2,"enemies":"Transient","floor":42,"turns":5},{"damage":24,"enemies":"Reptomancer","floor":44,"turns":5},{"damage":8,"enemies":"Mind Bloom Boss Battle","floor":45,"turns":7},{"damage":23,"enemies":"Spire Growth","floor":47,"turns":7},{"damage":6,"enemies":"Jaw Worm Horde","floor":48,"turns":4},{"damage":32,"enemies":"Awakened One","floor":50,"turns":16}],"seed_played":"4891267925789286180","potions_obtained":[{"floor":3.0,"key":"AttackPotion"},{"floor":8.0,"key":"SpeedPotion"},{"floor":11.0,"key":"FearPotion"},{"floor":14.0,"key":"Energy Potion"},{"floor":16.0,"key":"PowerPotion"},{"floor":27.0,"key":"Ancient Potion"},{"floor":28.0,"key":"AttackPotion"},{"floor":29.0,"key":"Swift Potion"},{"floor":33.0,"key":"Swift Potion"},{"floor":35,"key":"Strength Potion"},{"floor":41,"key":"Fire Potion"},{"floor":44,"key":"GhostInAJar"}],"is_trial":false,"path_per_floor":["M","M","M","M","$","E","R","E","T","R","M","R","?","E","R","B",null,"M","T","?","$","?","R","E","R","T","E","M","M","R","M","R","B",null,"M","$","M","?","M","R","E","M","T","E","?","$","M","M","R","B",null],"character_chosen":"THE_SILENT","items_purchased":["Caltrops","PreservedInsect","Deadly Poison","Gremlin Horn","Leg Sweep","Crippling Poison"],"campfire_rested":6,"item_purchase_floors":[5,21,21,36,36,46],"current_hp_per_floor":[68,68,67,67,67,46,46,10,10,33,33,56,56,30,53,18,62,55,55,62,62,62,62,58,58,58,12,3,5,30,19,44,53,76,72,72,73,73,45,45,41,43,43,23,42,42,23,21,48,43],"gold":85,"neow_bonus":"TEN_PERCENT_HP_BONUS","is_prod":false,"is_daily":false,"chose_seed":false,"campfire_upgraded":4,"win_rate":0,"timestamp":1571801526,"path_taken":["M","M","M","M","$","E","R","E","T","R","M","R","?","E","R","BOSS","M","?","?","?","?","R","E","R","T","E","M","M","R","?","R","BOSS","M","$","?","?","M","R","E","M","T","E","?","$","M","M","R","BOSS"],"build_version":"2019-07-17","purchased_purges":3,"victory":true,"max_hp_per_floor":[77,77,77,77,77,77,77,77,77,77,77,77,77,77,77,77,77,77,77,84,84,84,84,84,84,84,84,84,84,84,84,84,84,84,84,84,84,84,84,84,84,86,86,88,88,88,90,92,92,92],"card_choices":[{"not_picked":["Outmaneuver","Cloak And Dagger","Distraction"],"picked":"SKIP","floor":1.0},{"not_picked":["Dagger Spray","Deadly Poison"],"picked":"Well Laid Plans","floor":2.0},{"not_picked":["Setup","Acrobatics"],"picked":"Flying Knee","floor":3.0},{"not_picked":["Sucker Punch","Well Laid Plans","Cloak And Dagger"],"picked":"SKIP","floor":4.0},{"not_picked":["Storm of Steel","Outmaneuver"],"picked":"All Out Attack","floor":6.0},{"not_picked":["Poisoned Stab","Flechettes"],"picked":"Dodge and Roll","floor":8.0},{"not_picked":["Heel Hook","Sucker Punch"],"picked":"Backflip","floor":11.0},{"not_picked":["Cloak And Dagger","Night Terror"],"picked":"Catalyst","floor":14.0},{"not_picked":["Doppelganger","Glass Knife"],"picked":"Bullet Time","floor":16.0},{"not_picked":["Infinite Blades","Deadly Poison+1"],"picked":"Footwork","floor":18.0},{"not_picked":["Caltrops","Expertise+1"],"picked":"Dodge and Roll","floor":24.0},{"not_picked":["Accuracy","Dagger Throw+1"],"picked":"Riddle With Holes","floor":27.0},{"not_picked":["Cloak And Dagger","Setup"],"picked":"Dash","floor":28.0},{"not_picked":["Bane","Tactician"],"picked":"Deadly Poison","floor":29.0},{"not_picked":["Slice+1","Backstab"],"picked":"Backflip","floor":31.0},{"not_picked":["Malaise","Tools of the Trade"],"picked":"Burst","floor":33.0},{"not_picked":["Sucker Punch","Dagger Spray"],"picked":"Acrobatics+1","floor":35},{"not_picked":["Terror","Masterful Stab+1"],"picked":"Sucker Punch","floor":37},{"not_picked":["Heel Hook+1","Dagger Throw+1"],"picked":"Sucker Punch+1","floor":39},{"not_picked":["Prepared","Backflip"],"picked":"Blur","floor":41},{"not_picked":["Poisoned Stab","Cloak And Dagger","Reflex+1"],"picked":"Singing Bowl","floor":42},{"not_picked":["Dodge and Roll+1","Glass Knife","Bane+1"],"picked":"Singing Bowl","floor":44},{"not_picked":["Setup","Quick Slash+1"],"picked":"Catalyst","floor":45},{"not_picked":["Slice+1","Concentrate","Flying Knee"],"picked":"Singing Bowl","floor":47},{"not_picked":["Reflex+1","Acrobatics+1","Bane"],"picked":"Singing Bowl","floor":48}],"player_experience":649921,"relics_obtained":[{"floor":6.0,"key":"Pantograph"},{"floor":8.0,"key":"Ancient Tea Set"},{"floor":9.0,"key":"Oddly Smooth Stone"},{"floor":14.0,"key":"Bronze Scales"},{"floor":19.0,"key":"Singing Bowl"},{"floor":24.0,"key":"Omamori"},{"floor":26.0,"key":"Blood Vial"},{"floor":27.0,"key":"Paper Crane"},{"floor":34,"key":"Vajra"},{"floor":34,"key":"Letter Opener"},{"floor":34,"key":"Ginger"},{"floor":41,"key":"Lantern"},{"floor":44,"key":"The Courier"},{"floor":45,"key":"Thread and Needle"}],"event_choices":[{"damage_healed":0.0,"max_hp_gain":0.0,"max_hp_loss":0.0,"gold_gain":100.0,"event_name":"Golden Shrine","player_choice":"Pray","floor":13.0,"gold_loss":0.0,"damage_taken":0.0},{"damage_healed":0.0,"max_hp_gain":0.0,"max_hp_loss":0.0,"gold_gain":0.0,"event_name":"Addict","player_choice":"Obtained Relic","floor":20.0,"gold_loss":85.0,"damage_taken":0.0,"relics_obtained":["Strawberry"]},{"damage_healed":0.0,"max_hp_gain":0.0,"max_hp_loss":0.0,"gold_gain":100.0,"event_name":"Golden Shrine","player_choice":"Pray","floor":22.0,"gold_loss":0.0,"damage_taken":0.0},{"damage_healed":0,"gold_gain":0,"player_choice":"Paid","damage_taken":0,"relics_obtained":["Red Mask"],"max_hp_gain":0,"max_hp_loss":0,"event_name":"Tomb of Lord Red Mask","floor":38,"gold_loss":26},{"damage_healed":0,"gold_gain":0,"player_choice":"Fight","damage_taken":0,"max_hp_gain":0,"max_hp_loss":0,"event_name":"MindBloom","floor":45,"gold_loss":0}],"is_beta":false,"boss_relics":[{"not_picked":["Sozu","Lizard Tail"],"picked":"Philosopher\u0027s Stone"},{"not_picked":["Pandora\u0027s Box","Astrolabe"],"picked":"Calling Bell"}],"items_purged_floors":[5,36,46],"is_endless":false,"potions_floor_spawned":[3,8,11,14,16,27,28,29,33,35,39,41,44],"ascension_level":6}