{"gold_per_floor":[110,125,140,140,5,38,38,56,129,129,146,157,168,181,181,286,286,306,317,330,346,2,29,29,29,29,29,29,29,29,48,48,48],"floor_reached":33,"playtime":3853,"items_purged":["Strike_R"],"score":375,"play_id":"59aaea52-6390-4114-aefb-c3b2a286bbe8","local_time":"20191012222152","is_ascension_mode":true,"campfire_choices":[{"data":"Feed","floor":7,"key":"SMITH"},{"data":"1","floor":10,"key":"LIFT"},{"data":"2","floor":15,"key":"LIFT"},{"data":"3","floor":24,"key":"LIFT"},{"data":"Brutality","floor":27,"key":"SMITH"},{"data":"Cleave","floor":30,"key":"SMITH"},{"data":"Metallicize","floor":32,"key":"SMITH"}],"neow_cost":"NONE","seed_source_timestamp":502314055573455,"circlet_count":0,"master_deck":["Strike_R","Strike_R","Strike_R","Strike_R","Defend_R","Defend_R","Defend_R","Defend_R","Bash","Berserk+1","Rupture","Pommel Strike","Feel No Pain","Feed+1","Cleave+1","Ghostly Armor","Shrug It Off","Metallicize+1","Burning Pact","Brutality+1","Bloodletting","Sword Boomerang+1","Hemokinesis+1","Heavy Blade+1","Pain","Shame","Seeing Red"],"relics":["Burning Blood","Girya","Molten Egg 2","Coffee Dripper","ClockworkSouvenir","Bronze Scales","WarpedTongs","Darkstone Periapt","Dodecahedron"],"potions_floor_usage":[6,12,16,16,23,23,31],"damage_taken":[{"damage":4,"enemies":"Jaw Worm","floor":1,"turns":4},{"damage":6,"enemies":"Cultist","floor":2,"turns":4},{"damage":5,"enemies":"2 Louse","floor":3,"turns":3},{"damage":23,"enemies":"Gremlin Nob","floor":6,"turns":4},{"damage":16,"enemies":"Exordium Thugs","floor":8,"turns":4},{"damage":7,"enemies":"Looter","floor":11,"turns":3},{"damage":8,"enemies":"Blue Slaver","floor":12,"turns":3},{"damage":10,"enemies":"Red Slaver","floor":13,"turns":5},{"damage":8,"enemies":"Large Slime","floor":14,"turns":7},{"damage":55,"enemies":"Hexaghost","floor":16,"turns":10},{"damage":28,"enemies":"Shell Parasite","floor":18,"turns":8},{"damage":25,"enemies":"Chosen","floor":19,"turns":5},{"damage":32,"enemies":"Snake Plant","floor":20,"turns":4},{"damage":20,"enemies":"Cultist and Chosen","floor":21,"turns":6},{"damage":26,"enemies":"Slavers","floor":23,"turns":7},{"damage":18,"enemies":"Snecko","floor":31,"turns":4},{"damage":27,"enemies":"Collector","floor":33,"turns":3}],"seed_played":"-2906186520293939179","potions_obtained":[{"floor":1,"key":"FearPotion"},{"floor":3,"key":"LiquidBronze"},{"floor":8,"key":"Regen Potion"},{"floor":11,"key":"Energy Potion"},{"floor":18,"key":"Energy Potion"},{"floor":23,"key":"Energy Potion"},{"floor":31,"key":"LiquidBronze"}],"is_trial":false,"path_per_floor":["M","M","M","?","$","E","R","M","T","R","M","M","M","M","R","B",null,"M","M","M","M","$","E","R","?","T","R","$","?","R","M","R","B"],"character_chosen":"IRONCLAD","items_purchased":["Feed","ClockworkSouvenir","Regen Potion"],"campfire_rested":0,"item_purchase_floors":[5,22,22],"current_hp_per_floor":[80,80,80,80,80,66,66,60,60,60,63,65,65,67,67,37,107,89,74,48,38,38,33,33,33,33,33,33,39,39,27,27,0],"gold":48,"neow_bonus":"ONE_RANDOM_RARE_CARD","is_prod":false,"is_daily":false,"chose_seed":false,"campfire_upgraded":4,"win_rate":0,"timestamp":1570933312,"path_taken":["M","M","M","?","$","E","R","M","T","R","?","M","M","M","R","BOSS","M","M","M","M","$","E","R","?","T","R","?","?","R","M","R","BOSS"],"build_version":"2019-07-17","purchased_purges":1,"victory":false,"max_hp_per_floor":[80,80,80,80,80,83,83,87,87,87,91,95,99,103,103,107,107,111,115,115,119,119,119,119,119,119,119,119,125,125,125,125,125],"card_choices":[{"not_picked":["Feel No Pain","Anger"],"picked":"Rupture","floor":1},{"not_picked":["Wild Strike","Body Slam"],"picked":"Pommel Strike","floor":2},{"not_picked":["Shockwave","Twin Strike"],"picked":"Feel No Pain","floor":3},{"not_picked":["Entrench","Armaments"],"picked":"Cleave","floor":6},{"not_picked":["Heavy Blade","Anger"],"picked":"Ghostly Armor","floor":8},{"not_picked":["Headbutt+1","Reckless Charge+1"],"picked":"Shrug It Off","floor":11},{"not_picked":["Wild Strike+1","Reckless Charge+1"],"picked":"Metallicize","floor":12},{"not_picked":["Warcry","Dual Wield","Sentinel"],"picked":"SKIP","floor":13},{"not_picked":["Havoc","Bloodletting"],"picked":"Burning Pact","floor":14},{"not_picked":["Limit Break","Juggernaut"],"picked":"Brutality","floor":16},{"not_picked":["Ghostly Armor+1","Twin Strike+1"],"picked":"Bloodletting","floor":18},{"not_picked":["Rupture","Warcry"],"picked":"Sword Boomerang+1","floor":19},{"not_picked":["Warcry","Inflame"],"picked":"Hemokinesis+1","floor":20},{"not_picked":["Evolve","Clash+1"],"picked":"Heavy Blade+1","floor":21},{"not_picked":["Warcry+1","Reckless Charge+1","Sword Boomerang+1"],"picked":"SKIP","floor":23},{"not_picked":["Armaments","Rage"],"picked":"Seeing Red","floor":31}],"player_experience":518081,"relics_obtained":[{"floor":6,"key":"Girya"},{"floor":9,"key":"Molten Egg 2"},{"floor":23,"key":"Bronze Scales"},{"floor":26,"key":"Darkstone Periapt"}],"event_choices":[{"damage_healed":0,"gold_gain":0,"player_choice":"Upgraded","damage_taken":0,"max_hp_gain":0,"max_hp_loss":0,"event_name":"Upgrade Shrine","floor":4,"gold_loss":0,"cards_upgraded":["Berserk"]},{"damage_healed":0,"gold_gain":0,"player_choice":"Rummage","damage_taken":0,"relics_obtained":["WarpedTongs"],"max_hp_gain":0,"max_hp_loss":0,"event_name":"Accursed Blacksmith","floor":25,"gold_loss":0,"cards_obtained":["Pain"]},{"damage_healed":0,"gold_gain":0,"player_choice":"Stole Relic","damage_taken":0,"relics_obtained":["Dodecahedron"],"max_hp_gain":0,"max_hp_loss":0,"event_name":"Addict","floor":29,"gold_loss":0,"cards_obtained":["Shame"]}],"is_beta":false,"boss_relics":[{"not_picked":["Astrolabe","Mark of Pain"],"picked":"Coffee Dripper"}],"items_purged_floors":[22],"is_endless":false,"potions_floor_spawned":[1,3,8,11,18,23,31],"killed_by":"Collector","ascension_level":4}