{"gold_per_floor":[114,94,107,20,33,33,33,33,58,88,42,54,84,99,99,173,173,183,183,80,94,113,113],"floor_reached":23,"playtime":847,"items_purged":["Strike_B"],"score":392,"play_id":"2ab742e2-f83b-45bd-8dff-447c427ea80b","local_time":"20191027130648","is_ascension_mode":true,"campfire_choices":[{"floor":6,"key":"REST"},{"data":"Biased Cognition","floor":8,"key":"SMITH"},{"floor":15,"key":"REST"}],"neow_cost":"PERCENT_DAMAGE","seed_source_timestamp":359610861363900,"circlet_count":0,"master_deck":["AscendersBane","Strike_B","Strike_B","Strike_B","Defend_B","Defend_B","Defend_B","Defend_B","Zap","Dualcast","Biased Cognition+1","Loop+1","Leap","Chill","Sweeping Beam","Conserve Battery","Leap","Defragment","Compile Driver","Amplify","Ball Lightning","Defragment","Hologram","Melter","Cold Snap+1"],"relics":["Cracked Core","Strawberry","Pen Nib","Orichalcum","Sozu"],"potions_floor_usage":[10,10],"damage_taken":[{"damage":6,"enemies":"2 Louse","floor":1,"turns":3},{"damage":1,"enemies":"Cultist","floor":3,"turns":3},{"damage":1,"enemies":"Small Slimes","floor":5,"turns":3},{"damage":6,"enemies":"Lagavulin","floor":10,"turns":4},{"damage":5,"enemies":"Looter","floor":12,"turns":4},{"damage":8,"enemies":"3 Sentries","floor":13,"turns":8},{"damage":1,"enemies":"Exordium Wildlife","floor":14,"turns":5},{"damage":59,"enemies":"Hexaghost","floor":16,"turns":16},{"damage":17,"enemies":"Spheric Guardian","floor":18,"turns":4},{"damage":37,"enemies":"Chosen","floor":21,"turns":6},{"damage":0,"enemies":"Centurion and Healer","floor":22,"turns":6},{"damage":9,"enemies":"Book of Stabbing","floor":23,"turns":3}],"seed_played":"7472213497951262703","potions_obtained":[{"floor":1,"key":"FocusPotion"},{"floor":2,"key":"Fire Potion"}],"is_trial":false,"path_per_floor":["M","?","M","$","M","R","?","R","T","E","?","M","E","M","R","B",null,"M","?","$","M","M","E"],"character_chosen":"DEFECT","items_purchased":["Chill","Hologram"],"campfire_rested":2,"item_purchase_floors":[4,20],"current_hp_per_floor":[40,40,39,39,38,59,59,59,66,60,60,55,47,46,69,10,61,44,44,44,7,7,0],"gold":113,"neow_bonus":"THREE_RARE_CARDS","is_prod":false,"is_daily":false,"chose_seed":false,"campfire_upgraded":1,"win_rate":0,"timestamp":1572206808,"path_taken":["M","?","M","$","?","R","?","R","T","E","?","?","E","M","R","BOSS","M","?","$","M","?","E"],"build_version":"2019-07-17","purchased_purges":1,"victory":false,"max_hp_per_floor":[71,71,71,71,71,71,71,71,78,78,78,78,78,78,78,78,78,78,78,78,78,78,78],"card_choices":[{"not_picked":["All For One","Hyperbeam"],"picked":"Biased Cognition","floor":0},{"not_picked":["Storm","Consume"],"picked":"Loop","floor":1},{"not_picked":["Compile Driver","Stack"],"picked":"Leap","floor":3},{"not_picked":["Force Field","Turbo"],"picked":"Sweeping Beam","floor":5},{"not_picked":["BootSequence","Redo"],"picked":"Conserve Battery","floor":10},{"not_picked":["All For One","Sweeping Beam"],"picked":"Leap","floor":12},{"not_picked":["Reinforced Body","White Noise"],"picked":"Defragment","floor":13},{"not_picked":["Conserve Battery","Heatsinks"],"picked":"Compile Driver","floor":14},{"not_picked":["Thunder Strike","Rainbow"],"picked":"Amplify","floor":16},{"not_picked":["Conserve Battery","Turbo"],"picked":"Ball Lightning","floor":18},{"not_picked":["Reinforced Body","Steam Power"],"picked":"Melter","floor":21},{"not_picked":["Thunder Strike","Recycle"],"picked":"Cold Snap+1","floor":22}],"player_experience":736377,"relics_obtained":[{"floor":9,"key":"Strawberry"},{"floor":10,"key":"Pen Nib"},{"floor":13,"key":"Orichalcum"}],"event_choices":[{"damage_healed":0,"gold_gain":0,"player_choice":"Bought 1 Potion","damage_taken":0,"max_hp_gain":0,"max_hp_loss":0,"event_name":"The Woman in Blue","floor":2,"gold_loss":0},{"damage_healed":0,"gold_gain":0,"player_choice":"Grow","damage_taken":0,"max_hp_gain":0,"max_hp_loss":0,"event_name":"Living Wall","floor":7,"gold_loss":0,"cards_upgraded":["Loop"]},{"damage_healed":0,"gold_gain":0,"player_choice":"Left Gold","damage_taken":0,"max_hp_gain":0,"max_hp_loss":0,"event_name":"World of Goop","floor":11,"gold_loss":46},{"damage_healed":0,"gold_gain":0,"player_choice":"Copied","damage_taken":0,"max_hp_gain":0,"max_hp_loss":0,"event_name":"Duplicator","floor":19,"gold_loss":0,"cards_obtained":["Defragment"]}],"is_beta":false,"boss_relics":[{"not_picked":["Astrolabe","Eternal Feather"],"picked":"Sozu"}],"items_purged_floors":[20],"is_endless":false,"potions_floor_spawned":[1,3,5,21,22],"killed_by":"Book of Stabbing","ascension_level":19}