{"gold_per_floor":[111,123,139,150,150,150,166,166,166,205,205,205,205,224,224,348,348,361,361,20,44,44,44,58,58,58,82,82,82,15,40,40,142,142,159,259,36,48,65,90,137,137,164,177,177,177,177,193,193,193],"floor_reached":51,"playtime":9569,"items_purged":[],"score":670,"play_id":"d78e026c-a2d8-489f-a38b-071452049d1a","local_time":"20191014114958","is_ascension_mode":false,"campfire_choices":[{"floor":6.0,"key":"REST"},{"floor":8.0,"key":"REST"},{"data":"Wraith Form v2","floor":11.0,"key":"SMITH"},{"data":"Footwork","floor":13.0,"key":"SMITH"},{"data":"Finisher","floor":15.0,"key":"SMITH"},{"data":"Caltrops","floor":23,"key":"SMITH"},{"data":"Calculated Gamble","floor":25,"key":"SMITH"},{"data":"Terror","floor":28,"key":"SMITH"},{"data":"Blade Dance","floor":32,"key":"SMITH"},{"data":"Bullet Time","floor":42,"key":"SMITH"},{"data":"Backstab","floor":47,"key":"SMITH"},{"data":"Venomology","floor":49,"key":"SMITH"}],"neow_cost":"PERCENT_DAMAGE","seed_source_timestamp":0,"circlet_count":0,"master_deck":["Strike_G","Strike_G","Defend_G","Defend_G","Defend_G","Survivor","Neutralize","Wraith Form v2+1","Finisher+1","Footwork+1","Blur","Blade Dance","Backstab+1","Slice+1","Blade Dance+1","Well Laid Plans","Venomology+1","Dagger Spray","Writhe","Caltrops+1","Terror+1","All Out Attack","Sucker Punch","Deadly Poison","Malaise","Calculated Gamble+1","Backflip","Flying Knee","Flash of Steel","Poisoned Stab+1","Bullet Time+1","After Image+1","After Image+1","Crippling Poison+1","PiercingWail+1","Leg Sweep+1","Mind Blast+1","Dagger Throw+1","Bouncing Flask+1","Noxious Fumes+1","Backstab+1","Quick Slash+1","Madness","Madness","Mind Blast+1","Terror+1"],"special_seed":0,"relics":["Ring of the Snake","Bloody Idol","Anchor","Lantern","Eternal Feather","Meat on the Bone","Membership Card","Bag of Marbles","Molten Egg 2","Astrolabe","Torii","Sling","PreservedInsect","Calipers","Incense Burner","Ancient Tea Set"],"potions_floor_usage":[16,24,27,31,33,33,33,36,36,41,44,44,50,50],"damage_taken":[{"damage":0.0,"enemies":"Cultist","floor":1.0,"turns":5.0},{"damage":0.0,"enemies":"2 Louse","floor":2.0,"turns":5.0},{"damage":0.0,"enemies":"Small Slimes","floor":3.0,"turns":5.0},{"damage":0.0,"enemies":"2 Fungi Beasts","floor":4.0,"turns":3.0},{"damage":0.0,"enemies":"3 Louse","floor":7.0,"turns":4.0},{"damage":16.0,"enemies":"Gremlin Nob","floor":10.0,"turns":6.0},{"damage":0.0,"enemies":"Blue Slaver","floor":14.0,"turns":2.0},{"damage":24,"enemies":"The Guardian","floor":16,"turns":20},{"damage":12,"enemies":"Shell Parasite","floor":18,"turns":8},{"damage":0,"enemies":"3 Byrds","floor":21,"turns":5},{"damage":11,"enemies":"Centurion and Healer","floor":24,"turns":7},{"damage":9,"enemies":"Snake Plant","floor":27,"turns":4},{"damage":29,"enemies":"Book of Stabbing","floor":31,"turns":5},{"damage":64,"enemies":"Automaton","floor":33,"turns":11},{"damage":8,"enemies":"Orb Walker","floor":35,"turns":4},{"damage":4,"enemies":"Mind Bloom Boss Battle","floor":36,"turns":9},{"damage":0,"enemies":"3 Shapes","floor":38,"turns":1},{"damage":1,"enemies":"Maw","floor":39,"turns":8},{"damage":1,"enemies":"Nemesis","floor":40,"turns":3},{"damage":43,"enemies":"2 Orb Walkers","floor":41,"turns":7},{"damage":0,"enemies":"Transient","floor":44,"turns":5},{"damage":0,"enemies":"3 Darklings","floor":48,"turns":1},{"damage":27,"enemies":"Awakened One","floor":50,"turns":15}],"seed_played":"-5826426436588118459","potions_obtained":[{"floor":3.0,"key":"Fire Potion"},{"floor":14.0,"key":"Fruit Juice"},{"floor":24,"key":"GamblersBrew"},{"floor":31,"key":"LiquidBronze"},{"floor":38,"key":"SteroidPotion"},{"floor":41,"key":"PowerPotion"},{"floor":44,"key":"FearPotion"}],"is_trial":false,"path_per_floor":["M","M","M","M","?","R","M","R","T","E","R","?","R","M","R","B",null,"M","?","$","M","?","R","M","R","T","M","R","?","$","E","R","B",null,"M","?","$","M","M","E","?","R","T","M","?","?","R","M","R","B",null],"character_chosen":"THE_SILENT","items_purchased":["Membership Card","Deadly Poison","Caltrops","Terror","All Out Attack","Sucker Punch","Flying Knee","Flash of Steel","Mind Blast+1","Sling","PreservedInsect"],"campfire_rested":2,"item_purchase_floors":[20,20,20,20,20,20,30,30,37,37,37],"current_hp_per_floor":[49,49,49,49,32,53,53,70,70,54,54,54,54,54,54,35,75,63,63,63,63,63,75,64,75,75,66,75,75,75,51,69,22,75,72,73,73,75,75,75,49,73,75,75,66,66,75,75,75,48],"gold":193,"neow_bonus":"TRANSFORM_TWO_CARDS","is_prod":false,"is_daily":false,"chose_seed":false,"campfire_upgraded":10,"win_rate":0.0,"timestamp":1571068198,"path_taken":["M","?","M","M","?","R","M","R","T","E","R","?","R","?","R","BOSS","M","?","$","M","?","R","M","R","T","M","R","?","?","E","R","BOSS","M","?","$","M","M","E","?","R","T","M","?","?","R","M","R","BOSS"],"build_version":"2019-07-17","purchased_purges":0,"victory":true,"max_hp_per_floor":[70,70,70,70,70,70,70,70,70,70,70,70,70,70,70,75,75,75,75,75,75,75,75,75,75,75,75,75,75,75,75,75,75,75,75,75,75,75,75,75,75,75,75,75,75,75,75,75,75,75],"card_choices":[{"not_picked":["Underhanded Strike","Deflect"],"picked":"Footwork","floor":1.0},{"not_picked":["Bane","Acrobatics"],"picked":"Blur","floor":2.0},{"not_picked":["Prepared","Footwork"],"picked":"Blade Dance","floor":3.0},{"not_picked":["Deadly Poison","Prepared"],"picked":"Backstab","floor":4.0},{"not_picked":["Calculated Gamble","Wraith Form v2"],"picked":"Slice","floor":7.0},{"not_picked":["Dagger Spray","Bane"],"picked":"Blade Dance","floor":10.0},{"not_picked":["Acrobatics","Blade Dance"],"picked":"Well Laid Plans","floor":14.0},{"not_picked":["Night Terror","A Thousand Cuts"],"picked":"Venomology","floor":16},{"not_picked":["Deadly Poison","Bane"],"picked":"Dagger Spray","floor":18},{"not_picked":["Underhanded Strike","Prepared"],"picked":"Deadly Poison","floor":21},{"not_picked":["Endless Agony","Deadly Poison"],"picked":"Calculated Gamble","floor":24},{"not_picked":["Endless Agony","Underhanded Strike"],"picked":"Backflip","floor":27},{"not_picked":["Slice","Flying Knee"],"picked":"Poisoned Stab+1","floor":31},{"not_picked":["Venomology","Malaise"],"picked":"Bullet Time","floor":33},{"not_picked":["Blade Dance","Deflect"],"picked":"PiercingWail+1","floor":35},{"not_picked":["Predator+1","Flechettes+1"],"picked":"Leg Sweep+1","floor":36},{"not_picked":["Deflect","Blade Dance"],"picked":"Dagger Throw+1","floor":38},{"not_picked":["Leg Sweep","Flying Knee+1"],"picked":"Bouncing Flask+1","floor":39},{"not_picked":["Adrenaline","Deadly Poison"],"picked":"Noxious Fumes+1","floor":40},{"not_picked":["Poisoned Stab+1","Underhanded Strike+1"],"picked":"Backstab+1","floor":41},{"not_picked":["Leg Sweep+1","Slice+1"],"picked":"Quick Slash+1","floor":44},{"not_picked":["Deflect","Blade Dance"],"picked":"Terror+1","floor":48}],"player_experience":41140,"relics_obtained":[{"floor":9.0,"key":"Anchor"},{"floor":10.0,"key":"Lantern"},{"floor":26,"key":"Bag of Marbles"},{"floor":31,"key":"Molten Egg 2"},{"floor":36,"key":"Torii"},{"floor":40,"key":"Calipers"},{"floor":41,"key":"Incense Burner"},{"floor":43,"key":"Ancient Tea Set"}],"event_choices":[{"damage_healed":0.0,"max_hp_gain":0.0,"max_hp_loss":0.0,"gold_gain":0.0,"event_name":"Golden Idol","player_choice":"Take Damage","floor":5.0,"gold_loss":0.0,"damage_taken":17.0,"relics_obtained":["Golden Idol"]},{"damage_healed":0.0,"max_hp_gain":0.0,"max_hp_loss":0.0,"gold_gain":0.0,"event_name":"Accursed Blacksmith","player_choice":"Forge","floor":12.0,"gold_loss":0.0,"damage_taken":0.0,"cards_upgraded":["Slice"]},{"damage_healed":0,"gold_gain":0,"player_choice":"Opened","damage_taken":0,"relics_obtained":["Meat on the Bone"],"max_hp_gain":0,"max_hp_loss":0,"event_name":"The Mausoleum","floor":19,"gold_loss":0,"cards_obtained":["Writhe"]},{"damage_healed":0,"gold_gain":0,"cards_transformed":["Strike_G","Defend_G"],"player_choice":"Became Test Subject","damage_taken":0,"max_hp_gain":0,"max_hp_loss":0,"event_name":"Drug Dealer","floor":22,"gold_loss":0,"cards_obtained":["Reflex","Malaise"]},{"damage_healed":0,"gold_gain":0,"player_choice":"Gave Idol","damage_taken":0,"relics_obtained":["Bloody Idol"],"max_hp_gain":0,"max_hp_loss":0,"event_name":"Forgotten Altar","floor":29,"relics_lost":["Golden Idol"],"gold_loss":0},{"damage_healed":0,"gold_gain":0,"player_choice":"Fight","damage_taken":0,"max_hp_gain":0,"max_hp_loss":0,"event_name":"MindBloom","floor":36,"gold_loss":0},{"damage_healed":0,"gold_gain":0,"player_choice":"Fight","damage_taken":0,"max_hp_gain":0,"max_hp_loss":0,"event_name":"Mysterious Sphere","floor":41,"gold_loss":0},{"damage_healed":0,"gold_gain":0,"player_choice":"Embrace Madness","damage_taken":9,"max_hp_gain":0,"max_hp_loss":0,"event_name":"Winding Halls","floor":45,"gold_loss":0,"cards_obtained":["Madness","Madness"]},{"damage_healed":0,"gold_gain":0,"player_choice":"Copied","damage_taken":0,"max_hp_gain":0,"max_hp_loss":0,"event_name":"Duplicator","floor":46,"gold_loss":0,"cards_obtained":["Mind Blast"]}],"is_beta":false,"boss_relics":[{"not_picked":["Snecko Eye","Fusion Hammer"],"picked":"Eternal Feather"},{"not_picked":["HoveringKite","Black Star"],"picked":"Astrolabe"}],"items_purged_floors":[],"is_endless":false,"potions_floor_spawned":[3,14,24,31,38,41,44],"ascension_level":0}