{"gold_per_floor":[116,5,20,20,20,20,49,49,49,49,49,64,82,93,93,189,189,114,29,29,3,19,19,31,31],"floor_reached":25,"playtime":4056,"items_purged":[],"score":199,"play_id":"cc6474a7-f647-4dd3-be92-8b35ad952ae9","local_time":"20191013045958","is_ascension_mode":false,"campfire_choices":[{"floor":6,"key":"REST"},{"floor":8,"key":"REST"},{"floor":11,"key":"REST"},{"data":"Corruption","floor":15,"key":"SMITH"},{"data":"Barricade","floor":23,"key":"SMITH"}],"neow_cost":"","seed_source_timestamp":131782729643600,"circlet_count":0,"master_deck":["Strike_R","Strike_R+1","Strike_R","Strike_R","Strike_R","Defend_R+1","Defend_R","Defend_R","Defend_R","Bash","Iron Wave","Shrug It Off","Bandage Up","Flame Barrier","Corruption+1","Battle Trance","Feel No Pain","Juggernaut","Perfected Strike","True Grit","Barricade+1","Armaments+1","Writhe","Flex","Perfected Strike+1","Sever Soul"],"relics":["Burning Blood","Charon\u0027s Ashes","Dream Catcher","Ornamental Fan","Eternal Feather","Pen Nib","Ginger"],"potions_floor_usage":[7,25],"damage_taken":[{"damage":13,"enemies":"Cultist","floor":1,"turns":5},{"damage":10,"enemies":"Jaw Worm","floor":3,"turns":5},{"damage":58,"enemies":"Lagavulin","floor":7,"turns":13},{"damage":14,"enemies":"2 Louse","floor":12,"turns":4},{"damage":10,"enemies":"Looter","floor":13,"turns":4},{"damage":4,"enemies":"Exordium Wildlife","floor":14,"turns":4},{"damage":27,"enemies":"The Guardian","floor":16,"turns":9},{"damage":28,"enemies":"2 Thieves","floor":18,"turns":5},{"damage":17,"enemies":"Shell Parasite","floor":22,"turns":6},{"damage":28,"enemies":"Centurion and Healer","floor":24,"turns":5},{"damage":57,"enemies":"Slavers","floor":25,"turns":4}],"seed_played":"-6510945212394386281","potions_obtained":[{"floor":3,"key":"Energy Potion"},{"floor":13,"key":"SteroidPotion"},{"floor":14,"key":"SpeedPotion"},{"floor":16,"key":"Ancient Potion"},{"floor":22,"key":"SkillPotion"},{"floor":24,"key":"Strength Potion"}],"is_trial":false,"path_per_floor":["M","$","M","?","?","R","E","R","T","?","R","M","M","M","R","B",null,"M","?","?","$","M","R","M","E"],"character_chosen":"IRONCLAD","items_purchased":["Shrug It Off","Bandage Up","Flex"],"campfire_rested":3,"item_purchase_floors":[2,2,21],"current_hp_per_floor":[73,73,73,70,54,78,28,52,52,52,76,72,72,78,78,61,80,62,62,62,62,55,70,52,0],"gold":31,"neow_bonus":"","is_prod":false,"is_daily":false,"chose_seed":false,"campfire_upgraded":2,"win_rate":0.0,"timestamp":1570957198,"path_taken":["M","$","M","?","?","R","E","R","T","?","R","M","M","M","R","BOSS","M","?","?","$","?","R","M","E"],"build_version":"2019-07-17","purchased_purges":0,"victory":false,"max_hp_per_floor":[80,80,80,80,80,80,80,80,80,80,80,80,80,80,80,80,80,80,80,80,80,80,80,80,80],"card_choices":[{"not_picked":["Clothesline","Pommel Strike"],"picked":"Iron Wave","floor":1},{"not_picked":["Hemokinesis","Twin Strike"],"picked":"Flame Barrier","floor":3},{"not_picked":["Flex","Headbutt"],"picked":"Corruption","floor":7},{"not_picked":["Iron Wave","True Grit"],"picked":"Battle Trance","floor":8},{"not_picked":["Battle Trance","Iron Wave"],"picked":"Feel No Pain","floor":11},{"not_picked":["Inflame","Clothesline"],"picked":"Juggernaut","floor":12},{"not_picked":["Headbutt","Anger"],"picked":"Perfected Strike","floor":13},{"not_picked":["Anger","Pommel Strike"],"picked":"True Grit","floor":14},{"not_picked":["Reaper","Juggernaut"],"picked":"Barricade","floor":16},{"not_picked":["Battle Trance","Thunderclap+1"],"picked":"Armaments+1","floor":18},{"not_picked":["Infernal Blade","Clothesline"],"picked":"Perfected Strike+1","floor":22},{"not_picked":["True Grit","Iron Wave"],"picked":"Sever Soul","floor":24}],"player_experience":0,"relics_obtained":[{"floor":7,"key":"Dream Catcher"},{"floor":9,"key":"Ornamental Fan"}],"event_choices":[{"damage_healed":0,"gold_gain":0,"player_choice":"Success","damage_taken":3,"relics_obtained":["Charon\u0027s Ashes"],"max_hp_gain":0,"max_hp_loss":0,"event_name":"Scrap Ooze","floor":4,"gold_loss":0},{"damage_healed":0,"gold_gain":0,"player_choice":"Entered Light","damage_taken":16,"max_hp_gain":0,"max_hp_loss":0,"event_name":"Shining Light","floor":5,"gold_loss":0,"cards_upgraded":["Defend_R","Strike_R"]},{"damage_healed":0,"gold_gain":0,"player_choice":"Ignored","damage_taken":0,"max_hp_gain":0,"max_hp_loss":0,"event_name":"Golden Idol","floor":10,"gold_loss":0},{"damage_healed":0,"gold_gain":0,"player_choice":"Obtained Relic","damage_taken":0,"relics_obtained":["Pen Nib"],"max_hp_gain":0,"max_hp_loss":0,"event_name":"Addict","floor":19,"gold_loss":85},{"damage_healed":0,"gold_gain":0,"player_choice":"Opened","damage_taken":0,"relics_obtained":["Ginger"],"max_hp_gain":0,"max_hp_loss":0,"event_name":"The Mausoleum","floor":20,"gold_loss":0,"cards_obtained":["Writhe"]}],"is_beta":false,"boss_relics":[{"not_picked":["Black Blood","Coffee Dripper"],"picked":"Eternal Feather"}],"items_purged_floors":[],"is_endless":false,"potions_floor_spawned":[3,13,14,16,22,24],"killed_by":"Slavers","ascension_level":0}