{"gold_per_floor":[114,389,5,17,31,58,58,91,91,101,161,171,171,171,171,272,272,285,12,30,43,62,62,62,62,62,62,79,79],"floor_reached":29,"playtime":3406,"items_purged":["Regret"],"score":307,"play_id":"ca7c3450-542f-4cf3-b57b-b1a0e3b1e760","local_time":"20190921223322","is_ascension_mode":true,"campfire_choices":[{"data":"Armaments","floor":7,"key":"SMITH"},{"data":"1","floor":13,"key":"LIFT"},{"data":"2","floor":15,"key":"LIFT"},{"floor":25,"key":"REST"},{"data":"3","floor":27,"key":"LIFT"}],"neow_cost":"NONE","seed_source_timestamp":174357507734270,"circlet_count":0,"master_deck":["Bash","Dark Embrace","Flex","Armaments+1","Flex","Headbutt","Cleave","Feel No Pain","Flex","Inflame","Juggernaut","Demon Form","Shrug It Off","Entrench","Hemokinesis","Berserk","Whirlwind","Wild Strike","Flex+1","Shockwave","Good Instincts","Shrug It Off+1","True Grit","Blood for Blood+1","Armaments"],"relics":["Burning Blood","Girya","Bag of Preparation","Bottled Lightning","Pantograph","Tiny Chest","Pandora\u0027s Box","Lantern","Meat on the Bone"],"potions_floor_usage":[6,12,16,16,16,18,28,29],"damage_taken":[{"damage":11,"enemies":"Cultist","floor":1,"turns":4},{"damage":7,"enemies":"2 Louse","floor":4,"turns":3},{"damage":1,"enemies":"Small Slimes","floor":5,"turns":3},{"damage":35,"enemies":"Lagavulin","floor":6,"turns":8},{"damage":21,"enemies":"Gremlin Nob","floor":8,"turns":4},{"damage":0,"enemies":"2 Fungi Beasts","floor":10,"turns":3},{"damage":12,"enemies":"3 Sentries","floor":11,"turns":7},{"damage":0,"enemies":"Large Slime","floor":12,"turns":4},{"damage":30,"enemies":"The Guardian","floor":16,"turns":12},{"damage":31,"enemies":"Shell Parasite","floor":18,"turns":4},{"damage":10,"enemies":"Chosen","floor":20,"turns":3},{"damage":28,"enemies":"Centurion and Healer","floor":21,"turns":5},{"damage":27,"enemies":"Snake Plant","floor":22,"turns":4},{"damage":30,"enemies":"Chosen and Byrds","floor":28,"turns":7},{"damage":26,"enemies":"Gremlin Leader","floor":29,"turns":5}],"seed_played":"-2527806482545590076","potions_obtained":[{"floor":4,"key":"Fire Potion"},{"floor":11,"key":"Explosive Potion"},{"floor":12,"key":"EssenceOfSteel"},{"floor":14,"key":"LiquidBronze"},{"floor":14,"key":"Strength Potion"},{"floor":16,"key":"Explosive Potion"},{"floor":20,"key":"Weak Potion"},{"floor":21,"key":"Dexterity Potion"},{"floor":22,"key":"Weak Potion"}],"is_trial":false,"path_per_floor":["M","?","$","M","M","E","R","E","T","M","E","M","R","?","R","B",null,"M","$","M","M","M","?","?","R","T","R","M","E"],"character_chosen":"IRONCLAD","items_purchased":["Girya","Shockwave","Good Instincts","Lantern"],"campfire_rested":1,"item_purchase_floors":[3,19,19,19],"current_hp_per_floor":[75,75,75,74,79,50,50,35,35,41,35,41,41,41,41,42,80,55,55,51,29,8,8,8,32,32,32,20,0],"gold":79,"neow_bonus":"TRANSFORM_CARD","is_prod":false,"is_daily":false,"chose_seed":false,"campfire_upgraded":1,"win_rate":0,"timestamp":1569119602,"path_taken":["M","?","$","M","M","E","R","E","T","M","E","?","R","?","R","BOSS","M","$","M","M","?","?","?","R","T","R","M","E"],"build_version":"2019-07-17","purchased_purges":1,"victory":false,"max_hp_per_floor":[80,80,80,80,80,80,80,80,80,80,80,80,80,80,80,80,80,80,80,80,80,80,80,80,80,80,80,80,80],"card_choices":[{"not_picked":["Heavy Blade","Perfected Strike"],"picked":"Flex","floor":1},{"not_picked":["Clash","Dual Wield"],"picked":"Armaments","floor":4},{"not_picked":["Anger","Rampage"],"picked":"Flex","floor":5},{"not_picked":["Havoc","Clothesline"],"picked":"Headbutt","floor":6},{"not_picked":["Armaments","True Grit"],"picked":"Cleave","floor":8},{"not_picked":["Sentinel","True Grit"],"picked":"Feel No Pain","floor":10},{"not_picked":["Bloodletting","Twin Strike"],"picked":"Flex","floor":11},{"not_picked":["Bloodletting","Flex"],"picked":"Inflame","floor":12},{"not_picked":["Exhume","Offering"],"picked":"Juggernaut","floor":16},{"not_picked":["Corruption","Warcry"],"picked":"Flex+1","floor":18},{"not_picked":["Intimidate","Thunderclap"],"picked":"Shrug It Off+1","floor":20},{"not_picked":["Whirlwind","Iron Wave"],"picked":"True Grit","floor":21},{"not_picked":["Rampage","Wild Strike"],"picked":"Blood for Blood+1","floor":22},{"not_picked":["Flex+1","Rampage"],"picked":"Armaments","floor":28}],"player_experience":374958,"relics_obtained":[{"floor":6,"key":"Bag of Preparation"},{"floor":8,"key":"Bottled Lightning"},{"floor":9,"key":"Pantograph"},{"floor":11,"key":"Tiny Chest"},{"floor":26,"key":"Meat on the Bone"}],"event_choices":[{"damage_healed":0,"gold_gain":275,"player_choice":"Desecrate","damage_taken":0,"max_hp_gain":0,"max_hp_loss":0,"event_name":"Golden Shrine","floor":2,"gold_loss":0,"cards_obtained":["Regret"]},{"damage_healed":0,"gold_gain":0,"player_choice":"Got Potions","damage_taken":0,"max_hp_gain":0,"max_hp_loss":0,"event_name":"Lab","floor":14,"gold_loss":0},{"damage_healed":0,"gold_gain":0,"player_choice":"Ignored","damage_taken":0,"max_hp_gain":0,"max_hp_loss":0,"event_name":"The Mausoleum","floor":23,"gold_loss":0},{"cards_removed":["Flex"],"damage_healed":0,"gold_gain":0,"player_choice":"Elegance","damage_taken":0,"max_hp_gain":0,"max_hp_loss":0,"event_name":"Back to Basics","floor":24,"gold_loss":0}],"is_beta":false,"boss_relics":[{"not_picked":["Eternal Feather","Runic Dome"],"picked":"Pandora\u0027s Box"}],"items_purged_floors":[3],"is_endless":false,"potions_floor_spawned":[4,11,12,16,20,21,22],"killed_by":"Gremlin Leader","ascension_level":3}