{"gold_per_floor":[119,119,138,163,163,196,271,285,285,285,106,106,139,162,162,162],"floor_reached":16,"playtime":788,"items_purged":["Strike_R"],"score":110,"play_id":"4b29a0df-657b-4810-bd7c-cc2c77160a41","local_time":"20181223180113","is_ascension_mode":false,"campfire_choices":[{"floor":10,"key":"REST"},{"data":"Body Slam","floor":15,"key":"SMITH"}],"neow_cost":"NONE","seed_source_timestamp":5819130135972,"circlet_count":0,"master_deck":["Strike_R","Strike_R","Strike_R","Defend_R","Defend_R","Defend_R","Defend_R","Bash","Cleave","Clothesline","Body Slam+1","True Grit","Inflame","Impervious","Headbutt"],"relics":["Burning Blood","Golden Idol","Anchor","The Courier","Pen Nib"],"potions_floor_usage":[],"damage_taken":[{"damage":8,"enemies":"Jaw Worm","floor":1,"turns":3},{"damage":10,"enemies":"Small Slimes","floor":3,"turns":3},{"damage":4,"enemies":"Cultist","floor":4,"turns":3},{"damage":28,"enemies":"Gremlin Nob","floor":6,"turns":4},{"damage":0,"enemies":"Looter","floor":8,"turns":3},{"damage":13,"enemies":"3 Sentries","floor":13,"turns":7},{"damage":6,"enemies":"Exordium Wildlife","floor":14,"turns":2},{"damage":35,"enemies":"Hexaghost","floor":16,"turns":10}],"seed_played":"5423243531596794192","potions_obtained":[{"floor":6,"key":"Dexterity Potion"},{"floor":8,"key":"GamblersBrew"},{"floor":14,"key":"Block Potion"}],"is_trial":false,"path_per_floor":["M","?","M","M","?","E","?","M","T","R","$","?","E","M","R","B"],"character_chosen":"IRONCLAD","items_purchased":["Impervious"],"campfire_rested":1,"item_purchase_floors":[11],"current_hp_per_floor":[78,74,70,72,47,25,14,20,20,42,42,42,35,35,35,0],"gold":162,"neow_bonus":"THREE_CARDS","is_prod":false,"is_daily":false,"chose_seed":false,"campfire_upgraded":1,"win_rate":0,"timestamp":1545598873,"path_taken":["M","?","M","M","?","E","?","M","T","R","$","?","E","M","R","BOSS"],"build_version":"2018-12-20","purchased_purges":1,"victory":false,"max_hp_per_floor":[80,74,74,74,74,74,74,74,74,74,74,74,74,74,74,74],"card_choices":[{"not_picked":["Clothesline","Thunderclap"],"picked":"Cleave","floor":0},{"not_picked":["Havoc","Rampage"],"picked":"Clothesline","floor":1},{"not_picked":["Twin Strike","Anger"],"picked":"Body Slam","floor":3},{"not_picked":["Clash","Heavy Blade","Body Slam"],"picked":"SKIP","floor":4},{"not_picked":["Heavy Blade","Juggernaut"],"picked":"True Grit","floor":6},{"not_picked":["Ghostly Armor","Thunderclap"],"picked":"Inflame","floor":8},{"not_picked":["True Grit","Wild Strike"],"picked":"Headbutt","floor":13},{"not_picked":["Twin Strike","Blood for Blood","Thunderclap"],"picked":"SKIP","floor":14}],"player_experience":622203,"relics_obtained":[{"floor":6,"key":"The Courier"},{"floor":13,"key":"Pen Nib"}],"event_choices":[{"damage_healed":0,"gold_gain":0,"player_choice":"Lose Max HP","damage_taken":0,"relics_obtained":["Golden Idol"],"max_hp_gain":0,"max_hp_loss":6,"event_name":"Golden Idol","floor":2,"gold_loss":0},{"damage_healed":0,"gold_gain":0,"player_choice":"Success","damage_taken":25,"relics_obtained":["Anchor"],"max_hp_gain":0,"max_hp_loss":0,"event_name":"Scrap Ooze","floor":5,"gold_loss":0},{"damage_healed":0,"gold_gain":75,"player_choice":"Gather Gold","damage_taken":11,"max_hp_gain":0,"max_hp_loss":0,"event_name":"World of Goop","floor":7,"gold_loss":0},{"cards_removed":["Strike_R"],"damage_healed":0,"gold_gain":0,"player_choice":"Purged","damage_taken":0,"max_hp_gain":0,"max_hp_loss":0,"event_name":"Purifier","floor":12,"gold_loss":0}],"is_beta":false,"boss_relics":[],"items_purged_floors":[11],"is_endless":false,"potions_floor_spawned":[6,8,14],"killed_by":"Hexaghost","ascension_level":0}