{"gold_per_floor":[113,43,59,74,89,89,103,103,126,151,151,164,193,28,28,106,106,118,130,55,75,75,92,92,104,172,172,206,222,222,234,234,234],"floor_reached":33,"playtime":3069,"items_purged":[],"score":562,"play_id":"9696975a-ceb0-46d3-be3a-73a2d827cdc9","local_time":"20190129170057","is_ascension_mode":true,"campfire_choices":[{"data":"Uppercut","floor":6.0,"key":"SMITH"},{"data":"Spot Weakness","floor":8.0,"key":"SMITH"},{"data":"Flame Barrier","floor":11.0,"key":"SMITH"},{"data":"Armaments","floor":15.0,"key":"SMITH"},{"data":"True Grit","floor":24,"key":"SMITH"},{"floor":27,"key":"REST"},{"data":"Evolve","floor":30,"key":"SMITH"},{"floor":32,"key":"REST"}],"neow_cost":"NONE","seed_source_timestamp":0,"circlet_count":0,"master_deck":["AscendersBane","Strike_R","Defend_R","Defend_R","Defend_R","Defend_R","Bash","Twin Strike","Uppercut+1","Flame Barrier+1","Spot Weakness+1","Cleave","Heavy Blade","Armaments+1","Fiend Fire","Inflame","Feed","Carnage","Infernal Blade","True Grit+1","Iron Wave","Evolve+1"],"special_seed":0,"relics":["Burning Blood","Regal Pillow","Bag of Marbles","Bag of Preparation","Mummified Hand","Lantern","Mark of Pain","Letter Opener","Turnip"],"potions_floor_usage":[28,33],"damage_taken":[{"damage":1.0,"enemies":"Cultist","floor":1.0,"turns":3.0},{"damage":7.0,"enemies":"Small Slimes","floor":3.0,"turns":3.0},{"damage":15.0,"enemies":"2 Louse","floor":4.0,"turns":3.0},{"damage":10.0,"enemies":"Lots of Slimes","floor":5.0,"turns":5.0},{"damage":9.0,"enemies":"2 Fungi Beasts","floor":7.0,"turns":4.0},{"damage":25.0,"enemies":"3 Sentries","floor":10.0,"turns":4.0},{"damage":4.0,"enemies":"Blue Slaver","floor":12.0,"turns":5.0},{"damage":20.0,"enemies":"Gremlin Nob","floor":13.0,"turns":4.0},{"damage":10.0,"enemies":"The Guardian","floor":16.0,"turns":11.0},{"damage":24.0,"enemies":"3 Byrds","floor":18.0,"turns":4.0},{"damage":0.0,"enemies":"Chosen","floor":19.0,"turns":2.0},{"damage":35.0,"enemies":"3 Cultists","floor":21.0,"turns":6.0},{"damage":0,"enemies":"Centurion and Healer","floor":23,"turns":4},{"damage":8,"enemies":"Snecko","floor":25,"turns":4},{"damage":33,"enemies":"Gremlin Leader","floor":28,"turns":7},{"damage":9,"enemies":"3 Cultists","floor":29,"turns":4},{"damage":23,"enemies":"Shelled Parasite and Fungi","floor":31,"turns":3},{"damage":70,"enemies":"Automaton","floor":33,"turns":6}],"seed_played":"-2296044452999651147","potions_obtained":[{"floor":4.0,"key":"AttackPotion"},{"floor":5.0,"key":"Poison Potion"},{"floor":10.0,"key":"AttackPotion"},{"floor":16.0,"key":"Dexterity Potion"},{"floor":29,"key":"AttackPotion"}],"is_trial":false,"path_per_floor":["M","?","M","M","M","R","M","R","T","E","R","M","E","$","R","B",null,"M","M","?","M","?","M","R","M","T","R","E","M","R","M","R","B"],"character_chosen":"IRONCLAD","items_purchased":["Lantern"],"campfire_rested":2,"item_purchase_floors":[14],"current_hp_per_floor":[73,73,72,63,59,59,56,56,56,37,37,39,25,25,25,21,62,44,50,50,21,21,30,30,28,28,66,39,39,39,25,65,0],"gold":234,"neow_bonus":"TRANSFORM_CARD","is_prod":false,"is_daily":false,"chose_seed":false,"campfire_upgraded":6,"win_rate":0,"timestamp":1548792057,"path_taken":["M","?","M","?","M","R","M","R","T","E","R","M","E","?","R","BOSS","M","M","?","M","?","M","R","M","T","R","E","M","R","M","R","BOSS"],"build_version":"2019-01-23","purchased_purges":0,"victory":false,"max_hp_per_floor":[75,75,75,75,75,75,75,75,75,75,75,75,75,75,75,75,75,75,75,75,75,75,78,78,78,78,78,78,81,81,84,84,84],"card_choices":[{"not_picked":["Havoc","Rupture","Twin Strike"],"picked":"SKIP","floor":1.0},{"not_picked":["Heavy Blade","Entrench"],"picked":"Uppercut","floor":3.0},{"not_picked":["Rage","Flex"],"picked":"Flame Barrier","floor":4.0},{"not_picked":["Rampage","Wild Strike"],"picked":"Spot Weakness","floor":5.0},{"not_picked":["Armaments","Uppercut"],"picked":"Cleave","floor":7.0},{"not_picked":["Shockwave","Twin Strike","Pommel Strike"],"picked":"SKIP","floor":10.0},{"not_picked":["Infernal Blade","Barricade"],"picked":"Heavy Blade","floor":12.0},{"not_picked":["Clash","Heavy Blade"],"picked":"Armaments","floor":13.0},{"not_picked":["Berserk","Immolate"],"picked":"Fiend Fire","floor":16.0},{"not_picked":["Flex","Power Through"],"picked":"Inflame","floor":18.0},{"not_picked":["Flex","Twin Strike","Havoc+1"],"picked":"SKIP","floor":19.0},{"not_picked":["Perfected Strike","Rupture"],"picked":"Feed","floor":21.0},{"not_picked":["Dual Wield","Warcry"],"picked":"True Grit","floor":23},{"not_picked":["Sentinel","Pummel"],"picked":"Iron Wave","floor":25},{"not_picked":["Blood for Blood","True Grit"],"picked":"Evolve","floor":28},{"not_picked":["Clothesline","Cleave","Pommel Strike"],"picked":"SKIP","floor":29},{"not_picked":["Burning Pact","Sword Boomerang","Headbutt"],"picked":"SKIP","floor":31}],"player_experience":785940,"relics_obtained":[{"floor":9.0,"key":"Bag of Marbles"},{"floor":10.0,"key":"Bag of Preparation"},{"floor":13.0,"key":"Mummified Hand"},{"floor":26,"key":"Letter Opener"},{"floor":28,"key":"Turnip"}],"event_choices":[{"damage_healed":0.0,"max_hp_gain":0.0,"max_hp_loss":0.0,"gold_gain":0.0,"event_name":"WeMeetAgain","player_choice":"Paid Gold","floor":2.0,"gold_loss":70.0,"damage_taken":0.0,"relics_obtained":["Regal Pillow"]},{"cards_removed":["Strike_R"],"damage_healed":0.0,"max_hp_gain":0.0,"max_hp_loss":0.0,"gold_gain":0.0,"event_name":"Beggar","player_choice":"Gave Gold","floor":20.0,"gold_loss":75.0,"damage_taken":0.0},{"damage_healed":0.0,"max_hp_gain":0.0,"max_hp_loss":0.0,"gold_gain":0.0,"cards_transformed":["Strike_R","Strike_R"],"event_name":"Drug Dealer","player_choice":"Became Test Subject","floor":22.0,"gold_loss":0.0,"damage_taken":0.0,"cards_obtained":["Carnage","Infernal Blade"]}],"is_beta":false,"boss_relics":[{"not_picked":["Runic Cube","Black Star"],"picked":"Mark of Pain"}],"items_purged_floors":[],"is_endless":false,"potions_floor_spawned":[4,5,10,12,16,19,23,25,29],"killed_by":"Automaton","ascension_level":20}