{"gold_per_floor":[119,38,113,123,123,150,164,197,197,223,523,523,553,563,563,660,660,685,266,284,304,77,77,107,107],"floor_reached":25,"playtime":1067,"items_purged":["Doubt"],"score":330,"play_id":"770fc3c6-fd82-46c2-8622-fc7059001a69","local_time":"20190506104444","is_ascension_mode":true,"campfire_choices":[{"floor":12,"key":"REST"},{"data":"Corruption","floor":15,"key":"SMITH"},{"floor":23,"key":"REST"}],"neow_cost":"NONE","seed_source_timestamp":405711832122209,"circlet_count":0,"master_deck":["Strike_R","Strike_R","Strike_R","Strike_R","Strike_R","Defend_R","Defend_R","Defend_R","Defend_R","Bash","Heavy Blade","Corruption+1","Metallicize","Disarm","Pummel+1","Infernal Blade","Flame Barrier","Armaments","Sever Soul+1","Feed+1","Decay","Normality","Shrug It Off","Inflame","Spot Weakness+1","Pummel+1","Reaper+1","Battle Trance+1"],"relics":["Burning Blood","NeowsBlessing","Molten Egg 2","Dodecahedron","Ornamental Fan","Odd Mushroom","Old Coin","Paper Frog","Calling Bell","MawBank","Mercury Hourglass","FossilizedHelix","Toxic Egg 2","Omamori"],"potions_floor_usage":[10,16,18,20],"damage_taken":[{"damage":0,"enemies":"Small Slimes","floor":1,"turns":1},{"damage":0,"enemies":"2 Louse","floor":4,"turns":1},{"damage":0,"enemies":"3 Sentries","floor":6,"turns":2},{"damage":7,"enemies":"Cultist","floor":7,"turns":5},{"damage":48,"enemies":"Lagavulin","floor":8,"turns":9},{"damage":5,"enemies":"The Mushroom Lair","floor":10,"turns":4},{"damage":20,"enemies":"Gremlin Nob","floor":13,"turns":5},{"damage":0,"enemies":"Blue Slaver","floor":14,"turns":5},{"damage":40,"enemies":"Slime Boss","floor":16,"turns":10},{"damage":24,"enemies":"3 Byrds","floor":18,"turns":4},{"damage":1,"enemies":"2 Thieves","floor":20,"turns":3},{"damage":32,"enemies":"Shelled Parasite and Fungi","floor":21,"turns":3},{"damage":56,"enemies":"Book of Stabbing","floor":24,"turns":7},{"damage":42,"enemies":"Masked Bandits","floor":25,"turns":3}],"seed_played":"2651229121833404571","potions_obtained":[{"floor":4,"key":"GamblersBrew"},{"floor":6,"key":"AttackPotion"},{"floor":10,"key":"Explosive Potion"},{"floor":13,"key":"Weak Potion"},{"floor":16,"key":"GamblersBrew"},{"floor":24,"key":"FairyPotion"}],"is_trial":false,"path_per_floor":["M","$","?","M","$","E","M","E","T","?","?","R","E","M","R","B",null,"M","$","M","M","$","R","E","?"],"character_chosen":"IRONCLAD","items_purchased":["Corruption","Toxic Egg 2","Inflame","Spot Weakness+1","Reaper+1","Battle Trance+1"],"campfire_rested":2,"item_purchase_floors":[2,19,19,19,22,22],"current_hp_per_floor":[80,80,80,80,80,80,79,37,37,38,38,62,48,54,54,20,65,51,51,56,34,34,60,10,6],"gold":107,"neow_bonus":"THREE_ENEMY_KILL","is_prod":false,"is_daily":false,"chose_seed":false,"campfire_upgraded":1,"win_rate":0,"timestamp":1557153884,"path_taken":["M","$","?","M","$","E","M","E","T","?","?","R","E","M","R","BOSS","M","$","M","M","$","R","E","?"],"build_version":"2019-01-23","purchased_purges":1,"victory":false,"max_hp_per_floor":[80,80,80,80,80,80,80,80,80,80,80,80,80,80,80,80,80,84,84,84,88,88,88,88,88],"card_choices":[{"not_picked":["Headbutt","Body Slam"],"picked":"Heavy Blade","floor":1},{"not_picked":["Evolve","Anger"],"picked":"Metallicize","floor":4},{"not_picked":["Power Through","Body Slam"],"picked":"Disarm","floor":6},{"not_picked":["Body Slam+1","True Grit"],"picked":"Pummel+1","floor":7},{"not_picked":["Searing Blow+1","Thunderclap+1"],"picked":"Infernal Blade","floor":8},{"not_picked":["Flex","Feel No Pain"],"picked":"Flame Barrier","floor":10},{"not_picked":["Second Wind","Berserk"],"picked":"Armaments","floor":13},{"not_picked":["Cleave+1","Anger+1"],"picked":"Sever Soul+1","floor":14},{"not_picked":["Berserk","Juggernaut"],"picked":"Feed+1","floor":16},{"not_picked":["Headbutt+1","True Grit+1"],"picked":"Shrug It Off","floor":18},{"not_picked":["Shockwave+1","Bloodletting+1","Body Slam+1"],"picked":"SKIP","floor":20},{"not_picked":["Headbutt+1","Thunderclap+1"],"picked":"Pummel+1","floor":21},{"not_picked":["Cleave+1","Warcry+1","Anger+1"],"picked":"SKIP","floor":24}],"player_experience":480591,"relics_obtained":[{"floor":6,"key":"Molten Egg 2"},{"floor":8,"key":"Dodecahedron"},{"floor":9,"key":"Ornamental Fan"},{"floor":10,"key":"Odd Mushroom"},{"floor":13,"key":"Paper Frog"},{"floor":17,"key":"MawBank"},{"floor":17,"key":"Mercury Hourglass"},{"floor":17,"key":"FossilizedHelix"},{"floor":24,"key":"Omamori"}],"event_choices":[{"damage_healed":0,"gold_gain":75,"player_choice":"Gained Gold","damage_taken":0,"max_hp_gain":0,"max_hp_loss":0,"event_name":"Golden Wing","floor":3,"gold_loss":0},{"damage_healed":0,"gold_gain":0,"player_choice":"Fought Mushrooms","damage_taken":0,"max_hp_gain":0,"max_hp_loss":0,"event_name":"Mushrooms","floor":10,"gold_loss":0},{"damage_healed":0,"gold_gain":0,"player_choice":"Searched \u00271\u0027 times","damage_taken":0,"relics_obtained":["Old Coin"],"max_hp_gain":0,"max_hp_loss":0,"event_name":"Dead Adventurer","floor":11,"gold_loss":0},{"damage_healed":0,"gold_gain":0,"player_choice":"Fought Bandits","damage_taken":0,"max_hp_gain":0,"max_hp_loss":0,"event_name":"Masked Bandits","floor":25,"gold_loss":0}],"is_beta":false,"boss_relics":[{"not_picked":["Eternal Feather","Runic Pyramid"],"picked":"Calling Bell"}],"items_purged_floors":[19],"is_endless":false,"potions_floor_spawned":[4,6,10,13,16,24],"killed_by":"Masked Bandits","ascension_level":5}