{"gold_per_floor":[110,121,121,131,131,131,39,39,110,121,396,407,419,450,450,549,549,560,560,560,560,574,574,574,574],"floor_reached":25,"playtime":843,"items_purged":[],"score":201,"play_id":"0289e99f-5b72-4528-85d1-3fb6ba2232ac","local_time":"20180915012943","is_ascension_mode":false,"campfire_choices":[{"floor":6,"key":"REST"},{"floor":15,"key":"REST"}],"neow_cost":"NONE","seed_source_timestamp":41769012971935,"circlet_count":0,"master_deck":["Strike_B+1","Strike_B+1","Strike_B+1","Strike_B+1","Defend_B+1","Defend_B+1","Defend_B+1","Defend_B+1","Zap","Dualcast","Ball Lightning","Chaos","Ball Lightning","Stack","Discovery","Steam","Meteor Strike","Regret","Streamline","White Noise","Self Repair","Sweeping Beam","Seek","Rip and Tear","Creative AI","Melter","Conserve Battery+1","Sunder","Chaos+1","RitualDagger"],"relics":["Cracked Core","Dream Catcher","Prayer Wheel","Matryoshka","Smiling Mask","Runic Pyramid","Nilry\u0027s Codex"],"potions_floor_usage":[14,16,16,25,25],"damage_taken":[{"damage":1,"enemies":"Jaw Worm","floor":1,"turns":3},{"damage":2,"enemies":"2 Louse","floor":2,"turns":3},{"damage":0,"enemies":"Small Slimes","floor":4,"turns":3},{"damage":8,"enemies":"Red Slaver","floor":10,"turns":2},{"damage":19,"enemies":"Exordium Thugs","floor":12,"turns":5},{"damage":2,"enemies":"Large Slime","floor":13,"turns":5},{"damage":21,"enemies":"3 Sentries","floor":14,"turns":5},{"damage":16,"enemies":"Slime Boss","floor":16,"turns":7},{"damage":28,"enemies":"3 Byrds","floor":18,"turns":4},{"damage":24,"enemies":"Chosen","floor":22,"turns":7},{"damage":11,"enemies":"Centurion and Healer","floor":25,"turns":2}],"seed_played":"-3913950031991860107","potions_obtained":[{"floor":4,"key":"LiquidBronze"},{"floor":12,"key":"GamblersBrew"},{"floor":13,"key":"SpeedPotion"},{"floor":14,"key":"AttackPotion"},{"floor":22,"key":"AttackPotion"}],"is_trial":false,"path_per_floor":["M","M","?","M","?","R","$","?","T","M","?","M","M","E","R","B",null,"M","?","?","?","M","?","?"],"character_chosen":"DEFECT","items_purchased":["Discovery"],"campfire_rested":2,"item_purchase_floors":[7],"current_hp_per_floor":[74,72,72,72,54,75,75,75,75,67,67,48,53,39,61,52,75,54,54,54,54,30,14,8,0],"gold":574,"neow_bonus":"RANDOM_COMMON_RELIC","is_prod":false,"is_daily":false,"chose_seed":false,"campfire_upgraded":0,"win_rate":0.0,"timestamp":1536989383,"path_taken":["M","M","?","?","?","R","$","?","T","?","?","M","M","E","R","BOSS","M","?","?","?","M","?","?","M"],"build_version":"2018-09-06","purchased_purges":0,"victory":false,"max_hp_per_floor":[75,75,75,75,75,75,75,75,75,75,75,75,75,75,75,75,75,75,75,75,75,75,75,75,75],"card_choices":[{"not_picked":["Turbo","Recycle"],"picked":"Ball Lightning","floor":1},{"not_picked":["Streamline","Rebound"],"picked":"Chaos","floor":2},{"not_picked":["Aggregate","Barrage"],"picked":"Ball Lightning","floor":4},{"not_picked":["Compile Driver","Ball Lightning"],"picked":"Stack","floor":6},{"not_picked":["Beam Cell","Reprogram"],"picked":"Steam","floor":10},{"not_picked":["Capacitor","Turbo"],"picked":"Meteor Strike","floor":10},{"not_picked":["Cold Snap","Reinforced Body"],"picked":"Streamline","floor":12},{"not_picked":["Coolheaded","Sweeping Beam"],"picked":"White Noise","floor":12},{"not_picked":["Gash","Steam Power"],"picked":"Self Repair","floor":13},{"not_picked":["Rip and Tear","Steam"],"picked":"Sweeping Beam","floor":13},{"not_picked":["Sweeping Beam","Barrage"],"picked":"Seek","floor":14},{"not_picked":["Streamline","Gash"],"picked":"Rip and Tear","floor":15},{"not_picked":["Thunder Strike","Multi-Cast"],"picked":"Creative AI","floor":16},{"not_picked":["Streamline","White Noise"],"picked":"Melter","floor":18},{"not_picked":["Fusion+1","Steam Power"],"picked":"Conserve Battery+1","floor":18},{"not_picked":["BootSequence","Undo"],"picked":"Sunder","floor":22},{"not_picked":["Darkness+1","Consume"],"picked":"Chaos+1","floor":22}],"player_experience":107251,"relics_obtained":[{"floor":9,"key":"Matryoshka"},{"floor":14,"key":"Smiling Mask"},{"floor":23,"key":"Nilry\u0027s Codex"}],"event_choices":[{"event_name":"Golden Wing","player_choice":"Ignored","floor":3,"damage_taken":0},{"event_name":"Scrap Ooze","player_choice":"success","floor":5,"damage_taken":18},{"event_name":"The Cleric","player_choice":"Leave","floor":8,"damage_taken":0},{"event_name":"Golden Shrine","player_choice":"Desecrate","floor":11,"damage_taken":0},{"event_name":"Ghosts","player_choice":"Ignored","floor":19,"damage_taken":0},{"event_name":"Wheel of Change","player_choice":"Relic","floor":20,"damage_taken":0},{"event_name":"Back to Basics","player_choice":"Simplicity","floor":21,"damage_taken":0},{"event_name":"Cursed Tome","player_choice":"Obtained Book","floor":23,"damage_taken":0},{"event_name":"Nest","player_choice":"Joined the Cult","floor":24,"damage_taken":0}],"is_beta":false,"boss_relics":[{"not_picked":["Pandora\u0027s Box","Ectoplasm"],"picked":"Runic Pyramid"}],"items_purged_floors":[],"is_endless":false,"potions_floor_spawned":[4,12,13,14,22],"killed_by":"Centurion and Healer","ascension_level":0}