{"gold_per_floor":[114,127,127,146,124,124,142,142,172,206,217,231,248,260,260,361,361,376,396,416,433,32,32,32],"floor_reached":24,"playtime":1190,"items_purged":[],"score":326,"play_id":"aa351ec2-3f30-4837-bad0-5df93dccd3d5","local_time":"20190503171716","is_ascension_mode":true,"campfire_choices":[{"data":"Catalyst","floor":6,"key":"SMITH"},{"data":"Noxious Fumes","floor":8,"key":"SMITH"},{"floor":15,"key":"REST"},{"floor":23,"key":"REST"}],"neow_cost":"NONE","seed_source_timestamp":169938835604439,"circlet_count":0,"master_deck":["AscendersBane","Defend_G","Defend_G","Defend_G","Defend_G","Strike_G","Strike_G","Survivor","Neutralize","Poisoned Stab","Deadly Poison","Noxious Fumes+1","Catalyst+1","Backflip","Bane","PiercingWail","Footwork","Poisoned Stab","Crippling Poison","Bane","Die Die Die","Infinite Blades+1","Burst+1","Calculated Gamble+1","Deadly Poison","PiercingWail","Well Laid Plans","Poisoned Stab","Noxious Fumes","Bouncing Flask","Bane"],"relics":["Ring of the Snake","NeowsBlessing","Tiny Chest","Paper Crane","Astrolabe","Meat on the Bone"],"potions_floor_usage":[19,21],"damage_taken":[{"damage":0,"enemies":"2 Louse","floor":1,"turns":1},{"damage":0,"enemies":"Cultist","floor":2,"turns":1},{"damage":0,"enemies":"Jaw Worm","floor":4,"turns":1},{"damage":7,"enemies":"3 Louse","floor":7,"turns":4},{"damage":29,"enemies":"Gremlin Nob","floor":10,"turns":4},{"damage":10,"enemies":"Blue Slaver","floor":11,"turns":3},{"damage":1,"enemies":"Looter","floor":12,"turns":3},{"damage":1,"enemies":"2 Fungi Beasts","floor":13,"turns":4},{"damage":6,"enemies":"Exordium Thugs","floor":14,"turns":4},{"damage":12,"enemies":"Slime Boss","floor":16,"turns":10},{"damage":0,"enemies":"3 Byrds","floor":18,"turns":5},{"damage":9,"enemies":"2 Thieves","floor":19,"turns":4},{"damage":23,"enemies":"Centurion and Healer","floor":20,"turns":8},{"damage":10,"enemies":"Chosen and Byrds","floor":21,"turns":6},{"damage":47,"enemies":"Gremlin Leader","floor":24,"turns":6}],"seed_played":"154107666639592815","potions_obtained":[{"floor":4,"key":"Swift Potion"},{"floor":10,"key":"GhostInAJar"},{"floor":12,"key":"Strength Potion"},{"floor":16,"key":"AttackPotion"}],"is_trial":false,"path_per_floor":["M","M","?","M","$","R","M","R","T","E","M","M","M","M","R","B",null,"M","M","M","M","$","R","E"],"character_chosen":"THE_SILENT","items_purchased":["Backflip","Meat on the Bone","Noxious Fumes","Bouncing Flask","Bane"],"campfire_rested":2,"item_purchase_floors":[5,22,22,22,22],"current_hp_per_floor":[63,63,63,63,63,63,56,56,56,27,17,16,15,9,30,18,57,57,48,25,15,15,36,0],"gold":32,"neow_bonus":"THREE_ENEMY_KILL","is_prod":false,"is_daily":false,"chose_seed":false,"campfire_upgraded":2,"win_rate":0,"timestamp":1556918236,"path_taken":["M","M","?","?","$","R","M","R","T","E","M","?","M","?","R","BOSS","M","M","M","M","$","R","E"],"build_version":"2019-01-23","purchased_purges":0,"victory":false,"max_hp_per_floor":[70,70,70,70,70,70,70,70,70,70,70,70,70,70,70,70,70,70,70,70,70,70,70,70],"card_choices":[{"not_picked":["Distraction","Reflex"],"picked":"Poisoned Stab","floor":1},{"not_picked":["Dodge and Roll","Slice"],"picked":"Deadly Poison","floor":2},{"not_picked":["Dagger Spray","Dodge and Roll"],"picked":"Catalyst","floor":4},{"not_picked":["Acrobatics","Calculated Gamble"],"picked":"Bane","floor":7},{"not_picked":["Dagger Throw","Reflex"],"picked":"PiercingWail","floor":10},{"not_picked":["Catalyst","Acrobatics"],"picked":"Footwork","floor":11},{"not_picked":["Night Terror","Outmaneuver"],"picked":"Poisoned Stab","floor":12},{"not_picked":["Acrobatics","Eviscerate"],"picked":"Crippling Poison","floor":13},{"not_picked":["Masterful Stab","Reflex"],"picked":"Bane","floor":14},{"not_picked":["Grand Finale","Wraith Form v2"],"picked":"Die Die Die","floor":16},{"not_picked":["Backflip","Dagger Throw"],"picked":"Deadly Poison","floor":18},{"not_picked":["Bane","Slice"],"picked":"PiercingWail","floor":19},{"not_picked":["Dagger Throw+1","Dodge and Roll"],"picked":"Well Laid Plans","floor":20},{"not_picked":["Caltrops","Terror"],"picked":"Poisoned Stab","floor":21}],"player_experience":476939,"relics_obtained":[{"floor":9,"key":"Tiny Chest"},{"floor":10,"key":"Paper Crane"}],"event_choices":[{"damage_healed":0,"gold_gain":0,"cards_transformed":["Strike_G"],"player_choice":"Transformed","damage_taken":0,"max_hp_gain":0,"max_hp_loss":0,"event_name":"Transmorgrifier","floor":3,"gold_loss":0,"cards_obtained":["Noxious Fumes"]}],"is_beta":false,"boss_relics":[{"not_picked":["Empty Cage","Coffee Dripper"],"picked":"Astrolabe"}],"items_purged_floors":[],"is_endless":false,"potions_floor_spawned":[4,10,12,13,16,18],"killed_by":"Gremlin Leader","ascension_level":12}