{"gold_per_floor":[117,129,129,146,146,146,146,173,197,211,211,50,50,66,66,144,444,456,456,9,9,25,25],"floor_reached":23,"playtime":973,"items_purged":["Strike_B","Pain"],"score":378,"play_id":"80831285-0eb6-4160-a526-5143f9c26089","local_time":"20190106154336","is_ascension_mode":true,"campfire_choices":[{"data":"Zap","floor":6,"key":"SMITH"},{"data":"Streamline","floor":7,"key":"SMITH"},{"data":"Dualcast","floor":13,"key":"SMITH"},{"floor":15,"key":"REST"}],"neow_cost":"PERCENT_DAMAGE","seed_source_timestamp":4527089668538,"circlet_count":0,"master_deck":["AscendersBane","Strike_B","Strike_B","Strike_B","Defend_B","Defend_B","Defend_B","Defend_B","Zap+1","Dualcast+1","Streamline+1","Ball Lightning","Steam+1","Buffer+1","Ball Lightning","Leap","Cold Snap","Fission+1","Doubt","Injury","Tempest","Ghostly","Ghostly","Ghostly","Coolheaded","White Noise"],"relics":["Cracked Core","WingedGreaves","Blood Vial","Bronze Scales","Calling Bell","Dream Catcher","The Courier","Old Coin","Bird Faced Urn"],"potions_floor_usage":[23,23],"damage_taken":[{"damage":10,"enemies":"Small Slimes","floor":1,"turns":3},{"damage":0,"enemies":"2 Louse","floor":2,"turns":2},{"damage":1,"enemies":"Cultist","floor":4,"turns":3},{"damage":32,"enemies":"Gremlin Nob","floor":8,"turns":4},{"damage":1,"enemies":"Looter","floor":10,"turns":3},{"damage":0,"enemies":"Large Slime","floor":14,"turns":3},{"damage":5,"enemies":"Slime Boss","floor":16,"turns":7},{"damage":24,"enemies":"Spheric Guardian","floor":18,"turns":5},{"damage":17,"enemies":"Shell Parasite","floor":22,"turns":5},{"damage":42,"enemies":"Book of Stabbing","floor":23,"turns":4}],"seed_played":"-6260279906183229169","potions_obtained":[{"floor":1,"key":"EssenceOfSteel"},{"floor":2,"key":"SpeedPotion"},{"floor":8,"key":"Regen Potion"},{"floor":16,"key":"Dexterity Potion"}],"is_trial":false,"path_per_floor":["M","M","?","M","?","R","R","E","T","M","?","$","R","M","R","B",null,"M","?","$","?","M","E"],"character_chosen":"DEFECT","items_purchased":["Leap","Cold Snap","Bird Faced Urn","Coolheaded","White Noise"],"campfire_rested":1,"item_purchase_floors":[12,12,20,20,20],"current_hp_per_floor":[36,36,59,58,58,58,58,26,26,27,27,27,27,29,50,47,65,43,35,35,35,22,0],"gold":25,"neow_bonus":"ONE_RARE_RELIC","is_prod":false,"is_daily":false,"chose_seed":false,"campfire_upgraded":3,"win_rate":0,"timestamp":1546800216,"path_taken":["M","M","?","M","?","R","R","E","T","M","?","$","R","?","R","BOSS","M","?","$","?","M","E"],"build_version":"2019-01-03v4","purchased_purges":2,"victory":false,"max_hp_per_floor":[71,71,71,71,71,71,71,71,71,71,71,71,71,71,71,71,71,71,35,35,35,35,35],"card_choices":[{"not_picked":["Undo","Capacitor"],"picked":"Streamline","floor":1},{"not_picked":["Hello World","Turbo"],"picked":"Ball Lightning","floor":2},{"not_picked":["Stack","Doom and Gloom"],"picked":"Steam","floor":4},{"not_picked":["Sweeping Beam","Doom and Gloom"],"picked":"Buffer","floor":8},{"not_picked":["Rebound","Steam"],"picked":"Ball Lightning","floor":10},{"not_picked":["Turbo","Streamline","Redo"],"picked":"SKIP","floor":14},{"not_picked":["Meteor Strike","Buffer"],"picked":"Fission","floor":16},{"not_picked":["Steam","Sweeping Beam"],"picked":"Tempest","floor":18},{"not_picked":["Beam Cell","Coolheaded","Leap"],"picked":"SKIP","floor":22}],"player_experience":735616,"relics_obtained":[{"floor":8,"key":"Blood Vial"},{"floor":9,"key":"Bronze Scales"},{"floor":17,"key":"Dream Catcher"},{"floor":17,"key":"The Courier"},{"floor":17,"key":"Old Coin"}],"event_choices":[{"damage_healed":23,"gold_gain":0,"player_choice":"Banana","damage_taken":0,"max_hp_gain":0,"max_hp_loss":0,"event_name":"Big Fish","floor":3,"gold_loss":0},{"damage_healed":0,"gold_gain":0,"player_choice":"Grow","damage_taken":0,"max_hp_gain":0,"max_hp_loss":0,"event_name":"Living Wall","floor":5,"gold_loss":0,"cards_upgraded":["Steam"]},{"damage_healed":0,"gold_gain":0,"player_choice":"Forge","damage_taken":0,"max_hp_gain":0,"max_hp_loss":0,"event_name":"Accursed Blacksmith","floor":11,"gold_loss":0,"cards_upgraded":["Buffer"]},{"damage_healed":0,"gold_gain":0,"player_choice":"Became a Ghost","damage_taken":0,"max_hp_gain":0,"max_hp_loss":36,"event_name":"Ghosts","floor":19,"gold_loss":0,"cards_obtained":["Ghostly","Ghostly","Ghostly"]},{"damage_healed":0,"gold_gain":0,"player_choice":"Upgraded","damage_taken":0,"max_hp_gain":0,"max_hp_loss":0,"event_name":"Upgrade Shrine","floor":21,"gold_loss":0,"cards_upgraded":["Fission"]}],"is_beta":false,"boss_relics":[{"not_picked":["Fusion Hammer","Coffee Dripper"],"picked":"Calling Bell"}],"items_purged_floors":[12,20],"is_endless":false,"potions_floor_spawned":[1,2,8,16],"killed_by":"Book of Stabbing","ascension_level":20}