{"gold_per_floor":[113,83,44,44,44,70,83,98,151,17,17,32,32,43,43,119,119,129,156,156,0,15,15,46,4,4,4,4,4,4,4,4,83,83,96,96,106,106,106,106,122,122,122,135,135,165,184,184,184,184],"floor_reached":51,"playtime":2638,"items_purged":["Strike_G"],"score":1324,"play_id":"d8e21c47-c30a-41f5-a741-d024fc2ed33b","local_time":"20181212180419","is_ascension_mode":true,"campfire_choices":[{"data":"Footwork","floor":11,"key":"SMITH"},{"data":"Footwork","floor":13,"key":"SMITH"},{"data":"Noxious Fumes","floor":15,"key":"SMITH"},{"data":"Well Laid Plans","floor":23,"key":"SMITH"},{"data":"Noxious Fumes","floor":29,"key":"SMITH"},{"data":"Leg Sweep","floor":32,"key":"SMITH"},{"data":"Footwork","floor":40,"key":"SMITH"},{"data":"Adrenaline","floor":42,"key":"SMITH"},{"data":"Panacea","floor":45,"key":"SMITH"},{"data":"Neutralize","floor":49,"key":"SMITH"}],"neow_cost":"NONE","seed_source_timestamp":9109660423792,"circlet_count":0,"master_deck":["AscendersBane","Defend_G","Defend_G","Defend_G","Defend_G","Defend_G","Survivor","Neutralize+1","Footwork+1","Noxious Fumes+1","Dagger Throw","Backflip","Crippling Poison","Footwork+1","Deadly Poison","Dodge and Roll","Leg Sweep+1","Corpse Explosion","Poisoned Stab+1","Well Laid Plans+1","Acrobatics","Noxious Fumes+1","Bite","Bite","Bite","Bite","Adrenaline+1","Footwork+1","Panacea+1","Footwork+1","Dodge and Roll","Deflect+1"],"relics":["Ring of the Serpent","NeowsBlessing","Bag of Preparation","Tiny Chest","Bronze Scales","Happy Flower","Pantograph","Runic Dome","Thread and Needle","Blue Candle"],"potions_floor_usage":[12,14,28,33,46,46,50,50],"damage_taken":[{"damage":0,"enemies":"Jaw Worm","floor":1,"turns":1},{"damage":0,"enemies":"Gremlin Nob","floor":6,"turns":1},{"damage":0,"enemies":"Cultist","floor":7,"turns":1},{"damage":6,"enemies":"Small Slimes","floor":8,"turns":5},{"damage":11,"enemies":"Exordium Thugs","floor":12,"turns":7},{"damage":0,"enemies":"Red Slaver","floor":14,"turns":5},{"damage":17,"enemies":"Hexaghost","floor":16,"turns":11},{"damage":10,"enemies":"Spheric Guardian","floor":18,"turns":6},{"damage":0,"enemies":"Shell Parasite","floor":22,"turns":6},{"damage":4,"enemies":"Book of Stabbing","floor":24,"turns":9},{"damage":0,"enemies":"Centurion and Healer","floor":28,"turns":1},{"damage":48,"enemies":"Champ","floor":33,"turns":16},{"damage":28,"enemies":"3 Shapes","floor":35,"turns":5},{"damage":5,"enemies":"Orb Walker","floor":37,"turns":5},{"damage":9,"enemies":"3 Darklings","floor":41,"turns":4},{"damage":11,"enemies":"Sphere and 2 Shapes","floor":44,"turns":7},{"damage":24,"enemies":"Nemesis","floor":46,"turns":13},{"damage":2,"enemies":"Writhing Mass","floor":47,"turns":8},{"damage":9,"enemies":"Awakened One","floor":50,"turns":19}],"seed_played":"-5989611425037936290","potions_obtained":[{"floor":2,"key":"SmokeBomb"},{"floor":2,"key":"Fire Potion"},{"floor":12,"key":"Weak Potion"},{"floor":20,"key":"EntropicBrew"},{"floor":46,"key":"SpeedPotion"},{"floor":47,"key":"Ancient Potion"}],"is_trial":false,"path_per_floor":["M","?","$","?","?","E","M","M","T","$","R","M","R","M","R","B",null,"M","T","?","$","M","R","E","$","T","?","M","R","$","?","R","B",null,"M","?","M","?","?","R","M","R","T","M","R","E","M","T","R","B",null],"character_chosen":"THE_SILENT","items_purchased":["Noxious Fumes","Footwork","Deadly Poison","Well Laid Plans","Noxious Fumes"],"campfire_rested":0,"item_purchase_floors":[3,10,10,21,25],"current_hp_per_floor":[59,59,59,59,59,59,59,53,53,53,53,42,42,42,42,25,56,46,46,46,46,46,46,42,42,42,42,42,42,42,31,31,17,43,23,23,28,28,28,28,25,25,25,30,30,26,38,38,38,51],"gold":184,"neow_bonus":"THREE_ENEMY_KILL","is_prod":false,"is_daily":false,"chose_seed":false,"campfire_upgraded":10,"win_rate":0,"timestamp":1544648659,"path_taken":["M","?","?","?","?","E","?","M","T","?","R","M","R","M","R","BOSS","M","?","?","$","?","R","E","?","T","?","M","R","$","?","R","BOSS","M","?","M","?","?","R","M","R","T","M","R","E","?","?","R","BOSS"],"build_version":"2018-12-06","purchased_purges":1,"victory":true,"max_hp_per_floor":[66,66,66,66,66,66,66,66,66,66,66,66,66,66,66,66,66,66,66,66,66,66,66,66,66,66,46,46,46,46,51,51,51,51,51,51,51,51,51,51,51,51,51,51,51,51,51,51,51,51],"card_choices":[{"not_picked":["Dodge and Roll","Underhanded Strike"],"picked":"Footwork","floor":1},{"not_picked":["Infinite Blades","Underhanded Strike"],"picked":"Dagger Throw","floor":6},{"not_picked":["Sucker Punch","Slice"],"picked":"Backflip","floor":7},{"not_picked":["Blur","Sucker Punch"],"picked":"Crippling Poison","floor":8},{"not_picked":["Deadly Poison","All Out Attack"],"picked":"Dodge and Roll","floor":12},{"not_picked":["Escape Plan","Acrobatics"],"picked":"Leg Sweep","floor":14},{"not_picked":["Wraith Form v2","Bullet Time"],"picked":"Corpse Explosion","floor":16},{"not_picked":["Accuracy","Dagger Throw"],"picked":"Poisoned Stab+1","floor":18},{"not_picked":["Predator","Outmaneuver"],"picked":"Acrobatics","floor":22},{"not_picked":["Bane","Concentrate","Slice"],"picked":"SKIP","floor":24},{"not_picked":["Storm of Steel","Grand Finale"],"picked":"Adrenaline","floor":33},{"not_picked":["Flying Knee","Underhanded Strike","PiercingWail"],"picked":"SKIP","floor":35},{"not_picked":["Dagger Throw","Distraction"],"picked":"Footwork","floor":37},{"not_picked":["Bouncing Flask","Expertise"],"picked":"Footwork+1","floor":41},{"not_picked":["Concentrate+1","Quick Slash"],"picked":"Dodge and Roll","floor":44},{"not_picked":["Poisoned Stab+1","Dagger Spray+1"],"picked":"Deflect+1","floor":46},{"not_picked":["Flying Knee","Grand Finale","Sucker Punch"],"picked":"SKIP","floor":47}],"player_experience":533122,"relics_obtained":[{"floor":6,"key":"Bag of Preparation"},{"floor":9,"key":"Tiny Chest"},{"floor":19,"key":"Bronze Scales"},{"floor":24,"key":"Happy Flower"},{"floor":26,"key":"Pantograph"},{"floor":46,"key":"Thread and Needle"},{"floor":48,"key":"Blue Candle"}],"event_choices":[{"damage_healed":0,"gold_gain":0,"player_choice":"Bought 2 Potions","damage_taken":0,"max_hp_gain":0,"max_hp_loss":0,"event_name":"The Woman in Blue","floor":2,"gold_loss":0},{"damage_healed":0,"gold_gain":0,"player_choice":"Leave","damage_taken":0,"max_hp_gain":0,"max_hp_loss":0,"event_name":"The Cleric","floor":4,"gold_loss":0},{"cards_removed":["Strike_G"],"damage_healed":0,"gold_gain":0,"player_choice":"Offered Basic","damage_taken":0,"max_hp_gain":0,"max_hp_loss":0,"event_name":"Bonfire Elementals","floor":5,"gold_loss":0},{"damage_healed":0,"gold_gain":0,"player_choice":"Got Potions","damage_taken":0,"max_hp_gain":0,"max_hp_loss":0,"event_name":"Lab","floor":20,"gold_loss":0},{"damage_healed":0,"gold_gain":0,"player_choice":"Became a vampire","damage_taken":0,"max_hp_gain":0,"max_hp_loss":20,"event_name":"Vampires","floor":27,"gold_loss":0,"cards_obtained":["Bite","Bite","Bite","Bite","Bite"]},{"damage_healed":0,"gold_gain":0,"player_choice":"Shed Blood","damage_taken":16,"max_hp_gain":5,"max_hp_loss":0,"event_name":"Forgotten Altar","floor":31,"gold_loss":0},{"damage_healed":0,"gold_gain":0,"player_choice":"Ignored","damage_taken":0,"max_hp_gain":0,"max_hp_loss":0,"event_name":"The Moai Head","floor":36,"gold_loss":0},{"damage_healed":0,"gold_gain":0,"player_choice":"Ignored","damage_taken":0,"max_hp_gain":0,"max_hp_loss":0,"event_name":"Tomb of Lord Red Mask","floor":38,"gold_loss":0},{"damage_healed":0,"gold_gain":0,"cards_transformed":["Bite"],"player_choice":"Transformed","damage_taken":0,"max_hp_gain":0,"max_hp_loss":0,"event_name":"Transmorgrifier","floor":39,"gold_loss":0,"cards_obtained":["Panacea"]}],"is_beta":false,"boss_relics":[{"not_picked":["Tiny House","Black Star"],"picked":"Ring of the Serpent"},{"not_picked":["Snecko Eye","Empty Cage"],"picked":"Runic Dome"}],"items_purged_floors":[21],"is_endless":false,"potions_floor_spawned":[6,7,12,24,28,46,47],"ascension_level":16}