{"gold_per_floor":[413,433,383,14,14,14,25,25,73,86,118,130,130,55,55,155,155,155,155,55,55,55,55,55,55,55,55,55,5,5,5,5,5,5,5,5,5,5,5,5,5,5,5,0,0,0,0,0,0,0],"floor_reached":51,"playtime":1750,"items_purged":["Strike_R","Strike_R"],"score":982,"play_id":"2de383bd-ccd1-4d2e-ad35-e6d592a9056f","local_time":"20181112012714","is_ascension_mode":true,"campfire_choices":[{"data":"Flex","floor":6,"key":"SMITH"},{"data":"Armaments","floor":8,"key":"SMITH"},{"data":"Seeing Red","floor":13,"key":"SMITH"},{"data":"Disarm","floor":15,"key":"SMITH"},{"data":"Limit Break","floor":23,"key":"SMITH"},{"data":"Flame Barrier","floor":25,"key":"SMITH"},{"floor":32,"key":"REST"},{"data":"Demon Form","floor":40,"key":"SMITH"},{"floor":42,"key":"REST"},{"data":"Inflame","floor":47,"key":"SMITH"},{"data":"Flex","floor":49,"key":"SMITH"}],"neow_cost":"TEN_PERCENT_HP_LOSS","seed_source_timestamp":6981814341772,"circlet_count":0,"master_deck":["Defend_R","Defend_R","Defend_R","Bash","Armaments+1","Flex+1","Whirlwind","Swift Strike","Sword Boomerang","Cleave","Seeing Red+1","Disarm+1","Flame Barrier+1","Limit Break+1","Headbutt","Inflame+1","Battle Trance","Pommel Strike","Demon Form+1","Second Wind+1","Double Tap+1","Fiend Fire+1","Flex+1","Disarm+1","Ghostly Armor+1"],"relics":["Burning Blood","Old Coin","Ice Cream","Bronze Scales","Anchor","Ectoplasm","Matryoshka","Juzu Bracelet","Art of War","Astrolabe","PreservedInsect","Pen Nib","Red Mask","Mango","Toxic Egg 2"],"potions_floor_usage":[11,24,28,33,39,48,50,50],"damage_taken":[{"damage":11,"enemies":"Jaw Worm","floor":1,"turns":4},{"damage":10,"enemies":"2 Louse","floor":2,"turns":3},{"damage":1,"enemies":"Cultist","floor":7,"turns":3},{"damage":1,"enemies":"Exordium Thugs","floor":10,"turns":3},{"damage":8,"enemies":"Gremlin Nob","floor":11,"turns":3},{"damage":0,"enemies":"Large Slime","floor":12,"turns":3},{"damage":27,"enemies":"Hexaghost","floor":16,"turns":8},{"damage":0,"enemies":"Shell Parasite","floor":18,"turns":3},{"damage":0,"enemies":"Chosen","floor":22,"turns":4},{"damage":32,"enemies":"Book of Stabbing","floor":24,"turns":5},{"damage":5,"enemies":"3 Cultists","floor":27,"turns":4},{"damage":19,"enemies":"Snake Plant","floor":28,"turns":4},{"damage":16,"enemies":"Automaton","floor":33,"turns":6},{"damage":8,"enemies":"Orb Walker","floor":35,"turns":3},{"damage":0,"enemies":"3 Darklings","floor":37,"turns":2},{"damage":31,"enemies":"Jaw Worm Horde","floor":39,"turns":4},{"damage":18,"enemies":"Mind Bloom Boss Battle","floor":45,"turns":4},{"damage":0,"enemies":"Reptomancer","floor":46,"turns":3},{"damage":0,"enemies":"4 Shapes","floor":48,"turns":1},{"damage":74,"enemies":"Donu and Deca","floor":50,"turns":6}],"seed_played":"6920718372602154016","potions_obtained":[{"floor":2,"key":"Explosive Potion"},{"floor":7,"key":"Explosive Potion"},{"floor":11,"key":"Energy Potion"},{"floor":16,"key":"PowerPotion"},{"floor":24,"key":"EssenceOfSteel"},{"floor":28,"key":"Fruit Juice"},{"floor":37,"key":"SmokeBomb"},{"floor":38,"key":"SteroidPotion"},{"floor":39,"key":"LiquidBronze"}],"is_trial":false,"path_per_floor":["M","M","?","$","?","R","M","R","T","M","E","M","R","$","R","B",null,"M","?","$","$","M","R","E","R","T","M","M","$","?","$","R","B",null,"M","?","M","?","M","R","?","R","T","?","?","E","R","M","R","B",null],"character_chosen":"IRONCLAD","items_purchased":["Ice Cream","Whirlwind","Block Potion"],"campfire_rested":2,"item_purchase_floors":[4,4,29],"current_hp_per_floor":[67,63,63,63,63,63,68,68,68,72,70,72,72,72,72,51,67,72,72,72,72,72,72,46,46,46,47,39,39,39,39,62,52,71,69,69,73,73,48,48,48,69,69,69,71,77,77,83,83,15],"gold":0,"neow_bonus":"ONE_RARE_RELIC","is_prod":false,"is_daily":false,"chose_seed":false,"campfire_upgraded":9,"win_rate":0,"timestamp":1541996834,"path_taken":["M","M","?","$","?","R","M","R","T","?","E","M","R","?","R","BOSS","M","?","?","$","?","R","E","R","T","M","M","?","?","$","R","BOSS","M","?","M","?","M","R","?","R","T","?","?","E","R","M","R","BOSS"],"build_version":"2018-11-08","purchased_purges":2,"victory":true,"max_hp_per_floor":[72,72,72,72,72,72,72,72,72,72,72,72,72,72,72,72,72,72,72,72,72,72,72,72,72,72,72,77,77,77,77,77,77,77,77,73,73,73,73,73,73,73,73,73,87,87,87,87,87,87],"card_choices":[{"not_picked":["Clash","Second Wind"],"picked":"Armaments","floor":1},{"not_picked":["Clash","Entrench"],"picked":"Flex","floor":2},{"not_picked":["Bloodletting","Sword Boomerang"],"picked":"Cleave","floor":7},{"not_picked":["Power Through","Sword Boomerang"],"picked":"Seeing Red","floor":10},{"not_picked":["Havoc","Searing Blow"],"picked":"Disarm","floor":11},{"not_picked":["Thunderclap","Carnage"],"picked":"Flame Barrier","floor":12},{"not_picked":["Fiend Fire","Bludgeon"],"picked":"Limit Break","floor":16},{"not_picked":["Havoc","Perfected Strike"],"picked":"Headbutt","floor":18},{"not_picked":["Headbutt+1","Shrug It Off+1"],"picked":"Inflame","floor":22},{"not_picked":["Armaments","Headbutt","Havoc+1"],"picked":"SKIP","floor":24},{"not_picked":["Heavy Blade+1","Armaments"],"picked":"Battle Trance","floor":27},{"not_picked":["Clash","Whirlwind+1"],"picked":"Pommel Strike","floor":28},{"not_picked":["Offering","Dark Embrace"],"picked":"Demon Form","floor":33},{"not_picked":["Sentinel+1","True Grit+1"],"picked":"Flex","floor":35},{"not_picked":["Armaments","Headbutt+1"],"picked":"Disarm+1","floor":37},{"not_picked":["Rupture+1","Perfected Strike","Carnage"],"picked":"SKIP","floor":39},{"not_picked":["Second Wind","Cleave+1"],"picked":"Ghostly Armor+1","floor":46}],"player_experience":360007,"relics_obtained":[{"floor":9,"key":"Bronze Scales"},{"floor":11,"key":"Anchor"},{"floor":24,"key":"Matryoshka"},{"floor":26,"key":"Juzu Bracelet"},{"floor":26,"key":"Art of War"},{"floor":43,"key":"PreservedInsect"},{"floor":43,"key":"Pen Nib"},{"floor":45,"key":"Mango"},{"floor":46,"key":"Toxic Egg 2"}],"event_choices":[{"cards_removed":["Strike_R"],"damage_healed":0,"gold_gain":0,"player_choice":"Card Removal","damage_taken":0,"max_hp_gain":0,"max_hp_loss":0,"event_name":"The Cleric","floor":3,"gold_loss":50},{"damage_healed":0,"gold_gain":0,"player_choice":"2 cards matched","damage_taken":0,"max_hp_gain":0,"max_hp_loss":0,"event_name":"Match and Keep!","floor":5,"gold_loss":0,"cards_obtained":["Swift Strike","Sword Boomerang"]},{"damage_healed":0,"gold_gain":99,"player_choice":"Stole From Cult","damage_taken":0,"max_hp_gain":0,"max_hp_loss":0,"event_name":"Nest","floor":19,"gold_loss":0},{"damage_healed":0,"gold_gain":0,"player_choice":"Ignored","damage_taken":0,"max_hp_gain":0,"max_hp_loss":0,"event_name":"Cursed Tome","floor":30,"gold_loss":0},{"damage_healed":0,"gold_gain":0,"player_choice":"Max HP","damage_taken":0,"max_hp_gain":0,"max_hp_loss":4,"event_name":"Winding Halls","floor":36,"gold_loss":0},{"damage_healed":0,"gold_gain":0,"player_choice":"Got Potions","damage_taken":0,"max_hp_gain":0,"max_hp_loss":0,"event_name":"Lab","floor":38,"gold_loss":0},{"damage_healed":0,"gold_gain":0,"player_choice":"Ignored","damage_taken":0,"max_hp_gain":0,"max_hp_loss":0,"event_name":"Mysterious Sphere","floor":41,"gold_loss":0},{"damage_healed":0,"gold_gain":0,"player_choice":"Paid","damage_taken":0,"relics_obtained":["Red Mask"],"max_hp_gain":0,"max_hp_loss":0,"event_name":"Tomb of Lord Red Mask","floor":44,"gold_loss":5},{"damage_healed":0,"gold_gain":0,"player_choice":"Fight","damage_taken":0,"max_hp_gain":0,"max_hp_loss":0,"event_name":"MindBloom","floor":45,"gold_loss":0}],"is_beta":false,"boss_relics":[{"not_picked":["Runic Pyramid","Pandora\u0027s Box"],"picked":"Ectoplasm"},{"not_picked":["Tiny House","Calling Bell"],"picked":"Astrolabe"}],"items_purged_floors":[14,20],"is_endless":false,"potions_floor_spawned":[2,7,11,16,24,27,28,37,39,46,48],"ascension_level":8}