{"gold_per_floor":[361,37,55,55,68,68,81,93,93,93,111,138,138,174,174,302,302,317,141,141,141,166,166,197,112,136,160,160,199,199,232,232,232],"floor_reached":33,"playtime":1257,"items_purged":[],"score":369,"play_id":"87241b96-5ac1-4b9b-8f3f-4266d69fd226","local_time":"20181015182827","is_ascension_mode":true,"campfire_choices":[{"data":"Infernal Blade","floor":6,"key":"SMITH"},{"data":"Flex","floor":10,"key":"SMITH"},{"data":"Bloodletting","floor":15,"key":"SMITH"},{"floor":23,"key":"REST"},{"floor":28,"key":"REST"},{"floor":30,"key":"REST"},{"data":"Rupture","floor":32,"key":"SMITH"}],"neow_cost":"PERCENT_DAMAGE","seed_source_timestamp":10707987470060,"circlet_count":0,"master_deck":["Strike_R+1","Strike_R+1","Strike_R+1","Strike_R+1","Strike_R+1","Defend_R+1","Defend_R+1","Defend_R+1","Defend_R+1","Bash","Flex+1","Infernal Blade+1","Iron Wave","Shrug It Off","Burning Pact","Bloodletting+1","Thunderclap","Rupture+1","Battle Trance","Second Wind","Offering","Shrug It Off","Warcry","Fire Breathing","Combust","Pommel Strike","Iron Wave"],"relics":["Burning Blood","Sling","Sundial","Pear","Anchor","Golden Idol","Meat on the Bone","Sozu","Bag of Marbles","Bronze Scales","Oddly Smooth Stone","Singing Bowl","Strawberry"],"potions_floor_usage":[11,12,14,16,27],"damage_taken":[{"damage":0,"enemies":"Small Slimes","floor":1,"turns":3},{"damage":0,"enemies":"2 Louse","floor":3,"turns":3},{"damage":1,"enemies":"Cultist","floor":5,"turns":3},{"damage":3,"enemies":"Blue Slaver","floor":7,"turns":3},{"damage":3,"enemies":"Looter","floor":8,"turns":3},{"damage":0,"enemies":"Lots of Slimes","floor":11,"turns":1},{"damage":13,"enemies":"Lagavulin","floor":12,"turns":3},{"damage":16,"enemies":"3 Sentries","floor":14,"turns":4},{"damage":48,"enemies":"The Guardian","floor":16,"turns":10},{"damage":55,"enemies":"3 Byrds","floor":18,"turns":6},{"damage":22,"enemies":"Shell Parasite","floor":22,"turns":3},{"damage":55,"enemies":"Gremlin Leader","floor":24,"turns":6},{"damage":31,"enemies":"3 Cultists","floor":27,"turns":5},{"damage":10,"enemies":"Slavers","floor":29,"turns":4},{"damage":23,"enemies":"Book of Stabbing","floor":31,"turns":4},{"damage":74,"enemies":"Collector","floor":33,"turns":7}],"seed_played":"7970689724844250489","potions_obtained":[{"floor":5,"key":"Strength Potion"},{"floor":7,"key":"AttackPotion"},{"floor":8,"key":"Explosive Potion"},{"floor":14,"key":"Fruit Juice"},{"floor":16,"key":"BloodPotion"}],"is_trial":false,"path_per_floor":["M","$","M","?","M","R","M","M","T","R","M","E","?","E","R","B",null,"M","$","?","?","M","R","E","?","T","M","R","E","R","E","R"],"character_chosen":"IRONCLAD","items_purchased":["Sling","Infernal Blade","Iron Wave","Shrug It Off","Warcry","Fire Breathing"],"campfire_rested":3,"item_purchase_floors":[2,2,2,19,19,19],"current_hp_per_floor":[62,62,68,56,61,61,64,67,77,77,83,76,76,66,66,41,88,51,51,51,51,47,73,36,36,36,31,57,55,82,74,74,0],"gold":232,"neow_bonus":"TWO_FIFTY_GOLD","is_prod":false,"is_daily":false,"chose_seed":false,"campfire_upgraded":4,"win_rate":0,"timestamp":1539638907,"path_taken":["M","$","M","?","M","R","?","M","T","R","M","E","?","E","R","BOSS","M","$","?","?","M","R","E","?","T","?","R","E","R","E","R","BOSS"],"build_version":"2018-10-11","purchased_purges":0,"victory":false,"max_hp_per_floor":[80,80,80,80,80,80,80,80,90,90,90,90,83,83,83,88,88,88,88,88,88,88,88,88,88,88,88,88,90,90,99,99,99],"card_choices":[{"not_picked":["Body Slam","Armaments"],"picked":"Flex","floor":1},{"not_picked":["Twin Strike","Corruption"],"picked":"Shrug It Off","floor":3},{"not_picked":["True Grit","Rampage"],"picked":"Burning Pact","floor":5},{"not_picked":["Intimidate","Flame Barrier"],"picked":"Bloodletting","floor":7},{"not_picked":["Clothesline","Evolve"],"picked":"Thunderclap","floor":8},{"not_picked":["Fiend Fire","Metallicize"],"picked":"Rupture","floor":11},{"not_picked":["Metallicize","Entrench"],"picked":"Battle Trance","floor":12},{"not_picked":["Reckless Charge","Pommel Strike"],"picked":"Second Wind","floor":14},{"not_picked":["Bludgeon","Berserk"],"picked":"Offering","floor":16},{"not_picked":["True Grit","Perfected Strike","Headbutt"],"picked":"SKIP","floor":18},{"not_picked":["Sword Boomerang","Twin Strike"],"picked":"Combust","floor":22},{"not_picked":["Carnage","Havoc"],"picked":"Pommel Strike","floor":24},{"not_picked":["Blood for Blood+1","Havoc"],"picked":"Iron Wave","floor":27},{"not_picked":["Pommel Strike","Entrench","Cleave"],"picked":"Singing Bowl","floor":29},{"not_picked":["Battle Trance+1","True Grit","Headbutt+1"],"picked":"Singing Bowl","floor":31}],"player_experience":154928,"relics_obtained":[{"floor":9,"key":"Pear"},{"floor":12,"key":"Anchor"},{"floor":14,"key":"Meat on the Bone"},{"floor":24,"key":"Bag of Marbles"},{"floor":26,"key":"Oddly Smooth Stone"},{"floor":29,"key":"Singing Bowl"},{"floor":31,"key":"Strawberry"}],"event_choices":[{"event_name":"Scrap Ooze","player_choice":"success","floor":4,"damage_taken":12},{"event_name":"Golden Idol","player_choice":"Lose Max HP","floor":13,"damage_taken":0},{"event_name":"Ghosts","player_choice":"Ignored","floor":20,"damage_taken":0},{"event_name":"Back to Basics","player_choice":"Simplicity","floor":21,"damage_taken":0},{"event_name":"Addict","player_choice":"Obtained Relic","floor":25,"damage_taken":0}],"is_beta":false,"boss_relics":[{"not_picked":["Eternal Feather","Astrolabe"],"picked":"Sozu"}],"items_purged_floors":[],"is_endless":false,"potions_floor_spawned":[5,7,8,14,16,18,24,27],"killed_by":"Collector","ascension_level":2}