{"gold_per_floor":[109,129,144,144,155,155,155,155,180,206,226,226,8,8,8,107,107,125,145,145,45,57,57,75,75,75,75,104,104,116,129,129,129],"floor_reached":33,"playtime":1135,"items_purged":["Decay","Strike_R"],"score":427,"play_id":"2f51dddd-1fc1-412a-bfa2-8890b965c9b3","local_time":"20181130172732","is_ascension_mode":true,"campfire_choices":[{"data":"Carnage","floor":6,"key":"SMITH"},{"data":"Clothesline","floor":8,"key":"SMITH"},{"data":"Inflame","floor":12,"key":"SMITH"},{"data":"Bash","floor":15,"key":"SMITH"},{"data":"True Grit","floor":23,"key":"SMITH"},{"data":"Sword Boomerang","floor":27,"key":"SMITH"},{"data":"Immolate","floor":29,"key":"SMITH"},{"floor":32,"key":"REST"}],"neow_cost":"NONE","seed_source_timestamp":386342049773,"circlet_count":0,"master_deck":["AscendersBane","Strike_R","Strike_R","Strike_R","Defend_R","Defend_R","Defend_R","Defend_R","Bash+1","Clothesline+1","Carnage+1","Sword Boomerang+1","Shrug It Off","Ghostly Armor","Inflame+1","Immolate+1","Headbutt","True Grit+1","Rage"],"relics":["Burning Blood","Bag of Marbles","Orichalcum","Potion Belt","Pen Nib","Sozu","Smiling Mask"],"potions_floor_usage":[5,33],"damage_taken":[{"damage":10,"enemies":"Small Slimes","floor":1,"turns":4},{"damage":0,"enemies":"Cultist","floor":2,"turns":3},{"damage":4,"enemies":"Jaw Worm","floor":3,"turns":2},{"damage":16,"enemies":"Gremlin Gang","floor":5,"turns":5},{"damage":17,"enemies":"Gremlin Nob","floor":10,"turns":5},{"damage":6,"enemies":"Red Slaver","floor":11,"turns":3},{"damage":32,"enemies":"Slime Boss","floor":16,"turns":7},{"damage":18,"enemies":"3 Byrds","floor":18,"turns":5},{"damage":2,"enemies":"Chosen","floor":19,"turns":4},{"damage":0,"enemies":"3 Cultists","floor":22,"turns":4},{"damage":12,"enemies":"Snecko","floor":24,"turns":3},{"damage":19,"enemies":"Book of Stabbing","floor":28,"turns":4},{"damage":18,"enemies":"Snake Plant","floor":30,"turns":3},{"damage":8,"enemies":"Centurion and Healer","floor":31,"turns":5},{"damage":56,"enemies":"Collector","floor":33,"turns":5}],"seed_played":"7147308187045070122","potions_obtained":[{"floor":1,"key":"AttackPotion"},{"floor":2,"key":"Block Potion"},{"floor":16,"key":"AttackPotion"}],"is_trial":false,"path_per_floor":["M","M","M","?","M","R","?","R","T","E","M","R","$","?","R","B",null,"M","M","?","$","M","R","M","?","T","R","E","R","M","M","R","B"],"character_chosen":"IRONCLAD","items_purchased":["Pen Nib"],"campfire_rested":1,"item_purchase_floors":[13],"current_hp_per_floor":[68,74,76,76,66,66,66,66,66,55,55,55,55,55,55,29,67,55,59,59,59,65,65,59,59,59,59,46,46,34,32,56,0],"gold":129,"neow_bonus":"RANDOM_COMMON_RELIC","is_prod":false,"is_daily":false,"chose_seed":false,"campfire_upgraded":7,"win_rate":0,"timestamp":1543609652,"path_taken":["M","M","M","?","?","R","?","R","T","E","?","R","?","?","R","BOSS","M","M","?","?","M","R","M","?","T","R","E","R","?","?","R","BOSS"],"build_version":"2018-11-15","purchased_purges":2,"victory":false,"max_hp_per_floor":[80,80,80,80,80,80,80,80,80,80,80,80,80,80,80,80,80,80,80,80,80,80,80,80,80,80,80,80,80,80,80,80,80],"card_choices":[{"not_picked":["Wild Strike","Entrench"],"picked":"Clothesline","floor":1},{"not_picked":["Twin Strike","Havoc"],"picked":"Carnage","floor":2},{"not_picked":["Searing Blow","Pummel"],"picked":"Sword Boomerang","floor":3},{"not_picked":["Havoc","Thunderclap"],"picked":"Shrug It Off","floor":5},{"not_picked":["Flex","Shrug It Off"],"picked":"Ghostly Armor","floor":10},{"not_picked":["Metallicize","Berserk"],"picked":"Inflame","floor":11},{"not_picked":["Dark Embrace","Bludgeon"],"picked":"Immolate","floor":16},{"not_picked":["Thunderclap","Havoc+1"],"picked":"Headbutt","floor":18},{"not_picked":["Body Slam","Headbutt","Sword Boomerang"],"picked":"SKIP","floor":19},{"not_picked":["Headbutt","Second Wind","Clash"],"picked":"SKIP","floor":22},{"not_picked":["Pommel Strike","True Grit+1","Infernal Blade"],"picked":"SKIP","floor":24},{"not_picked":["Intimidate","Feel No Pain","Shrug It Off"],"picked":"SKIP","floor":28},{"not_picked":["Twin Strike","Warcry"],"picked":"Rage","floor":30},{"not_picked":["Headbutt","Havoc","Clash"],"picked":"SKIP","floor":31}],"player_experience":438628,"relics_obtained":[{"floor":9,"key":"Orichalcum"},{"floor":10,"key":"Potion Belt"},{"floor":28,"key":"Smiling Mask"}],"event_choices":[{"cards_removed":["Strike_R"],"damage_healed":0,"gold_gain":0,"player_choice":"Purged","damage_taken":0,"max_hp_gain":0,"max_hp_loss":0,"event_name":"Purifier","floor":4,"gold_loss":0},{"damage_healed":0,"gold_gain":0,"player_choice":"Cursed","damage_taken":0,"max_hp_gain":0,"max_hp_loss":0,"event_name":"Wheel of Change","floor":7,"gold_loss":0,"cards_obtained":["Decay"]},{"damage_healed":0,"gold_gain":0,"player_choice":"Leave","damage_taken":0,"max_hp_gain":0,"max_hp_loss":0,"event_name":"The Cleric","floor":14,"gold_loss":0},{"damage_healed":0,"gold_gain":0,"player_choice":"1 cards matched","damage_taken":0,"max_hp_gain":0,"max_hp_loss":0,"event_name":"Match and Keep!","floor":20,"gold_loss":0,"cards_obtained":["True Grit"]},{"damage_healed":0,"gold_gain":0,"player_choice":"Got Potions","damage_taken":0,"max_hp_gain":0,"max_hp_loss":0,"event_name":"Lab","floor":25,"gold_loss":0}],"is_beta":false,"boss_relics":[{"not_picked":["White Beast Statue","Lizard Tail"],"picked":"Sozu"}],"items_purged_floors":[13,21],"is_endless":false,"potions_floor_spawned":[1,2,16,22,24,28,30],"killed_by":"Collector","ascension_level":12}