{"gold_per_floor":[113,132,132,151,151,186,186,217,241,258,269,239],"floor_reached":12,"playtime":535,"items_purged":[],"score":113,"play_id":"ae68bcc8-c564-41d3-a094-fe4b63776cb4","local_time":"20190412185815","is_ascension_mode":true,"campfire_choices":[{"floor":7,"key":"REST"}],"neow_cost":"NONE","seed_source_timestamp":114497421293044,"circlet_count":0,"master_deck":["Strike_R","Strike_R","Strike_R","Strike_R","Strike_R","Defend_R","Defend_R","Defend_R","Defend_R","Bash","Offering","Corruption","Metallicize","Regret","Flame Barrier","Barricade","Feel No Pain","Flame Barrier","Heavy Blade"],"relics":["Burning Blood","Omamori","WarpedTongs","Smiling Mask","Ginger","Bag of Marbles"],"potions_floor_usage":[10,11,12],"damage_taken":[{"damage":8,"enemies":"Jaw Worm","floor":1,"turns":3},{"damage":18,"enemies":"Small Slimes","floor":2,"turns":4},{"damage":9,"enemies":"Cultist","floor":4,"turns":2},{"damage":32,"enemies":"Lagavulin","floor":6,"turns":7},{"damage":42,"enemies":"Gremlin Nob","floor":8,"turns":5},{"damage":15,"enemies":"Lots of Slimes","floor":10,"turns":4},{"damage":17,"enemies":"2 Fungi Beasts","floor":11,"turns":5},{"damage":25,"enemies":"Exordium Thugs","floor":12,"turns":5}],"seed_played":"-7558236698579673222","potions_obtained":[{"floor":4,"key":"Regen Potion"},{"floor":8,"key":"SteroidPotion"},{"floor":10,"key":"Poison Potion"},{"floor":11,"key":"BloodPotion"}],"is_trial":false,"path_per_floor":["M","M","?","M","?","E","R","E","T","M","M","M"],"character_chosen":"IRONCLAD","items_purchased":[],"campfire_rested":1,"item_purchase_floors":[],"current_hp_per_floor":[78,66,66,63,63,37,61,25,25,28,17,0],"gold":239,"neow_bonus":"ONE_RANDOM_RARE_CARD","is_prod":false,"is_daily":false,"chose_seed":false,"campfire_upgraded":0,"win_rate":0,"timestamp":1555109895,"path_taken":["M","M","?","M","?","E","R","E","T","M","M","?"],"build_version":"2019-01-23","purchased_purges":0,"victory":false,"max_hp_per_floor":[80,80,80,80,80,80,80,80,80,80,80,80],"card_choices":[{"not_picked":["Heavy Blade","Armaments"],"picked":"Corruption","floor":1},{"not_picked":["Bloodletting","Cleave"],"picked":"Metallicize","floor":2},{"not_picked":["Combust","Twin Strike"],"picked":"Flame Barrier","floor":4},{"not_picked":["Armaments","Searing Blow"],"picked":"Barricade","floor":6},{"not_picked":["Warcry","Wild Strike"],"picked":"Feel No Pain","floor":8},{"not_picked":["Power Through","Iron Wave"],"picked":"Flame Barrier","floor":10},{"not_picked":["Seeing Red","Evolve"],"picked":"Heavy Blade","floor":11}],"player_experience":459028,"relics_obtained":[{"floor":6,"key":"Smiling Mask"},{"floor":8,"key":"Ginger"},{"floor":9,"key":"Bag of Marbles"}],"event_choices":[{"damage_healed":0,"gold_gain":0,"player_choice":"Box","damage_taken":0,"relics_obtained":["Omamori"],"max_hp_gain":0,"max_hp_loss":0,"event_name":"Big Fish","floor":3,"gold_loss":0,"cards_obtained":["Regret"]},{"damage_healed":0,"gold_gain":0,"player_choice":"Rummage","damage_taken":0,"relics_obtained":["WarpedTongs"],"max_hp_gain":0,"max_hp_loss":0,"event_name":"Accursed Blacksmith","floor":5,"gold_loss":0,"cards_obtained":["Pain"]}],"is_beta":false,"boss_relics":[],"items_purged_floors":[],"is_endless":false,"potions_floor_spawned":[4,8,10,11],"killed_by":"Exordium Thugs","ascension_level":5}