{"gold_per_floor":[110,120,120,120,141,141,172,184,247,286,319,349,361,406,418,523,535,571,514,539,551,613,658,670,682,718,751,278,278,301,72,72,162,162,186,186,136,469,469,503,503,530,530,545,545,564,1,21,21,21],"floor_reached":51,"playtime":3677,"items_purged":["Defend_G","Defend_G"],"score":1427,"play_id":"bb47d794-cfff-4a59-9eed-4bd00156e19b","local_time":"20190623075554","is_ascension_mode":true,"campfire_choices":[{"data":"Dagger Spray","floor":6.0,"key":"SMITH"},{"floor":8.0,"key":"REST"},{"data":"Dagger Spray","floor":13.0,"key":"SMITH"},{"floor":15.0,"key":"REST"},{"data":"Crippling Poison","floor":24,"key":"SMITH"},{"data":"Footwork","floor":29,"key":"SMITH"},{"data":"Neutralize","floor":32,"key":"SMITH"},{"floor":41,"key":"REST"},{"data":"Burst","floor":45,"key":"SMITH"},{"data":"Backflip","floor":49,"key":"SMITH"}],"neow_cost":"NONE","seed_source_timestamp":0,"circlet_count":0,"master_deck":["AscendersBane","Defend_G","Defend_G","Defend_G","Survivor","Neutralize+1","Deadly Poison","Dagger Spray+1","Escape Plan","Dagger Spray+1","Cloak And Dagger","Adrenaline","Footwork+1","After Image","Leg Sweep+1","Backflip+1","Bite+1","Bite","Bite+1","Bite","Bite","Crippling Poison+1","Caltrops+1","Burst+1","Backflip","Dagger Spray+1"],"special_seed":0,"relics":["Ring of the Snake","Happy Flower","MawBank","Vajra","Smiling Mask","Sundial","Velvet Choker","Bag of Preparation","Ancient Tea Set","MutagenicStrength","Bronze Scales","Mummified Hand","Pen Nib","TwistedFunnel","Black Star","Ornamental Fan","Strawberry","Whetstone","Dream Catcher","FossilizedHelix","Paper Crane","Kunai"],"potions_floor_usage":[33,33,50,50],"damage_taken":[{"damage":1.0,"enemies":"2 Louse","floor":1.0,"turns":3.0},{"damage":0.0,"enemies":"Small Slimes","floor":2.0,"turns":4.0},{"damage":0.0,"enemies":"Jaw Worm","floor":5.0,"turns":5.0},{"damage":45.0,"enemies":"Lagavulin","floor":7.0,"turns":8.0},{"damage":0.0,"enemies":"3 Louse","floor":11.0,"turns":2.0},{"damage":10.0,"enemies":"Gremlin Gang","floor":12.0,"turns":3.0},{"damage":5.0,"enemies":"3 Sentries","floor":14.0,"turns":5.0},{"damage":36.0,"enemies":"Hexaghost","floor":16.0,"turns":12.0},{"damage":1.0,"enemies":"2 Thieves","floor":18.0,"turns":4.0},{"damage":1.0,"enemies":"Shell Parasite","floor":20.0,"turns":6.0},{"damage":24,"enemies":"Gremlin Leader","floor":23,"turns":8},{"damage":0,"enemies":"Snecko","floor":27,"turns":6},{"damage":9,"enemies":"Snake Plant","floor":30,"turns":3},{"damage":25,"enemies":"Automaton","floor":33,"turns":10},{"damage":11,"enemies":"Orb Walker","floor":35,"turns":4},{"damage":40,"enemies":"Reptomancer","floor":40,"turns":6},{"damage":0,"enemies":"Nemesis","floor":42,"turns":9},{"damage":15,"enemies":"3 Darklings","floor":44,"turns":5},{"damage":0,"enemies":"Jaw Worm Horde","floor":46,"turns":2},{"damage":17,"enemies":"Spire Growth","floor":48,"turns":5},{"damage":80,"enemies":"Time Eater","floor":50,"turns":16}],"seed_played":"-8842797644342304124","potions_obtained":[{"floor":2.0,"key":"GhostInAJar"},{"floor":5.0,"key":"GamblersBrew"},{"floor":7.0,"key":"GhostInAJar"},{"floor":20.0,"key":"FearPotion"},{"floor":30,"key":"Strength Potion"},{"floor":40,"key":"PowerPotion"},{"floor":46,"key":"AttackPotion"}],"is_trial":false,"path_per_floor":["M","M","?","?","M","R","E","R","T","T","M","M","R","E","R","B",null,"M","?","M","?","?","E","R","?","T","M","$","R","M","$","R","B",null,"M","?","$","?","?","E","R","E","T","M","R","M","$","M","R","B",null],"character_chosen":"THE_SILENT","items_purchased":["Mummified Hand","Pen Nib","TwistedFunnel","Paper Crane","Kunai"],"campfire_rested":3,"item_purchase_floors":[28,28,31,47,47],"current_hp_per_floor":[58,58,63,63,63,63,18,37,37,37,37,27,27,22,41,5,49,48,48,47,44,44,28,28,28,28,44,44,44,37,37,37,38,43,35,35,35,35,35,16,31,47,47,48,48,51,51,44,44,9],"gold":21,"neow_bonus":"RANDOM_COMMON_RELIC","is_prod":false,"is_daily":false,"chose_seed":false,"campfire_upgraded":7,"win_rate":0,"timestamp":1561247754,"path_taken":["M","M","?","?","M","R","E","R","T","?","M","M","R","E","R","BOSS","M","?","?","?","?","E","R","?","T","M","$","R","M","?","R","BOSS","M","?","$","?","?","E","R","E","T","M","R","M","$","M","R","BOSS"],"build_version":"2019-01-23","purchased_purges":2,"victory":true,"max_hp_per_floor":[66,66,71,64,64,64,64,64,64,64,64,64,64,64,64,64,64,64,64,64,44,44,44,44,44,44,44,44,44,44,44,44,44,44,44,44,44,44,44,51,51,51,51,51,51,51,51,51,51,51],"card_choices":[{"not_picked":["Flying Knee","PiercingWail"],"picked":"Deadly Poison","floor":1.0},{"not_picked":["Backstab","Blade Dance"],"picked":"Dagger Spray","floor":2.0},{"not_picked":["Dodge and Roll","Endless Agony"],"picked":"Escape Plan","floor":5.0},{"not_picked":["Riddle With Holes","Bouncing Flask"],"picked":"Dagger Spray","floor":7.0},{"not_picked":["Dagger Spray","Dagger Throw"],"picked":"Cloak And Dagger","floor":11.0},{"not_picked":["Deflect","Cloak And Dagger"],"picked":"Adrenaline","floor":12.0},{"not_picked":["Prepared","Setup"],"picked":"Footwork","floor":14.0},{"not_picked":["Burst","Bullet Time"],"picked":"After Image","floor":16.0},{"not_picked":["Accuracy","Eviscerate"],"picked":"Leg Sweep+1","floor":18.0},{"not_picked":["All Out Attack","Deadly Poison"],"picked":"Backflip","floor":20.0},{"not_picked":["Leg Sweep","Setup"],"picked":"Crippling Poison","floor":23},{"not_picked":["Underhanded Strike","Heel Hook"],"picked":"Caltrops+1","floor":27},{"not_picked":["PiercingWail","Flying Knee","Masterful Stab"],"picked":"SKIP","floor":30},{"not_picked":["Grand Finale","Envenom"],"picked":"Burst","floor":33},{"not_picked":["Poisoned Stab","Accuracy"],"picked":"Backflip","floor":35},{"not_picked":["Skewer","Outmaneuver","Deflect"],"picked":"SKIP","floor":40},{"not_picked":["Accuracy","Flying Knee+1","Wraith Form v2"],"picked":"SKIP","floor":42},{"not_picked":["Calculated Gamble","All Out Attack","Quick Slash"],"picked":"SKIP","floor":44},{"not_picked":["Cloak And Dagger","Backstab","Sucker Punch"],"picked":"SKIP","floor":46},{"not_picked":["Masterful Stab","Dash"],"picked":"Dagger Spray+1","floor":48}],"player_experience":987907,"relics_obtained":[{"floor":7.0,"key":"MawBank"},{"floor":9.0,"key":"Vajra"},{"floor":10.0,"key":"Smiling Mask"},{"floor":14.0,"key":"Sundial"},{"floor":23,"key":"Ancient Tea Set"},{"floor":26,"key":"Bronze Scales"},{"floor":40,"key":"Ornamental Fan"},{"floor":40,"key":"Strawberry"},{"floor":42,"key":"Whetstone"},{"floor":42,"key":"Dream Catcher"},{"floor":43,"key":"FossilizedHelix"}],"event_choices":[{"damage_healed":0.0,"max_hp_gain":5.0,"max_hp_loss":0.0,"gold_gain":0.0,"event_name":"Big Fish","player_choice":"Donut","floor":3.0,"gold_loss":0.0,"damage_taken":0.0},{"damage_healed":0.0,"max_hp_gain":0.0,"max_hp_loss":7.0,"gold_gain":0.0,"event_name":"Golden Idol","player_choice":"Lose Max HP","floor":4.0,"gold_loss":0.0,"damage_taken":0.0,"relics_obtained":["Golden Idol"]},{"damage_healed":0.0,"max_hp_gain":0.0,"max_hp_loss":0.0,"gold_gain":0.0,"event_name":"WeMeetAgain","player_choice":"Paid Gold","floor":19.0,"gold_loss":69.0,"damage_taken":0.0,"relics_obtained":["Bag of Preparation"]},{"damage_healed":0,"gold_gain":0,"player_choice":"Became a vampire","damage_taken":0,"max_hp_gain":0,"max_hp_loss":20,"event_name":"Vampires","floor":21,"gold_loss":0,"cards_obtained":["Bite","Bite","Bite","Bite","Bite"]},{"damage_healed":0,"gold_gain":50,"player_choice":"Stole From Cult","damage_taken":0,"max_hp_gain":0,"max_hp_loss":0,"event_name":"Nest","floor":22,"gold_loss":0},{"damage_healed":0,"gold_gain":0,"player_choice":"Inject Mutagens","damage_taken":0,"relics_obtained":["MutagenicStrength"],"max_hp_gain":0,"max_hp_loss":0,"event_name":"Drug Dealer","floor":25,"gold_loss":0},{"damage_healed":0,"gold_gain":0,"player_choice":"Ignored","damage_taken":0,"max_hp_gain":0,"max_hp_loss":0,"event_name":"Mysterious Sphere","floor":36,"gold_loss":0},{"damage_healed":0,"gold_gain":333,"player_choice":"Gave Idol","damage_taken":0,"max_hp_gain":0,"max_hp_loss":0,"event_name":"The Moai Head","floor":38,"relics_lost":["Golden Idol"],"gold_loss":0},{"damage_healed":0,"gold_gain":0,"player_choice":"Ignored","damage_taken":0,"max_hp_gain":0,"max_hp_loss":0,"event_name":"Tomb of Lord Red Mask","floor":39,"gold_loss":0}],"is_beta":false,"boss_relics":[{"not_picked":["Orrery","Sozu"],"picked":"Velvet Choker"},{"not_picked":["Eternal Feather","Snecko Eye"],"picked":"Black Star"}],"items_purged_floors":[28,37],"is_endless":false,"potions_floor_spawned":[2,5,7,11,20,30,40,46],"ascension_level":19}