{"gold_per_floor":[119,119,194,52,67,100,100,113,113,113,151,171,171,192,192,320,320,294,114,139,158,235,235,235],"floor_reached":24,"playtime":2109,"items_purged":["Injury"],"score":252,"play_id":"77308fd1-227c-47f7-80ff-89df4e90c056","local_time":"20190621012431","is_ascension_mode":true,"campfire_choices":[{"data":"Bash","floor":7,"key":"SMITH"},{"data":"Cleave","floor":13,"key":"SMITH"},{"data":"Feed","floor":15,"key":"SMITH"},{"floor":23,"key":"REST"}],"neow_cost":"NONE","seed_source_timestamp":253930041961700,"circlet_count":0,"master_deck":["Strike_R","Strike_R","Strike_R","Strike_R","Strike_R","Defend_R","Defend_R","Defend_R","Defend_R","Bash+1","Cleave+1","Battle Trance","Flame Barrier","Headbutt","Feed+1","Reaper","Spot Weakness","Apotheosis","Heavy Blade","Clothesline"],"relics":["Burning Blood","Golden Idol","Torii","Ice Cream","Centennial Puzzle","Lizard Tail","Singing Bowl"],"potions_floor_usage":[6,16,18,24],"damage_taken":[{"damage":0,"enemies":"Small Slimes","floor":1,"turns":3},{"damage":1,"enemies":"Cultist","floor":5,"turns":3},{"damage":29,"enemies":"Lagavulin","floor":6,"turns":10},{"damage":2,"enemies":"2 Louse","floor":8,"turns":3},{"damage":22,"enemies":"3 Sentries","floor":11,"turns":9},{"damage":3,"enemies":"Red Slaver","floor":12,"turns":4},{"damage":1,"enemies":"Exordium Wildlife","floor":14,"turns":2},{"damage":79,"enemies":"Hexaghost","floor":16,"turns":15},{"damage":26,"enemies":"2 Thieves","floor":18,"turns":5},{"damage":31,"enemies":"3 Byrds","floor":20,"turns":4},{"damage":93,"enemies":"Cultist and Chosen","floor":21,"turns":9},{"damage":81,"enemies":"Slavers","floor":24,"turns":5}],"seed_played":"124801033872584277","potions_obtained":[{"floor":5,"key":"Poison Potion"},{"floor":8,"key":"Dexterity Potion"},{"floor":16,"key":"Block Potion"},{"floor":18,"key":"SpeedPotion"},{"floor":21,"key":"Fire Potion"}],"is_trial":false,"path_per_floor":["M","?","?","$","M","E","R","M","T","?","E","M","R","M","R","B",null,"M","$","M","M","T","R","E"],"character_chosen":"IRONCLAD","items_purchased":["Battle Trance","Apotheosis"],"campfire_rested":1,"item_purchase_floors":[4,19],"current_hp_per_floor":[88,88,77,77,82,59,59,63,63,88,72,75,75,80,80,11,92,72,72,47,22,22,50,0],"gold":235,"neow_bonus":"TEN_PERCENT_HP_BONUS","is_prod":false,"is_daily":false,"chose_seed":false,"campfire_upgraded":3,"win_rate":0,"timestamp":1561044271,"path_taken":["M","?","?","$","M","E","R","M","T","?","E","?","R","M","R","BOSS","M","$","M","M","?","R","E"],"build_version":"2019-01-23","purchased_purges":1,"victory":false,"max_hp_per_floor":[88,88,88,88,88,88,88,88,88,88,88,88,88,88,88,92,92,92,92,92,96,96,96,100],"card_choices":[{"not_picked":["Dropkick","Clash"],"picked":"Cleave","floor":1},{"not_picked":["Cleave","Sentinel"],"picked":"Flame Barrier","floor":5},{"not_picked":["Thunderclap","Power Through","Anger"],"picked":"SKIP","floor":6},{"not_picked":["Thunderclap","Hemokinesis","True Grit"],"picked":"SKIP","floor":8},{"not_picked":["Thunderclap","Clothesline","Bloodletting"],"picked":"SKIP","floor":11},{"not_picked":["Iron Wave","Anger"],"picked":"Headbutt","floor":12},{"not_picked":["Flex","Clothesline"],"picked":"Feed","floor":14},{"not_picked":["Berserk","Impervious"],"picked":"Reaper","floor":16},{"not_picked":["Warcry+1","Dropkick"],"picked":"Spot Weakness","floor":18},{"not_picked":["Headbutt","Anger"],"picked":"Heavy Blade","floor":20},{"not_picked":["Anger","Bloodletting"],"picked":"Clothesline","floor":21}],"player_experience":116320,"relics_obtained":[{"floor":6,"key":"Torii"},{"floor":9,"key":"Ice Cream"},{"floor":11,"key":"Centennial Puzzle"},{"floor":22,"key":"Singing Bowl"}],"event_choices":[{"damage_healed":0,"gold_gain":0,"player_choice":"Take Wound","damage_taken":0,"relics_obtained":["Golden Idol"],"max_hp_gain":0,"max_hp_loss":0,"event_name":"Golden Idol","floor":2,"gold_loss":0,"cards_obtained":["Injury"]},{"damage_healed":0,"gold_gain":75,"player_choice":"Gather Gold","damage_taken":11,"max_hp_gain":0,"max_hp_loss":0,"event_name":"World of Goop","floor":3,"gold_loss":0},{"damage_healed":25,"gold_gain":0,"player_choice":"Full Heal","damage_taken":0,"max_hp_gain":0,"max_hp_loss":0,"event_name":"Wheel of Change","floor":10,"gold_loss":0}],"is_beta":false,"boss_relics":[{"not_picked":["Empty Cage","Snecko Eye"],"picked":"Lizard Tail"}],"items_purged_floors":[4],"is_endless":false,"potions_floor_spawned":[5,8,16,18,21],"killed_by":"Slavers","ascension_level":2}