{"gold_per_floor":[112,112,112,112,139,168,168,186,186,186,186,217,21,56,56,158,158,171,171,33,43,67,67,39,71,95,120,120,153,168,187,187,284,284,302,302,100,113,161,161,223,0,26,54,54,54,80,93,93,93],"floor_reached":51,"playtime":2144,"items_purged":[],"score":981,"play_id":"4f704abe-b936-4b2f-9731-8c24d805020e","local_time":"20180918224520","is_ascension_mode":true,"campfire_choices":[{"floor":7,"key":"REST"},{"floor":11,"key":"REST"},{"floor":15,"key":"REST"},{"data":"White Noise","floor":23,"key":"SMITH"},{"floor":28,"key":"REST"},{"floor":32,"key":"REST"},{"floor":40,"key":"REST"},{"floor":46,"key":"REST"},{"data":"Buffer","floor":49,"key":"SMITH"}],"neow_cost":"TEN_PERCENT_HP_LOSS","seed_source_timestamp":376186018068511,"circlet_count":0,"master_deck":["Strike_B","Strike_B","Strike_B+1","Strike_B","Defend_B","Defend_B+1","Defend_B","Defend_B","Zap","Dualcast","All For One+1","Auto Shields","Pain","Go for the Eyes+1","Ball Lightning+1","Amplify","White Noise+1","Go for the Eyes+1","Electrodynamics","Conserve Battery+1","Self Repair","Doom and Gloom+1","Hologram","Leap","Defragment+1","Storm","Scrape+1","Barrage+1","Loop+1","Go for the Eyes+1","Rebound+1","Defragment+1","Storm+1","Core Surge+1","Ball Lightning+1","Leap+1","Mind Blast+1","Secret Technique+1","Dramatic Entrance+1","Rebound+1","Hello World+1","Hologram+1","Buffer+1","Steam+1","Madness","Madness","White Noise+1","Barrage+1","Chaos+1"],"relics":["Cracked Core","Molten Egg 2","GremlinMask","WarpedTongs","Blood Vial","Centennial Puzzle","Singing Bowl","Prayer Wheel","Orichalcum","The Courier","Lizard Tail","Bag of Preparation","Boot","Shuriken","Anchor","Juzu Bracelet","Emotion Chip","Nuclear Battery","Meat on the Bone","StoneCalendar","Tiny Chest","Red Mask","Regal Pillow","War Paint","Lantern"],"potions_floor_usage":[6,14,25,30,33,38,44],"damage_taken":[{"damage":7,"enemies":"Jaw Worm","floor":1,"turns":3},{"damage":8,"enemies":"Lagavulin","floor":6,"turns":7},{"damage":9,"enemies":"2 Louse","floor":8,"turns":3},{"damage":23,"enemies":"3 Sentries","floor":12,"turns":5},{"damage":3,"enemies":"Gremlin Nob","floor":14,"turns":3},{"damage":34,"enemies":"The Guardian","floor":16,"turns":9},{"damage":6,"enemies":"Chosen","floor":18,"turns":3},{"damage":9,"enemies":"Shell Parasite","floor":21,"turns":6},{"damage":46,"enemies":"Slavers","floor":25,"turns":4},{"damage":8,"enemies":"Gremlin Leader","floor":27,"turns":5},{"damage":22,"enemies":"Book of Stabbing","floor":29,"turns":4},{"damage":0,"enemies":"Snake Plant","floor":30,"turns":3},{"damage":24,"enemies":"Centurion and Healer","floor":31,"turns":5},{"damage":18,"enemies":"Collector","floor":33,"turns":5},{"damage":35,"enemies":"3 Shapes","floor":35,"turns":3},{"damage":7,"enemies":"3 Darklings","floor":38,"turns":3},{"damage":27,"enemies":"Mysterious Sphere","floor":39,"turns":4},{"damage":22,"enemies":"Nemesis","floor":41,"turns":5},{"damage":42,"enemies":"2 Orb Walkers","floor":44,"turns":4},{"damage":24,"enemies":"Nemesis","floor":47,"turns":5},{"damage":6,"enemies":"Spire Growth","floor":48,"turns":3},{"damage":58,"enemies":"Time Eater","floor":50,"turns":8}],"seed_played":"-713161297513301257","potions_obtained":[{"floor":1,"key":"Poison Potion"},{"floor":12,"key":"FocusPotion"},{"floor":16,"key":"Block Potion"},{"floor":25,"key":"FocusPotion"},{"floor":29,"key":"FearPotion"},{"floor":33,"key":"SteroidPotion"},{"floor":35,"key":"SkillPotion"},{"floor":41,"key":"Ancient Potion"},{"floor":48,"key":"GamblersBrew"}],"is_trial":false,"path_per_floor":["M","?","?","?","T","E","R","M","T","?","R","E","$","E","R","B",null,"M","?","$","M","T","R","$","E","T","E","R","E","M","M","R","B",null,"M","?","$","M","?","R","E","?","T","E","?","R","E","M","R","B"],"character_chosen":"DEFECT","items_purchased":["Orichalcum","White Noise","Bag of Preparation","Hologram","Storm","Meat on the Bone"],"campfire_rested":7,"item_purchase_floors":[13,13,20,20,24,37],"current_hp_per_floor":[61,43,43,43,43,37,57,50,50,36,56,35,35,34,54,22,68,62,62,62,65,65,65,65,35,35,36,56,36,38,23,43,41,68,40,30,30,37,24,44,43,43,43,15,6,41,38,56,56,46],"gold":93,"neow_bonus":"THREE_RARE_CARDS","is_prod":false,"is_daily":false,"chose_seed":false,"campfire_upgraded":2,"win_rate":0,"timestamp":1537325120,"path_taken":["M","?","?","?","?","E","R","?","T","?","R","E","$","E","R","BOSS","M","?","?","M","?","R","$","E","T","E","R","E","M","M","R","BOSS","M","?","?","M","?","R","E","?","T","E","?","R","E","M","R","BOSS"],"build_version":"2018-09-06","purchased_purges":0,"victory":true,"max_hp_per_floor":[68,68,68,68,68,68,68,68,68,68,68,68,68,68,68,68,68,68,68,68,68,68,68,68,68,68,68,68,68,68,68,68,68,68,68,68,68,68,68,68,68,68,68,68,68,68,68,68,68,68],"card_choices":[{"not_picked":["Rainbow","Biased Cognition"],"picked":"All For One","floor":0},{"not_picked":["Force Field","Beam Cell"],"picked":"Auto Shields","floor":1},{"not_picked":["Cold Snap+1","Blizzard+1"],"picked":"Go for the Eyes+1","floor":6},{"not_picked":["Beam Cell+1","Leap"],"picked":"Ball Lightning+1","floor":8},{"not_picked":["Recycle","Beam Cell+1"],"picked":"Amplify","floor":12},{"not_picked":["Steam","Rebound+1"],"picked":"Go for the Eyes+1","floor":14},{"not_picked":["Buffer","Thunder Strike+1"],"picked":"Electrodynamics","floor":16},{"not_picked":["Steam","Leap"],"picked":"Conserve Battery+1","floor":18},{"not_picked":["Sweeping Beam+1","Stack"],"picked":"Self Repair","floor":18},{"not_picked":["Coolheaded","Glacier"],"picked":"Leap","floor":21},{"not_picked":["Compile Driver+1","Doom and Gloom+1"],"picked":"Defragment+1","floor":21},{"not_picked":["Hologram","Darkness"],"picked":"Scrape+1","floor":25},{"not_picked":["Conserve Battery","Go for the Eyes+1"],"picked":"Barrage+1","floor":27},{"not_picked":["Stack","Barrage+1"],"picked":"Loop+1","floor":29},{"not_picked":["Beam Cell+1","Cold Snap+1"],"picked":"Go for the Eyes+1","floor":30},{"not_picked":["Steam Power","Steam"],"picked":"Rebound+1","floor":30},{"not_picked":["Chaos","Sweeping Beam+1"],"picked":"Defragment+1","floor":31},{"not_picked":["Cold Snap+1","Buffer"],"picked":"Storm+1","floor":31},{"not_picked":["Echo Form","Multi-Cast"],"picked":"Core Surge+1","floor":33},{"not_picked":["Conserve Battery+1","Coolheaded"],"picked":"Ball Lightning+1","floor":35},{"not_picked":["Steam Power","Cold Snap+1"],"picked":"Leap+1","floor":35},{"not_picked":["Good Instincts","The Bomb"],"picked":"Mind Blast+1","floor":36},{"not_picked":["Deep Breath","Impatience"],"picked":"Secret Technique","floor":36},{"not_picked":["Finesse","Trip"],"picked":"Dramatic Entrance+1","floor":36},{"not_picked":["Cold Snap+1","Leap"],"picked":"Rebound+1","floor":38},{"not_picked":["Compile Driver+1","Stack+1"],"picked":"Hello World+1","floor":38},{"not_picked":["Go for the Eyes+1","Fusion+1"],"picked":"Hologram+1","floor":39},{"not_picked":["Redo","Go for the Eyes+1"],"picked":"Buffer","floor":41},{"not_picked":["Reprogram","Coolheaded"],"picked":"Steam+1","floor":44},{"not_picked":["Hello World","Lockon+1"],"picked":"White Noise+1","floor":47},{"not_picked":["Loop","Conserve Battery"],"picked":"Barrage+1","floor":48},{"not_picked":["Redo","Steam+1"],"picked":"Chaos+1","floor":48}],"player_experience":146588,"relics_obtained":[{"floor":5,"key":"Blood Vial"},{"floor":6,"key":"Centennial Puzzle"},{"floor":9,"key":"Singing Bowl"},{"floor":12,"key":"Prayer Wheel"},{"floor":14,"key":"The Courier"},{"floor":22,"key":"Boot"},{"floor":25,"key":"Shuriken"},{"floor":26,"key":"Anchor"},{"floor":27,"key":"Juzu Bracelet"},{"floor":29,"key":"Emotion Chip"},{"floor":39,"key":"StoneCalendar"},{"floor":41,"key":"Tiny Chest"},{"floor":43,"key":"Regal Pillow"},{"floor":44,"key":"War Paint"},{"floor":47,"key":"Lantern"}],"event_choices":[{"event_name":"Scrap Ooze","player_choice":"success","floor":2,"damage_taken":18},{"event_name":"FaceTrader","player_choice":"Trade","floor":3,"damage_taken":0},{"event_name":"Accursed Blacksmith","player_choice":"Rummage","floor":4,"damage_taken":0},{"event_name":"Shining Light","player_choice":"Entered Light","floor":10,"damage_taken":0},{"event_name":"The Library","player_choice":"Read","floor":19,"damage_taken":0},{"event_name":"SensoryStone","player_choice":"Memory 3","floor":36,"damage_taken":0},{"event_name":"Mysterious Sphere","player_choice":"Fight","floor":39,"damage_taken":0},{"event_name":"Tomb of Lord Red Mask","player_choice":"Paid","floor":42,"damage_taken":0},{"event_name":"Winding Halls","player_choice":"Embrace Madness","floor":45,"damage_taken":0}],"is_beta":false,"boss_relics":[{"not_picked":["Empty Cage","Snecko Eye"],"picked":"Lizard Tail"},{"not_picked":["Runic Dome","Coffee Dripper"],"picked":"Nuclear Battery"}],"items_purged_floors":[],"is_endless":false,"potions_floor_spawned":[1,12,16,25,29,33,35,41,48],"ascension_level":2}