{"gold_per_floor":[110,110,110,120,45,73,73,89,89,89,8,8,21,31,31,108,108,120,135,185,197,211,211,211],"floor_reached":24,"playtime":1050,"items_purged":["Strike_G"],"score":424,"play_id":"c7615072-b9a7-43a2-a611-e833bff30762","local_time":"20190621103036","is_ascension_mode":true,"campfire_choices":[{"data":"Dash","floor":7,"key":"SMITH"},{"data":"Neutralize","floor":10,"key":"SMITH"},{"data":"Noxious Fumes","floor":15,"key":"SMITH"},{"data":"Wraith Form v2","floor":23,"key":"SMITH"}],"neow_cost":"NONE","seed_source_timestamp":750885453537579,"circlet_count":0,"master_deck":["AscendersBane","Defend_G","Defend_G","Defend_G","Defend_G","Defend_G","Strike_G","Strike_G","Strike_G","Survivor","Neutralize+1","Dash+1","Poisoned Stab","Deadly Poison","Noxious Fumes+1","Dagger Spray","Wraith Form v2+1","Leg Sweep","Deadly Poison","Cloak And Dagger"],"relics":["Ring of the Snake","NeowsBlessing","Sundial","Gremlin Horn","Snake Skull","Cursed Key"],"potions_floor_usage":[16,19,22],"damage_taken":[{"damage":0,"enemies":"Cultist","floor":1,"turns":1},{"damage":0,"enemies":"Jaw Worm","floor":4,"turns":1},{"damage":0,"enemies":"Lagavulin","floor":6,"turns":1},{"damage":0,"enemies":"2 Louse","floor":8,"turns":3},{"damage":0,"enemies":"Blue Slaver","floor":13,"turns":3},{"damage":4,"enemies":"Large Slime","floor":14,"turns":4},{"damage":15,"enemies":"Slime Boss","floor":16,"turns":7},{"damage":3,"enemies":"3 Byrds","floor":18,"turns":5},{"damage":0,"enemies":"Spheric Guardian","floor":19,"turns":4},{"damage":0,"enemies":"Snecko","floor":21,"turns":5},{"damage":3,"enemies":"3 Cultists","floor":22,"turns":5},{"damage":62,"enemies":"Gremlin Leader","floor":24,"turns":6}],"seed_played":"-390485328072353638","potions_obtained":[{"floor":1,"key":"GhostInAJar"},{"floor":8,"key":"FearPotion"},{"floor":16,"key":"SteroidPotion"},{"floor":21,"key":"Regen Potion"}],"is_trial":false,"path_per_floor":["M","?","?","M","$","E","R","M","T","R","$","?","M","M","R","B",null,"M","M","?","M","M","R","E"],"character_chosen":"THE_SILENT","items_purchased":["Noxious Fumes"],"campfire_rested":0,"item_purchase_floors":[11],"current_hp_per_floor":[59,59,41,41,41,41,41,41,41,41,41,41,41,37,37,22,55,52,52,46,46,55,55,0],"gold":211,"neow_bonus":"THREE_ENEMY_KILL","is_prod":false,"is_daily":false,"chose_seed":false,"campfire_upgraded":4,"win_rate":0,"timestamp":1561084236,"path_taken":["M","?","?","M","?","E","R","M","T","R","$","?","?","M","R","BOSS","M","M","?","M","M","R","E"],"build_version":"2019-01-23","purchased_purges":1,"victory":false,"max_hp_per_floor":[66,66,66,66,66,66,66,66,66,66,66,66,66,66,66,66,66,66,66,66,66,66,66,66],"card_choices":[{"not_picked":["Acrobatics","PiercingWail"],"picked":"Dash","floor":1},{"not_picked":["Deflect","Calculated Gamble"],"picked":"Poisoned Stab","floor":4},{"not_picked":["Flechettes","Flying Knee","Masterful Stab"],"picked":"SKIP","floor":6},{"not_picked":["Underhanded Strike","Slice"],"picked":"Deadly Poison","floor":8},{"not_picked":["Underhanded Strike","Sucker Punch","A Thousand Cuts"],"picked":"SKIP","floor":13},{"not_picked":["Accuracy","Well Laid Plans"],"picked":"Dagger Spray","floor":14},{"not_picked":["Tools of the Trade","Die Die Die"],"picked":"Wraith Form v2","floor":16},{"not_picked":["Concentrate","Flying Knee"],"picked":"Leg Sweep","floor":18},{"not_picked":["Sucker Punch","Riddle With Holes+1","Leg Sweep"],"picked":"SKIP","floor":19},{"not_picked":["Slice","Deflect"],"picked":"Deadly Poison","floor":21},{"not_picked":["Flechettes","Concentrate+1"],"picked":"Cloak And Dagger","floor":22}],"player_experience":933323,"relics_obtained":[{"floor":6,"key":"Gremlin Horn"},{"floor":9,"key":"Snake Skull"}],"event_choices":[{"cards_removed":["Strike_G"],"damage_healed":0,"gold_gain":0,"player_choice":"Forget","damage_taken":0,"max_hp_gain":0,"max_hp_loss":0,"event_name":"Living Wall","floor":2,"gold_loss":0},{"damage_healed":0,"gold_gain":0,"player_choice":"Success","damage_taken":18,"relics_obtained":["Sundial"],"max_hp_gain":0,"max_hp_loss":0,"event_name":"Scrap Ooze","floor":3,"gold_loss":0},{"damage_healed":0,"gold_gain":0,"player_choice":"Leave","damage_taken":0,"max_hp_gain":0,"max_hp_loss":0,"event_name":"The Cleric","floor":12,"gold_loss":0},{"damage_healed":0,"gold_gain":50,"player_choice":"Touch","damage_taken":6,"max_hp_gain":0,"max_hp_loss":0,"event_name":"FaceTrader","floor":20,"gold_loss":0}],"is_beta":false,"boss_relics":[{"not_picked":["Pandora\u0027s Box","Sozu"],"picked":"Cursed Key"}],"items_purged_floors":[5],"is_endless":false,"potions_floor_spawned":[1,8,14,16,21],"killed_by":"Gremlin Leader","ascension_level":18}