{"gold_per_floor":[113,188,21,36,46,46,64,81,81,81,81,119,119,139,139,260,260,284,409,425,425,425,461,461,484,510,294,309,309,78,98,98,98],"floor_reached":33,"playtime":1832,"items_purged":[],"score":267,"play_id":"00b5d477-5d78-4ee2-a89d-07dc4341a42b","local_time":"20180914223741","is_ascension_mode":false,"campfire_choices":[{"data":"White Noise","floor":6,"key":"SMITH"},{"data":"Static Discharge","floor":10,"key":"SMITH"},{"data":"Lockon","floor":13,"key":"SMITH"},{"floor":15,"key":"REST"},{"floor":32,"key":"REST"}],"neow_cost":"NONE","seed_source_timestamp":30457539769619,"circlet_count":0,"master_deck":["Strike_B","Strike_B","Strike_B","Strike_B","Defend_B","Defend_B","Defend_B","Defend_B+1","Zap","Dualcast","BootSequence","Steam","Rebound","White Noise+1","BootSequence","Static Discharge+1","Injury","Lockon+1","Capacitor","Rainbow","Darkness","Aggregate+1","FTL+1","Rip and Tear+1","RitualDagger","Skim","Conserve Battery","Stack","Redo","Gash+1"],"relics":["Cracked Core","Lantern","Pen Nib","Art of War","Golden Idol","Centennial Puzzle","Lizard Tail","Mango","Bottled Tornado","Meat on the Bone","War Paint","OrangePellets","MutagenicStrength","Potion Belt"],"potions_floor_usage":[12,12,16,16,23,23,28,33,33],"damage_taken":[{"damage":2,"enemies":"Small Slimes","floor":1,"turns":3},{"damage":0,"enemies":"Jaw Worm","floor":4,"turns":2},{"damage":0,"enemies":"Cultist","floor":5,"turns":4},{"damage":9,"enemies":"Exordium Thugs","floor":7,"turns":5},{"damage":0,"enemies":"Blue Slaver","floor":8,"turns":5},{"damage":7,"enemies":"3 Sentries","floor":12,"turns":6},{"damage":18,"enemies":"3 Louse","floor":14,"turns":3},{"damage":31,"enemies":"Hexaghost","floor":16,"turns":9},{"damage":27,"enemies":"2 Thieves","floor":18,"turns":5},{"damage":22,"enemies":"Colosseum Slavers","floor":19,"turns":4},{"damage":37,"enemies":"Colosseum Nobs","floor":19,"turns":4},{"damage":8,"enemies":"Shell Parasite","floor":20,"turns":3},{"damage":15,"enemies":"Book of Stabbing","floor":23,"turns":4},{"damage":20,"enemies":"Shelled Parasite and Fungi","floor":25,"turns":4},{"damage":18,"enemies":"Snake Plant","floor":28,"turns":3},{"damage":10,"enemies":"Centurion and Healer","floor":31,"turns":6},{"damage":70,"enemies":"Champ","floor":33,"turns":9}],"seed_played":"113548460753947148","potions_obtained":[{"floor":1,"key":"SteroidPotion"},{"floor":4,"key":"Swift Potion"},{"floor":8,"key":"Fire Potion"},{"floor":12,"key":"Ancient Potion"},{"floor":16,"key":"Dexterity Potion"},{"floor":19,"key":"Swift Potion"},{"floor":20,"key":"Block Potion"},{"floor":25,"key":"Regen Potion"}],"is_trial":false,"path_per_floor":["M","?","$","M","M","R","M","M","T","R","?","E","R","M","R","B",null,"M","?","M","?","?","E","?","M","T","$","M","?","$","M","R"],"character_chosen":"DEFECT","items_purchased":["Pen Nib","Steam","Conserve Battery","OrangePellets","Redo","Potion Belt","AttackPotion"],"campfire_rested":2,"item_purchase_floors":[3,3,27,27,30,30,30],"current_hp_per_floor":[73,62,62,62,62,62,53,53,53,53,53,46,46,28,50,19,75,48,41,33,62,62,47,41,33,33,33,32,32,32,34,60,0],"gold":98,"neow_bonus":"RANDOM_COMMON_RELIC","is_prod":false,"is_daily":false,"chose_seed":false,"campfire_upgraded":3,"win_rate":0.0,"timestamp":1536979061,"path_taken":["M","?","?","M","M","R","?","M","T","R","?","E","R","M","R","BOSS","M","?","?","?","?","E","?","?","T","$","M","?","?","M","R","BOSS"],"build_version":"2018-09-06","purchased_purges":0,"victory":false,"max_hp_per_floor":[75,75,75,75,75,75,75,75,75,75,75,75,75,75,75,75,75,75,89,89,89,89,89,89,89,89,89,89,89,89,89,89,89],"card_choices":[{"not_picked":["Storm","Coolheaded"],"picked":"BootSequence","floor":1},{"not_picked":["BootSequence","Barrage"],"picked":"Rebound","floor":4},{"not_picked":["Coolheaded","Gash"],"picked":"White Noise","floor":5},{"not_picked":["Gash","Reinforced Body"],"picked":"BootSequence","floor":7},{"not_picked":["Heatsinks","Barrage"],"picked":"Static Discharge","floor":8},{"not_picked":["Coolheaded","Echo Form"],"picked":"Lockon","floor":12},{"not_picked":["Scrape","Coolheaded"],"picked":"Capacitor","floor":14},{"not_picked":["Multi-Cast","All For One"],"picked":"Rainbow","floor":16},{"not_picked":["Leap+1","Static Discharge"],"picked":"Darkness","floor":18},{"not_picked":["Compile Driver+1","BootSequence"],"picked":"Aggregate","floor":19},{"not_picked":["Doom and Gloom","Gash+1"],"picked":"FTL+1","floor":20},{"not_picked":["Beam Cell","Self Repair"],"picked":"Rip and Tear+1","floor":23},{"not_picked":["Chill","Go for the Eyes"],"picked":"Skim","floor":25},{"not_picked":["Conserve Battery","Redo"],"picked":"Stack","floor":28},{"not_picked":["Scrape","Defragment"],"picked":"Gash+1","floor":31}],"player_experience":96143,"relics_obtained":[{"floor":9,"key":"Art of War"},{"floor":12,"key":"Centennial Puzzle"},{"floor":19,"key":"Mango"},{"floor":19,"key":"Bottled Tornado"},{"floor":23,"key":"Meat on the Bone"},{"floor":26,"key":"War Paint"}],"event_choices":[{"event_name":"World of Goop","player_choice":"Gather Gold","floor":2,"damage_taken":0},{"event_name":"Golden Idol","player_choice":"Take Wound","floor":11,"damage_taken":0},{"event_name":"Colosseum","player_choice":"Fight","floor":19,"damage_taken":0},{"event_name":"Colosseum","player_choice":"Fought Nobs","floor":19,"damage_taken":0},{"event_name":"The Library","player_choice":"Heal","floor":21,"damage_taken":0},{"event_name":"Ghosts","player_choice":"Ignored","floor":22,"damage_taken":0},{"event_name":"Nest","player_choice":"Joined the Cult","floor":24,"damage_taken":0},{"event_name":"Drug Dealer","player_choice":"Inject Mutagens","floor":29,"damage_taken":0}],"is_beta":false,"boss_relics":[{"not_picked":["Empty Cage","Fusion Hammer"],"picked":"Lizard Tail"}],"items_purged_floors":[],"is_endless":false,"potions_floor_spawned":[1,4,8,12,16,19,19,20,25],"killed_by":"Champ","ascension_level":0}