{"gold_per_floor":[117,292,292,292,308,339,264,277,277,317,329],"floor_reached":11,"playtime":233,"items_purged":["Doubt"],"score":170,"play_id":"ecb829c1-c3c3-4c51-9cd2-1ac53078ec18","local_time":"20190325172152","is_ascension_mode":true,"campfire_choices":[],"neow_cost":"NONE","seed_source_timestamp":0,"circlet_count":0,"master_deck":["AscendersBane","Defend_G","Defend_G","Defend_G","Defend_G","Defend_G","Strike_G","Strike_G","Strike_G","Strike_G","Strike_G","Survivor","Neutralize","Infinite Blades","Regret","Deadly Poison","Endless Agony","PiercingWail"],"special_seed":0,"relics":["Ring of the Snake","NeowsBlessing","Pantograph","Art of War","FossilizedHelix","MawBank","Mercury Hourglass"],"potions_floor_usage":[],"damage_taken":[{"damage":0.0,"enemies":"Jaw Worm","floor":1.0,"turns":1.0},{"damage":0.0,"enemies":"Small Slimes","floor":5.0,"turns":1.0},{"damage":0.0,"enemies":"Lagavulin","floor":6.0,"turns":1.0},{"damage":3.0,"enemies":"2 Louse","floor":8.0,"turns":3.0},{"damage":38.0,"enemies":"Gremlin Nob","floor":10.0,"turns":5.0},{"damage":0,"enemies":"Lagavulin Event","floor":11,"turns":1}],"seed_played":"2988363360861868189","potions_obtained":[{"floor":5.0,"key":"Explosive Potion"}],"is_trial":false,"path_per_floor":["M","?","?","?","M","E","$","M","T","E","?"],"character_chosen":"THE_SILENT","items_purchased":[],"campfire_rested":0,"item_purchase_floors":[],"current_hp_per_floor":[63,63,45,45,45,45,45,42,42,4,4],"gold":329,"neow_bonus":"THREE_ENEMY_KILL","is_prod":false,"is_daily":false,"chose_seed":false,"campfire_upgraded":0,"win_rate":0,"timestamp":1553548912,"path_taken":["M","?","?","?","M","E","?","M","T","E","?"],"build_version":"2019-01-23","purchased_purges":1,"victory":false,"max_hp_per_floor":[70,70,70,70,70,70,70,70,70,70,70],"card_choices":[{"not_picked":["Sucker Punch","Concentrate"],"picked":"Infinite Blades","floor":1.0},{"not_picked":["Flying Knee","Dagger Throw"],"picked":"Deadly Poison","floor":5.0},{"not_picked":["Expertise","Flying Knee"],"picked":"Endless Agony","floor":6.0},{"not_picked":["Acrobatics","Bane"],"picked":"PiercingWail","floor":8.0},{"not_picked":["Dodge and Roll","Sucker Punch","Doppelganger"],"picked":"SKIP","floor":10.0}],"player_experience":376279,"relics_obtained":[{"floor":6.0,"key":"FossilizedHelix"},{"floor":9.0,"key":"MawBank"},{"floor":10.0,"key":"Mercury Hourglass"}],"event_choices":[{"damage_healed":0.0,"max_hp_gain":0.0,"max_hp_loss":0.0,"gold_gain":175.0,"event_name":"Liars Game","player_choice":"AGREE","floor":2.0,"gold_loss":0.0,"damage_taken":0.0,"cards_obtained":["Doubt"]},{"damage_healed":0.0,"max_hp_gain":0.0,"max_hp_loss":0.0,"gold_gain":0.0,"event_name":"Scrap Ooze","player_choice":"Success","floor":3.0,"gold_loss":0.0,"damage_taken":18.0,"relics_obtained":["Pantograph"]},{"damage_healed":0.0,"max_hp_gain":0.0,"max_hp_loss":0.0,"gold_gain":0.0,"event_name":"Big Fish","player_choice":"Box","floor":4.0,"gold_loss":0.0,"damage_taken":0.0,"relics_obtained":["Art of War"],"cards_obtained":["Regret"]},{"damage_healed":0,"gold_gain":0,"player_choice":"Searched \u00272\u0027 times","damage_taken":0,"max_hp_gain":0,"max_hp_loss":0,"event_name":"Dead Adventurer","floor":11,"gold_loss":0}],"is_beta":false,"boss_relics":[],"items_purged_floors":[7],"is_endless":false,"potions_floor_spawned":[5],"killed_by":"Lagavulin Event","ascension_level":12}