{"gold_per_floor":[117,135,155,173,187,221,221,234,234,253,253,269,284,295,295,396,396,415,426,444,455,455,455,472,472,499,104,104,119,135,135,135,135],"floor_reached":33,"playtime":2309,"items_purged":[],"score":284,"play_id":"34912f76-30ce-4cd4-9581-8db44b4a7b88","local_time":"20190115174718","is_ascension_mode":false,"campfire_choices":[{"floor":7,"key":"REST"},{"floor":11,"key":"REST"},{"floor":15,"key":"REST"},{"floor":23,"key":"REST"},{"floor":28,"key":"REST"},{"floor":32,"key":"REST"}],"neow_cost":"NONE","seed_source_timestamp":567594377493571,"circlet_count":0,"master_deck":["Defend_G","Defend_G","Defend_G","Defend_G","Defend_G","Strike_G","Strike_G","Strike_G","Strike_G","Strike_G","Survivor","Neutralize","Backflip","Poisoned Stab","Bouncing Flask","Dash","Outmaneuver","Terror+1","Dagger Spray","Backstab","Bane","Sucker Punch","Poisoned Stab","Terror","Die Die Die","Noxious Fumes","Noxious Fumes","Well Laid Plans","PiercingWail","Bane","Backflip","Blur","Dash","PiercingWail","Flying Knee+1","Bane","After Image"],"relics":["Ring of the Snake","Shuriken","Mummified Hand","Orrery","Regal Pillow","Lantern","Bottled Flame"],"potions_floor_usage":[16,21,21,29,33,33],"damage_taken":[{"damage":0,"enemies":"Cultist","floor":1,"turns":4},{"damage":5,"enemies":"2 Louse","floor":2,"turns":3},{"damage":3,"enemies":"Jaw Worm","floor":3,"turns":3},{"damage":2,"enemies":"Exordium Wildlife","floor":4,"turns":4},{"damage":12,"enemies":"2 Fungi Beasts","floor":5,"turns":4},{"damage":25,"enemies":"Gremlin Nob","floor":6,"turns":4},{"damage":8,"enemies":"Lots of Slimes","floor":8,"turns":3},{"damage":0,"enemies":"Exordium Wildlife","floor":10,"turns":2},{"damage":2,"enemies":"2 Fungi Beasts","floor":12,"turns":3},{"damage":7,"enemies":"Large Slime","floor":13,"turns":5},{"damage":9,"enemies":"Exordium Thugs","floor":14,"turns":3},{"damage":27,"enemies":"Hexaghost","floor":16,"turns":8},{"damage":17,"enemies":"Spheric Guardian","floor":18,"turns":5},{"damage":11,"enemies":"Shell Parasite","floor":19,"turns":5},{"damage":25,"enemies":"Snecko","floor":20,"turns":6},{"damage":8,"enemies":"Snake Plant","floor":21,"turns":4},{"damage":27,"enemies":"3 Cultists","floor":24,"turns":4},{"damage":22,"enemies":"Cultist and Chosen","floor":29,"turns":7},{"damage":21,"enemies":"Chosen and Byrds","floor":30,"turns":5},{"damage":52,"enemies":"Automaton","floor":33,"turns":6}],"seed_played":"2661443335604657289","potions_obtained":[{"floor":2,"key":"Explosive Potion"},{"floor":5,"key":"Ancient Potion"},{"floor":6,"key":"Block Potion"},{"floor":10,"key":"Fire Potion"},{"floor":12,"key":"Strength Potion"},{"floor":20,"key":"Dexterity Potion"},{"floor":21,"key":"Block Potion"},{"floor":30,"key":"Poison Potion"}],"is_trial":false,"path_per_floor":["M","M","M","M","M","E","R","M","T","M","R","M","M","M","R","B",null,"M","M","M","M","?","R","M","?","T","$","R","M","M","?","R","B"],"character_chosen":"THE_SILENT","items_purchased":["Lantern","Bottled Flame"],"campfire_rested":6,"item_purchase_floors":[27,27],"current_hp_per_floor":[70,65,62,60,48,23,44,36,36,36,57,55,48,39,60,33,70,53,42,17,9,32,53,26,13,13,13,50,28,7,7,44,0],"gold":135,"neow_bonus":"THREE_CARDS","is_prod":false,"is_daily":false,"chose_seed":false,"campfire_upgraded":0,"win_rate":0.0,"timestamp":1547592438,"path_taken":["M","M","M","M","?","E","R","?","T","M","R","M","M","?","R","BOSS","M","M","M","M","?","R","M","?","T","?","R","M","M","?","R","BOSS"],"build_version":"2019-01-10","purchased_purges":0,"victory":false,"max_hp_per_floor":[70,70,70,70,70,70,70,70,70,70,70,70,70,70,70,70,70,70,70,70,70,70,70,70,75,75,75,75,75,75,75,75,75],"card_choices":[{"not_picked":["PiercingWail","Well Laid Plans"],"picked":"Backflip","floor":0},{"not_picked":["Dodge and Roll","Backflip"],"picked":"Poisoned Stab","floor":1},{"not_picked":["Tactician","Quick Slash"],"picked":"Bouncing Flask","floor":2},{"not_picked":["Noxious Fumes","Predator"],"picked":"Dash","floor":3},{"not_picked":["Storm of Steel","Choke"],"picked":"Outmaneuver","floor":4},{"not_picked":["Heel Hook","Bane"],"picked":"Terror","floor":5},{"not_picked":["Sucker Punch","Dash"],"picked":"Dagger Spray","floor":6},{"not_picked":["Quick Slash","Reflex"],"picked":"Backstab","floor":8},{"not_picked":["Riddle With Holes","Distraction"],"picked":"Bane","floor":10},{"not_picked":["Heel Hook","Bouncing Flask"],"picked":"Sucker Punch","floor":12},{"not_picked":["Backflip","Footwork"],"picked":"Poisoned Stab","floor":13},{"not_picked":["Deflect","Heel Hook"],"picked":"Terror","floor":14},{"not_picked":["Malaise","Envenom"],"picked":"Die Die Die","floor":16},{"not_picked":["Outmaneuver","Skewer"],"picked":"Noxious Fumes","floor":17},{"not_picked":["Distraction","Catalyst"],"picked":"Noxious Fumes","floor":17},{"not_picked":["Footwork","Leg Sweep"],"picked":"Well Laid Plans","floor":17},{"not_picked":["Quick Slash","Slice"],"picked":"PiercingWail","floor":17},{"not_picked":["Skewer","Outmaneuver"],"picked":"Bane","floor":17},{"not_picked":["Blade Dance","Underhanded Strike+1"],"picked":"Backflip","floor":18},{"not_picked":["Acrobatics","Cloak And Dagger"],"picked":"Blur","floor":19},{"not_picked":["Backflip+1","Slice+1"],"picked":"Dash","floor":20},{"not_picked":["Deadly Poison","Dodge and Roll+1"],"picked":"PiercingWail","floor":21},{"not_picked":["Backflip","Predator"],"picked":"Flying Knee+1","floor":24},{"not_picked":["Acrobatics","Slice"],"picked":"Bane","floor":29},{"not_picked":["Noxious Fumes","Finisher"],"picked":"After Image","floor":30}],"player_experience":21158,"relics_obtained":[{"floor":6,"key":"Shuriken"},{"floor":9,"key":"Mummified Hand"},{"floor":26,"key":"Regal Pillow"}],"event_choices":[{"damage_healed":23,"gold_gain":0,"player_choice":"Heal","damage_taken":0,"max_hp_gain":0,"max_hp_loss":0,"event_name":"The Library","floor":22,"gold_loss":0},{"damage_healed":0,"gold_gain":0,"player_choice":"Shed Blood","damage_taken":18,"max_hp_gain":5,"max_hp_loss":0,"event_name":"Forgotten Altar","floor":25,"gold_loss":0},{"damage_healed":0,"gold_gain":0,"player_choice":"Upgraded","damage_taken":0,"max_hp_gain":0,"max_hp_loss":0,"event_name":"Upgrade Shrine","floor":31,"gold_loss":0,"cards_upgraded":["Terror"]}],"is_beta":false,"boss_relics":[{"not_picked":["Runic Dome","HoveringKite"],"picked":"Orrery"}],"items_purged_floors":[],"is_endless":false,"potions_floor_spawned":[2,5,6,10,12,20,21,30],"killed_by":"Automaton","ascension_level":0}