{"gold_per_floor":[114,129,129,144,144,53,53,68,68,93,93,108,108,123,123,223,223,238,253,268,268,118,43,43,0,75,90,105,120,30,45,45,45],"floor_reached":33,"playtime":1120,"items_purged":[],"score":291,"play_id":"5b8c6402-6512-456c-a622-39f373c38e2d","local_time":"20181210172752","daily_mods":["Chimera","Hoarder","Night Terrors"],"is_ascension_mode":false,"campfire_choices":[{"data":"Self Repair","floor":7,"key":"SMITH"},{"data":"Dramatic Entrance","floor":15,"key":"SMITH"},{"data":"Dramatic Entrance","floor":24,"key":"SMITH"},{"data":"Dramatic Entrance","floor":32,"key":"SMITH"}],"neow_cost":"","seed_source_timestamp":0,"circlet_count":0,"master_deck":["Bash","Survivor","Zap","Strike_R","Strike_G","Strike_B","Defend_B","Stack","Stack","Stack","Ball Lightning","Ball Lightning","Ball Lightning","Self Repair","Self Repair+1","Self Repair+1","Dramatic Entrance+1","Dramatic Entrance+1","Dramatic Entrance+1","FTL","FTL","FTL","Impatience","Impatience","Impatience","Genetic Algorithm","Genetic Algorithm","Genetic Algorithm","Hyperbeam","Hyperbeam","Hyperbeam","Leap","Leap","Leap","Go for the Eyes","Go for the Eyes","Go for the Eyes","Core Surge","Core Surge","Core Surge","Shame","Sunder","Sunder","Sunder","Conserve Battery","Conserve Battery","Conserve Battery","Turbo","Turbo+1","Turbo","Capacitor","Capacitor","Capacitor"],"special_seed":17875,"relics":["Cracked Core","Potion Belt","Anchor","Empty Cage","Centennial Puzzle","DataDisk","Symbiotic Virus"],"potions_floor_usage":[19,20,27,29,31,31],"damage_taken":[{"damage":1,"enemies":"Jaw Worm","floor":1,"turns":4},{"damage":4,"enemies":"Cultist","floor":2,"turns":4},{"damage":0,"enemies":"2 Louse","floor":4,"turns":2},{"damage":0,"enemies":"Lots of Slimes","floor":8,"turns":1},{"damage":0,"enemies":"Exordium Wildlife","floor":12,"turns":3},{"damage":0,"enemies":"Blue Slaver","floor":14,"turns":2},{"damage":35,"enemies":"The Guardian","floor":16,"turns":11},{"damage":0,"enemies":"Chosen","floor":18,"turns":3},{"damage":0,"enemies":"Spheric Guardian","floor":19,"turns":2},{"damage":17,"enemies":"Chosen and Byrds","floor":20,"turns":6},{"damage":4,"enemies":"Snecko","floor":27,"turns":4},{"damage":0,"enemies":"Sentry and Sphere","floor":28,"turns":3},{"damage":18,"enemies":"3 Cultists","floor":29,"turns":4},{"damage":8,"enemies":"Snake Plant","floor":31,"turns":5},{"damage":83,"enemies":"Collector","floor":33,"turns":6}],"seed_played":"-7146687675477179986","potions_obtained":[{"floor":4,"key":"Energy Potion"},{"floor":8,"key":"Swift Potion"},{"floor":12,"key":"Explosive Potion"},{"floor":16,"key":"SkillPotion"},{"floor":18,"key":"AttackPotion"},{"floor":27,"key":"FearPotion"}],"is_trial":false,"path_per_floor":["M","M","?","M","?","$","R","M","T","T","?","M","?","M","R","B",null,"M","M","M","?","$","?","R","?","T","M","M","M","?","M","R","B"],"character_chosen":"DEFECT","items_purchased":["Dramatic Entrance","DataDisk"],"campfire_rested":0,"item_purchase_floors":[6,22],"current_hp_per_floor":[74,70,70,70,70,70,70,70,70,70,70,75,75,75,75,60,75,75,75,75,75,75,75,75,75,75,75,75,74,74,75,75,0],"gold":45,"neow_bonus":"","is_prod":false,"is_daily":true,"chose_seed":false,"campfire_upgraded":4,"win_rate":0,"timestamp":1544480872,"path_taken":["M","M","?","M","?","$","R","?","T","?","?","M","?","M","R","BOSS","M","?","M","?","$","?","R","?","T","M","?","M","?","M","R","BOSS"],"build_version":"2018-12-06","purchased_purges":0,"victory":false,"max_hp_per_floor":[75,75,75,75,75,75,75,75,75,75,75,75,75,75,75,75,75,75,75,75,75,75,75,75,75,75,75,75,75,75,75,75,75],"card_choices":[{"not_picked":["Static Discharge","Barrage"],"picked":"Stack","floor":1},{"not_picked":["Conserve Battery","Stack"],"picked":"Ball Lightning","floor":2},{"not_picked":["BootSequence","Steam Power"],"picked":"Self Repair","floor":4},{"not_picked":["Hologram","Consume","Ball Lightning"],"picked":"SKIP","floor":8},{"not_picked":["Cold Snap","Coolheaded"],"picked":"FTL","floor":12},{"not_picked":["Storm","Hologram"],"picked":"Genetic Algorithm","floor":14},{"not_picked":["Creative AI","Reboot"],"picked":"Hyperbeam","floor":16},{"not_picked":["Genetic Algorithm","Recycle"],"picked":"Leap","floor":18},{"not_picked":["Steam","Leap"],"picked":"Go for the Eyes","floor":19},{"not_picked":["Barrage","Hologram"],"picked":"Core Surge","floor":20},{"not_picked":["Steam","Compile Driver"],"picked":"Sunder","floor":27},{"not_picked":["Darkness+1","Cold Snap+1"],"picked":"Conserve Battery","floor":28},{"not_picked":["Rebound","Beam Cell"],"picked":"Turbo","floor":29},{"not_picked":["Hologram","Steam+1"],"picked":"Capacitor","floor":31}],"player_experience":260207,"relics_obtained":[{"floor":9,"key":"Potion Belt"},{"floor":10,"key":"Anchor"},{"floor":26,"key":"Symbiotic Virus"}],"event_choices":[{"damage_healed":0,"gold_gain":0,"player_choice":"Ignored","damage_taken":0,"max_hp_gain":0,"max_hp_loss":0,"event_name":"Golden Wing","floor":3,"gold_loss":0},{"damage_healed":0,"gold_gain":0,"player_choice":"Upgraded","damage_taken":0,"max_hp_gain":0,"max_hp_loss":0,"event_name":"Upgrade Shrine","floor":5,"gold_loss":0,"cards_upgraded":["Self Repair"]},{"damage_healed":0,"gold_gain":0,"player_choice":"Leave","damage_taken":0,"max_hp_gain":0,"max_hp_loss":0,"event_name":"The Cleric","floor":11,"gold_loss":0},{"damage_healed":0,"gold_gain":0,"player_choice":"1 cards matched","damage_taken":0,"max_hp_gain":0,"max_hp_loss":0,"event_name":"Match and Keep!","floor":13,"gold_loss":0,"cards_obtained":["Impatience"]},{"damage_healed":0,"gold_gain":0,"player_choice":"Stole Relic","damage_taken":0,"relics_obtained":["Centennial Puzzle"],"max_hp_gain":0,"max_hp_loss":0,"event_name":"Addict","floor":21,"gold_loss":0,"cards_obtained":["Shame"]},{"cards_removed":["Shame"],"damage_healed":0,"gold_gain":0,"player_choice":"Gave Gold","damage_taken":0,"max_hp_gain":0,"max_hp_loss":0,"event_name":"Beggar","floor":23,"gold_loss":75},{"damage_healed":0,"gold_gain":0,"player_choice":"Paid Fearfully","damage_taken":0,"max_hp_gain":0,"max_hp_loss":0,"event_name":"Masked Bandits","floor":25,"gold_loss":43},{"cards_removed":["Shame"],"damage_healed":0,"gold_gain":0,"player_choice":"Upgrade and Remove","damage_taken":0,"max_hp_gain":0,"max_hp_loss":0,"event_name":"Designer","floor":30,"gold_loss":90,"cards_upgraded":["Turbo"]}],"is_beta":false,"boss_relics":[{"not_picked":["Snecko Eye","Runic Dome"],"picked":"Empty Cage"}],"items_purged_floors":[],"is_endless":false,"potions_floor_spawned":[4,8,12,16,18,27],"killed_by":"Collector","ascension_level":0}