{"gold_per_floor":[116,116,128,145,245,275,275,275,346,175,195,206,206,232,232,333,333,347,92,103,121,121,153,153,153,177,177,192,192,222,238,238,338,388,402,402,624,624,68,68,78,178,178,196,226,226,226,236,236,236,236,236,93,124,124],"floor_reached":55,"playtime":3344,"items_purged":["Strike_R","Strike_R","Strike_R+1"],"score":1199,"play_id":"8456d749-c40f-4997-9254-4bfde85c6260","local_time":"20181201023033","is_ascension_mode":true,"campfire_choices":[{"data":"Spot Weakness","floor":7,"key":"SMITH"},{"data":"Sword Boomerang","floor":13,"key":"SMITH"},{"data":"Fiend Fire","floor":15,"key":"SMITH"},{"data":"Exhume","floor":24,"key":"SMITH"},{"data":"Barricade","floor":27,"key":"SMITH"},{"data":"Pummel","floor":29,"key":"SMITH"},{"floor":32,"key":"REST"},{"data":"Limit Break","floor":40,"key":"SMITH"},{"floor":49,"key":"RECALL"},{"floor":52,"key":"REST"}],"neow_cost":"NONE","seed_source_timestamp":30369936095528,"circlet_count":0,"master_deck":["AscendersBane","Strike_R+1","Defend_R+1","Defend_R+1","Defend_R+1","Defend_R+1","Bash","Purity","Flame Barrier+1","Fiend Fire+1","Spot Weakness+1","Sword Boomerang+1","Feel No Pain","Shrug It Off","Barricade+1","Pommel Strike","Exhume+1","Pummel+1","Disarm+1","Limit Break+1","Sword Boomerang+1","Clothesline","Metallicize","Shrug It Off","Disarm+1","Impervious"],"relics":["Burning Blood","Centennial Puzzle","Ornamental Fan","PreservedInsect","Sozu","Vajra","Juzu Bracelet","Incense Burner","Oddly Smooth Stone","Red Mask","Tiny House","Bronze Scales","Letter Opener","Thread and Needle","Blood Vial","Art of War","Regal Pillow"],"potions_floor_usage":[33,55],"damage_taken":[{"damage":5,"enemies":"Small Slimes","floor":1,"turns":4},{"damage":1,"enemies":"Cultist","floor":3,"turns":3},{"damage":0,"enemies":"2 Louse","floor":4,"turns":2},{"damage":38,"enemies":"Lagavulin","floor":6,"turns":9},{"damage":3,"enemies":"Looter","floor":11,"turns":3},{"damage":0,"enemies":"3 Louse","floor":12,"turns":5},{"damage":21,"enemies":"Slime Boss","floor":16,"turns":10},{"damage":9,"enemies":"2 Thieves","floor":18,"turns":5},{"damage":2,"enemies":"Chosen","floor":20,"turns":4},{"damage":15,"enemies":"Snake Plant","floor":21,"turns":3},{"damage":15,"enemies":"Book of Stabbing","floor":23,"turns":3},{"damage":3,"enemies":"Cultist and Chosen","floor":28,"turns":6},{"damage":5,"enemies":"Masked Bandits","floor":30,"turns":4},{"damage":25,"enemies":"Centurion and Healer","floor":31,"turns":5},{"damage":6,"enemies":"Collector","floor":33,"turns":14},{"damage":9,"enemies":"3 Shapes","floor":35,"turns":12},{"damage":1,"enemies":"Orb Walker","floor":41,"turns":2},{"damage":15,"enemies":"Mind Bloom Boss Battle","floor":42,"turns":5},{"damage":0,"enemies":"Maw","floor":44,"turns":9},{"damage":0,"enemies":"Nemesis","floor":45,"turns":9},{"damage":3,"enemies":"4 Shapes","floor":48,"turns":8},{"damage":60,"enemies":"Donu and Deca","floor":50,"turns":10},{"damage":43,"enemies":"Shield and Spear","floor":54,"turns":6},{"damage":46,"enemies":"The Heart","floor":55,"turns":8}],"seed_played":"5423686491049342878","potions_obtained":[{"floor":1,"key":"Dexterity Potion"},{"floor":3,"key":"Ancient Potion"}],"is_trial":false,"path_per_floor":["M","?","M","M","?","E","R","$","T","$","M","M","R","T","R","B",null,"M","$","M","M","?","E","R","?","T","R","M","R","?","M","R","B",null,"M","?","?","?","$","R","M","?","T","M","E","?","?","M","R","B",null,"R","$","E","B"],"character_chosen":"IRONCLAD","items_purchased":["Shrug It Off","Headbutt","Vajra","Bronze Scales","Letter Opener","Clothesline","Art of War"],"campfire_rested":2,"item_purchase_floors":[10,10,19,39,39,39,53],"current_hp_per_floor":[73,73,78,80,80,48,48,48,48,48,51,57,57,57,57,42,71,68,68,72,63,63,54,54,54,54,54,57,57,58,39,63,63,81,78,78,78,78,78,78,81,72,72,78,81,81,81,81,81,27,68,81,81,44,0],"gold":124,"neow_bonus":"RANDOM_COLORLESS","is_prod":false,"is_daily":false,"chose_seed":false,"campfire_upgraded":7,"win_rate":0,"timestamp":1543642233,"path_taken":["M","?","?","M","?","E","R","?","T","$","M","?","R","?","R","BOSS","M","$","M","M","?","E","R","?","T","R","M","R","?","M","R","BOSS","M","?","?","?","$","R","M","?","T","M","E","?","?","M","R","BOSS","R","$","E","BOSS"],"build_version":"2018-11-15","purchased_purges":3,"victory":false,"max_hp_per_floor":[80,80,80,80,80,80,80,80,80,80,80,80,80,80,80,80,80,80,80,80,80,80,80,80,80,80,80,80,80,80,80,80,80,85,85,85,85,81,81,81,81,81,81,81,81,81,81,81,81,81,81,81,81,81,81],"card_choices":[{"not_picked":["Perfected Strike","True Grit"],"picked":"Flame Barrier","floor":1},{"not_picked":["Flex","Uppercut"],"picked":"Spot Weakness","floor":3},{"not_picked":["Warcry","Twin Strike"],"picked":"Sword Boomerang","floor":4},{"not_picked":["Clothesline","Corruption"],"picked":"Feel No Pain","floor":6},{"not_picked":["Clash","Entrench","Whirlwind"],"picked":"SKIP","floor":11},{"not_picked":["Warcry","Combust","Body Slam"],"picked":"SKIP","floor":12},{"not_picked":["Demon Form","Fiend Fire"],"picked":"Barricade","floor":16},{"not_picked":["Body Slam","Sever Soul","Sword Boomerang"],"picked":"SKIP","floor":18},{"not_picked":["Warcry","Havoc"],"picked":"Pommel Strike","floor":20},{"not_picked":["Fire Breathing","Heavy Blade","Perfected Strike+1"],"picked":"SKIP","floor":21},{"not_picked":["Headbutt","Twin Strike"],"picked":"Exhume","floor":23},{"not_picked":["Pommel Strike","Second Wind"],"picked":"Pummel","floor":28},{"not_picked":["Spot Weakness","Anger"],"picked":"Disarm+1","floor":31},{"not_picked":["Barricade","Dark Embrace"],"picked":"Limit Break","floor":33},{"not_picked":["Warcry","Flex"],"picked":"Sword Boomerang+1","floor":34},{"not_picked":["Searing Blow","Wild Strike","Pommel Strike+1"],"picked":"SKIP","floor":35},{"not_picked":["Twin Strike","Heavy Blade+1","Wild Strike"],"picked":"SKIP","floor":41},{"not_picked":["Combust","Feel No Pain"],"picked":"Metallicize","floor":42},{"not_picked":["Thunderclap+1","Disarm"],"picked":"Shrug It Off","floor":44},{"not_picked":["Dropkick+1","Iron Wave+1"],"picked":"Disarm+1","floor":45},{"not_picked":["Clothesline+1","Searing Blow"],"picked":"Impervious","floor":48},{"not_picked":["Shrug It Off","Feel No Pain","Juggernaut"],"picked":"SKIP","floor":54}],"player_experience":443030,"relics_obtained":[{"floor":6,"key":"Centennial Puzzle"},{"floor":9,"key":"Ornamental Fan"},{"floor":14,"key":"PreservedInsect"},{"floor":23,"key":"Incense Burner"},{"floor":26,"key":"Oddly Smooth Stone"},{"floor":30,"key":"Red Mask"},{"floor":42,"key":"Thread and Needle"},{"floor":45,"key":"Blood Vial"},{"floor":54,"key":"Regal Pillow"}],"event_choices":[{"damage_healed":0,"gold_gain":0,"cards_transformed":["Strike_R"],"player_choice":"Transformed","damage_taken":0,"max_hp_gain":0,"max_hp_loss":0,"event_name":"Transmorgrifier","floor":2,"gold_loss":0,"cards_obtained":["Fiend Fire"]},{"damage_healed":0,"gold_gain":100,"player_choice":"Pray","damage_taken":0,"max_hp_gain":0,"max_hp_loss":0,"event_name":"Golden Shrine","floor":5,"gold_loss":0},{"damage_healed":0,"gold_gain":0,"player_choice":"Opened","damage_taken":0,"relics_obtained":["Juzu Bracelet"],"max_hp_gain":0,"max_hp_loss":0,"event_name":"The Mausoleum","floor":22,"gold_loss":0},{"damage_healed":0,"gold_gain":0,"player_choice":"Simplicity","damage_taken":0,"max_hp_gain":0,"max_hp_loss":0,"event_name":"Back to Basics","floor":25,"gold_loss":0,"cards_upgraded":["Strike_R","Strike_R","Defend_R","Defend_R","Defend_R","Defend_R"]},{"damage_healed":0,"gold_gain":0,"player_choice":"Fought Bandits","damage_taken":0,"max_hp_gain":0,"max_hp_loss":0,"event_name":"Masked Bandits","floor":30,"gold_loss":0},{"cards_removed":["Headbutt"],"damage_healed":0,"gold_gain":0,"player_choice":"Removed Attack","damage_taken":0,"max_hp_gain":0,"max_hp_loss":0,"event_name":"Falling","floor":36,"gold_loss":0},{"damage_healed":0,"gold_gain":222,"player_choice":"Wore Mask","damage_taken":0,"max_hp_gain":0,"max_hp_loss":0,"event_name":"Tomb of Lord Red Mask","floor":37,"gold_loss":0},{"damage_healed":0,"gold_gain":0,"player_choice":"Max HP","damage_taken":0,"max_hp_gain":0,"max_hp_loss":4,"event_name":"Winding Halls","floor":38,"gold_loss":0},{"damage_healed":0,"gold_gain":0,"player_choice":"Fight","damage_taken":0,"max_hp_gain":0,"max_hp_loss":0,"event_name":"MindBloom","floor":42,"gold_loss":0},{"damage_healed":0,"gold_gain":0,"player_choice":"Ignored","damage_taken":0,"max_hp_gain":0,"max_hp_loss":0,"event_name":"Mysterious Sphere","floor":46,"gold_loss":0},{"damage_healed":0,"gold_gain":0,"player_choice":"Memory 1","damage_taken":0,"max_hp_gain":0,"max_hp_loss":0,"event_name":"SensoryStone","floor":47,"gold_loss":0}],"is_beta":false,"boss_relics":[{"not_picked":["Astrolabe","Lizard Tail"],"picked":"Sozu"},{"not_picked":["Black Blood","Fusion Hammer"],"picked":"Tiny House"}],"items_purged_floors":[10,19,39],"is_endless":false,"potions_floor_spawned":[1,3,16,20,21,28,33,35,44,45,54],"killed_by":"The Heart","ascension_level":12}