{"gold_per_floor":[112,112,122,133,147,176,31,31,31,31,45,45,56,76,76,173,173,191,191,191,211,222,252,252,80,80,100,100,111,111],"floor_reached":30,"playtime":1288,"items_purged":[],"score":292,"play_id":"3f0593ac-1ddd-4d35-8281-26ddb08448f9","local_time":"20180918194639","is_ascension_mode":true,"campfire_choices":[{"data":"Go for the Eyes","floor":8,"key":"SMITH"},{"data":"Zap","floor":10,"key":"SMITH"},{"floor":15,"key":"REST"},{"floor":24,"key":"REST"},{"data":"1","floor":28,"key":"LIFT"}],"neow_cost":"NONE","seed_source_timestamp":366339819661355,"circlet_count":0,"master_deck":["Strike_B","Strike_B","Strike_B","Strike_B","Defend_B","Defend_B","Defend_B","Defend_B","Zap+1","Dualcast","Go for the Eyes+1","BootSequence","BootSequence","Gash","Genetic Algorithm","Regret","Conserve Battery","FTL","Auto Shields","Ball Lightning+1","Hello World","Static Discharge+1","Gash","Gash+1","Chill+1"],"relics":["Cracked Core","Pear","DataDisk","Singing Bowl","Ornamental Fan","Nloth\u0027s Gift","Girya","Lantern","Question Card"],"potions_floor_usage":[1,4,6,6,16,16,16,18,23,30,30],"damage_taken":[{"damage":0,"enemies":"Small Slimes","floor":1,"turns":2},{"damage":2,"enemies":"2 Louse","floor":3,"turns":3},{"damage":4,"enemies":"Cultist","floor":4,"turns":3},{"damage":4,"enemies":"Exordium Wildlife","floor":5,"turns":4},{"damage":14,"enemies":"Gremlin Nob","floor":6,"turns":3},{"damage":1,"enemies":"3 Louse","floor":11,"turns":3},{"damage":12,"enemies":"Lots of Slimes","floor":13,"turns":5},{"damage":16,"enemies":"Large Slime","floor":14,"turns":5},{"damage":32,"enemies":"Slime Boss","floor":16,"turns":13},{"damage":22,"enemies":"Spheric Guardian","floor":18,"turns":6},{"damage":19,"enemies":"Chosen","floor":21,"turns":7},{"damage":16,"enemies":"Centurion and Healer","floor":22,"turns":8},{"damage":29,"enemies":"Slavers","floor":23,"turns":7},{"damage":16,"enemies":"Chosen and Byrds","floor":27,"turns":5},{"damage":22,"enemies":"Sentry and Sphere","floor":29,"turns":6},{"damage":34,"enemies":"Gremlin Leader","floor":30,"turns":6}],"seed_played":"60730407155328049","potions_obtained":[{"floor":0,"key":"Fire Potion"},{"floor":0,"key":"Explosive Potion"},{"floor":0,"key":"Poison Potion"},{"floor":1,"key":"Swift Potion"},{"floor":6,"key":"Dexterity Potion"},{"floor":11,"key":"PowerPotion"},{"floor":14,"key":"EssenceOfSteel"},{"floor":16,"key":"SkillPotion"},{"floor":22,"key":"Weak Potion"},{"floor":23,"key":"Dexterity Potion"},{"floor":27,"key":"SpeedPotion"}],"is_trial":false,"path_per_floor":["M","?","M","M","M","E","$","R","T","R","M","?","M","M","R","B",null,"M","?","?","M","M","E","R","$","T","M","R","M"],"character_chosen":"DEFECT","items_purchased":["DataDisk","Lantern","Gash"],"campfire_rested":2,"item_purchase_floors":[7,25,25],"current_hp_per_floor":[75,75,73,69,65,61,61,61,61,61,62,62,50,34,60,28,87,65,65,97,78,62,33,62,62,62,46,46,24,0],"gold":111,"neow_bonus":"THREE_SMALL_POTIONS","is_prod":false,"is_daily":false,"chose_seed":false,"campfire_upgraded":2,"win_rate":0,"timestamp":1537314399,"path_taken":["M","?","?","M","M","E","$","R","T","R","M","?","M","M","R","BOSS","M","?","?","M","M","E","R","?","T","M","R","M","E"],"build_version":"2018-09-06","purchased_purges":0,"victory":false,"max_hp_per_floor":[75,75,75,75,75,85,85,85,85,85,87,87,87,87,87,87,87,87,87,97,97,97,97,97,97,97,97,97,97,97],"card_choices":[{"not_picked":["Aggregate","Stack"],"picked":"Go for the Eyes","floor":1},{"not_picked":["Ball Lightning","Beam Cell"],"picked":"BootSequence","floor":3},{"not_picked":["Stack","Undo"],"picked":"BootSequence","floor":4},{"not_picked":["Blizzard","Hologram"],"picked":"Gash","floor":5},{"not_picked":["Sweeping Beam","Chaos"],"picked":"Genetic Algorithm","floor":6},{"not_picked":["Hologram","Fusion","Sunder"],"picked":"Singing Bowl","floor":11},{"not_picked":["Skim","Darkness"],"picked":"Conserve Battery","floor":13},{"not_picked":["Hologram","Cold Snap"],"picked":"FTL","floor":14},{"not_picked":["Rainbow","Seek"],"picked":"Hyperbeam","floor":16},{"not_picked":["Leap","Capacitor"],"picked":"Auto Shields","floor":18},{"not_picked":["Compile Driver","Leap"],"picked":"Ball Lightning+1","floor":21},{"not_picked":["Redo","Hologram+1"],"picked":"Hello World","floor":22},{"not_picked":["All For One","Beam Cell"],"picked":"Static Discharge+1","floor":23},{"not_picked":["Go for the Eyes","Redo","Tempest"],"picked":"Gash+1","floor":27},{"not_picked":["Steam","Go for the Eyes+1","Steam Power+1"],"picked":"Chill+1","floor":29}],"player_experience":137034,"relics_obtained":[{"floor":6,"key":"Pear"},{"floor":9,"key":"Singing Bowl"},{"floor":23,"key":"Girya"},{"floor":26,"key":"Question Card"}],"event_choices":[{"event_name":"The Cleric","player_choice":"Leave","floor":2,"damage_taken":0},{"event_name":"Big Fish","player_choice":"Box","floor":12,"damage_taken":0},{"event_name":"N\u0027loth","player_choice":"Traded a Nuclear Battery","floor":19,"damage_taken":0},{"event_name":"Bonfire Elementals","player_choice":"RARE","floor":20,"damage_taken":0}],"is_beta":false,"boss_relics":[{"not_picked":["Runic Dome","Empty Cage"],"picked":"Nuclear Battery"}],"items_purged_floors":[],"is_endless":false,"potions_floor_spawned":[1,6,11,14,16,22,23,27],"killed_by":"Gremlin Leader","ascension_level":1}