{"gold_per_floor":[218,368,368,15,32,32,66,82,82,82,99,99,99,156,156,230,230,230,230,230,230,230,230,230,230,230,230,159,159,159,32,32,32],"floor_reached":33,"playtime":2055,"items_purged":["Doubt"],"score":560,"play_id":"724be185-1066-4688-9639-5868dc3d4141","local_time":"20181216194940","is_ascension_mode":true,"campfire_choices":[{"data":"Bash","floor":6,"key":"SMITH"},{"data":"True Grit","floor":10,"key":"SMITH"},{"data":"Disarm","floor":12,"key":"SMITH"},{"data":"Iron Wave","floor":15,"key":"SMITH"},{"data":"Immolate","floor":24,"key":"SMITH"},{"data":"Metallicize","floor":27,"key":"SMITH"},{"data":"Heavy Blade","floor":29,"key":"SMITH"},{"floor":32,"key":"REST"}],"neow_cost":"NONE","seed_source_timestamp":14194429585853,"circlet_count":0,"master_deck":["AscendersBane","Strike_R","Strike_R+1","Strike_R+1","Strike_R+1","Strike_R+1","Defend_R","Defend_R","Defend_R","Defend_R","Bash+1","Clash","Iron Wave+1","Battle Trance+1","Disarm+1","True Grit+1","Pommel Strike","Immolate+1","Intimidate+1","Metallicize+1","Spot Weakness","Sword Boomerang","Clothesline","Heavy Blade+1","Metallicize","Impervious","Entrench"],"relics":["Burning Blood","Chemical X","Meat on the Bone","Whetstone","Tiny Chest","Ectoplasm","PreservedInsect","Dream Catcher","The Courier","War Paint","Bottled Tornado"],"potions_floor_usage":[11,23,23,25,33],"damage_taken":[{"damage":0,"enemies":"2 Louse","floor":1,"turns":3},{"damage":7,"enemies":"Jaw Worm","floor":5,"turns":2},{"damage":30,"enemies":"Lagavulin","floor":7,"turns":5},{"damage":0,"enemies":"Cultist","floor":8,"turns":3},{"damage":15,"enemies":"Exordium Thugs","floor":11,"turns":6},{"damage":20,"enemies":"Gremlin Nob","floor":14,"turns":4},{"damage":28,"enemies":"The Guardian","floor":16,"turns":12},{"damage":0,"enemies":"3 Byrds","floor":18,"turns":5},{"damage":0,"enemies":"Chosen","floor":19,"turns":4},{"damage":8,"enemies":"Snecko","floor":21,"turns":5},{"damage":13,"enemies":"Centurion and Healer","floor":22,"turns":5},{"damage":7,"enemies":"Slavers","floor":23,"turns":3},{"damage":1,"enemies":"Book of Stabbing","floor":25,"turns":3},{"damage":31,"enemies":"Slavers","floor":30,"turns":3},{"damage":76,"enemies":"Champ","floor":33,"turns":10}],"seed_played":"6843255285558829137","potions_obtained":[{"floor":5,"key":"SpeedPotion"},{"floor":8,"key":"Strength Potion"},{"floor":16,"key":"Fire Potion"},{"floor":23,"key":"Explosive Potion"},{"floor":30,"key":"FearPotion"}],"is_trial":false,"path_per_floor":["M","?","?","$","M","R","E","M","T","R","M","R","$","E","R","B",null,"M","M","T","M","M","E","R","E","T","R","$","R","E","$","R","B"],"character_chosen":"IRONCLAD","items_purchased":["Iron Wave","Chemical X","Heavy Blade","Metallicize","Impervious","Entrench"],"campfire_rested":1,"item_purchase_floors":[4,4,28,28,31,31],"current_hp_per_floor":[74,74,51,51,50,50,26,44,44,44,47,47,47,45,45,35,65,71,75,75,73,66,65,65,70,70,70,70,70,45,45,67,0],"gold":32,"neow_bonus":"HUNDRED_GOLD","is_prod":false,"is_daily":false,"chose_seed":false,"campfire_upgraded":7,"win_rate":0,"timestamp":1545000580,"path_taken":["M","?","?","$","M","R","E","M","T","R","M","R","?","E","R","BOSS","M","?","?","M","M","E","R","E","T","R","$","R","E","$","R","BOSS"],"build_version":"2018-12-13","purchased_purges":1,"victory":false,"max_hp_per_floor":[75,75,75,75,75,75,75,75,75,75,75,75,75,75,75,75,75,75,75,75,75,75,75,75,75,75,75,75,75,75,75,75,75],"card_choices":[{"not_picked":["Thunderclap","Second Wind"],"picked":"Clash","floor":1},{"not_picked":["Pommel Strike","Thunderclap"],"picked":"Battle Trance","floor":5},{"not_picked":["Dropkick","Clash"],"picked":"Disarm","floor":7},{"not_picked":["Bloodletting","Rampage"],"picked":"True Grit","floor":8},{"not_picked":["Infernal Blade","True Grit"],"picked":"Pommel Strike","floor":11},{"not_picked":["Body Slam","Rupture","Thunderclap"],"picked":"SKIP","floor":14},{"not_picked":["Dark Embrace","Limit Break"],"picked":"Immolate","floor":16},{"not_picked":["Anger","Clash"],"picked":"Intimidate","floor":18},{"not_picked":["Heavy Blade","Clash"],"picked":"Metallicize","floor":19},{"not_picked":["Havoc","Perfected Strike"],"picked":"Spot Weakness","floor":21},{"not_picked":["Bludgeon","Havoc"],"picked":"Sword Boomerang","floor":22},{"not_picked":["Second Wind","Entrench","Twin Strike"],"picked":"SKIP","floor":23},{"not_picked":["Anger","Rampage"],"picked":"Clothesline","floor":25},{"not_picked":["Entrench","Second Wind+1","Armaments"],"picked":"SKIP","floor":30}],"player_experience":554978,"relics_obtained":[{"floor":7,"key":"Meat on the Bone"},{"floor":9,"key":"Whetstone"},{"floor":14,"key":"Tiny Chest"},{"floor":20,"key":"PreservedInsect"},{"floor":23,"key":"Dream Catcher"},{"floor":25,"key":"The Courier"},{"floor":26,"key":"War Paint"},{"floor":30,"key":"Bottled Tornado"}],"event_choices":[{"damage_healed":0,"gold_gain":150,"player_choice":"AGREE","damage_taken":0,"max_hp_gain":0,"max_hp_loss":0,"event_name":"Liars Game","floor":2,"gold_loss":0,"cards_obtained":["Doubt"]},{"damage_healed":0,"gold_gain":0,"player_choice":"Entered Light","damage_taken":23,"max_hp_gain":0,"max_hp_loss":0,"event_name":"Shining Light","floor":3,"gold_loss":0,"cards_upgraded":["Strike_R","Strike_R"]}],"is_beta":false,"boss_relics":[{"not_picked":["Runic Cube","Runic Pyramid"],"picked":"Ectoplasm"}],"items_purged_floors":[4],"is_endless":false,"potions_floor_spawned":[5,8,16,19,21,23,30],"killed_by":"Champ","ascension_level":16}