{"gold_per_floor":[117,42,42,60,75,100,100,110,135,135,149,149,183,194,194,271,271,285,298,316,316,334,334,334],"floor_reached":24,"playtime":1862,"items_purged":["Strike_G"],"score":400,"play_id":"6a396d63-d04b-4735-9d6b-495918f3b4dc","local_time":"20190615083016","is_ascension_mode":true,"campfire_choices":[{"data":"Corpse Explosion","floor":7,"key":"SMITH"},{"data":"Backflip","floor":15,"key":"SMITH"},{"floor":23,"key":"REST"}],"neow_cost":"TEN_PERCENT_HP_LOSS","seed_source_timestamp":0,"circlet_count":0,"master_deck":["AscendersBane","Defend_G","Defend_G","Defend_G","Defend_G","Defend_G","Strike_G","Strike_G","Strike_G","Strike_G","Survivor","Neutralize","Phantasmal Killer","Infinite Blades","Noxious Fumes","Poisoned Stab","Corpse Explosion+1","Dodge and Roll","Backflip+1","Well Laid Plans","Cloak And Dagger","Footwork","Die Die Die","Backstab","Bane","Backflip+1","Backstab"],"special_seed":0,"relics":["Ring of the Snake","Oddly Smooth Stone","Snake Skull","Strawberry","Matryoshka","Runic Dome"],"potions_floor_usage":[6,16],"damage_taken":[{"damage":0.0,"enemies":"Small Slimes","floor":1.0,"turns":6.0},{"damage":1,"enemies":"Cultist","floor":4,"turns":4},{"damage":9,"enemies":"2 Louse","floor":5,"turns":4},{"damage":11,"enemies":"3 Sentries","floor":6,"turns":8},{"damage":7,"enemies":"Red Slaver","floor":8,"turns":4},{"damage":4,"enemies":"2 Fungi Beasts","floor":11,"turns":2},{"damage":0,"enemies":"Lagavulin","floor":13,"turns":7},{"damage":2,"enemies":"Gremlin Gang","floor":14,"turns":5},{"damage":28,"enemies":"Hexaghost","floor":16,"turns":10},{"damage":18,"enemies":"Spheric Guardian","floor":18,"turns":6},{"damage":0,"enemies":"3 Byrds","floor":19,"turns":2},{"damage":32,"enemies":"Sentry and Sphere","floor":20,"turns":6},{"damage":21,"enemies":"Shelled Parasite and Fungi","floor":22,"turns":5},{"damage":22,"enemies":"Book of Stabbing","floor":24,"turns":4}],"seed_played":"324254244170432899","potions_obtained":[{"floor":1,"key":"FearPotion"},{"floor":5,"key":"SkillPotion"},{"floor":6,"key":"LiquidBronze"},{"floor":20,"key":"Dexterity Potion"}],"is_trial":false,"path_per_floor":["M","$","?","M","M","E","R","M","T","?","M","?","E","M","R","B",null,"M","M","M","?","M","R","E"],"character_chosen":"THE_SILENT","items_purchased":[],"campfire_rested":1,"item_purchase_floors":[],"current_hp_per_floor":[59,59,59,58,49,38,38,31,38,38,34,34,34,32,32,4,51,33,33,1,23,2,22,0],"gold":334,"neow_bonus":"THREE_RARE_CARDS","is_prod":false,"is_daily":false,"chose_seed":false,"campfire_upgraded":2,"win_rate":0,"timestamp":1560558616,"path_taken":["M","$","?","M","?","E","R","M","T","?","?","?","E","M","R","BOSS","M","?","M","?","M","R","E"],"build_version":"2019-01-23","purchased_purges":1,"victory":false,"max_hp_per_floor":[60,60,60,60,60,60,60,60,67,67,67,67,67,67,67,67,67,67,67,67,67,67,67,67],"card_choices":[{"not_picked":["Bullet Time","Storm of Steel"],"picked":"Phantasmal Killer","floor":0.0},{"not_picked":["Outmaneuver","Bane"],"picked":"Infinite Blades","floor":1},{"not_picked":["Bane","Predator"],"picked":"Noxious Fumes","floor":4},{"not_picked":["Finisher","Prepared"],"picked":"Poisoned Stab","floor":5},{"not_picked":["Cloak And Dagger","Endless Agony"],"picked":"Corpse Explosion","floor":6},{"not_picked":["Dagger Throw","Bane"],"picked":"Dodge and Roll","floor":8},{"not_picked":["Riddle With Holes","Blade Dance"],"picked":"Well Laid Plans","floor":11},{"not_picked":["Masterful Stab","Quick Slash"],"picked":"Cloak And Dagger","floor":13},{"not_picked":["Dodge and Roll","Cloak And Dagger"],"picked":"Footwork","floor":14},{"not_picked":["Storm of Steel","Corpse Explosion"],"picked":"Die Die Die","floor":16},{"not_picked":["Flying Knee","Poisoned Stab"],"picked":"Backstab","floor":18},{"not_picked":["Blade Dance","Acrobatics"],"picked":"Bane","floor":19},{"not_picked":["Blur","Dagger Throw"],"picked":"Backflip+1","floor":20},{"not_picked":["Backflip","Predator"],"picked":"Backstab","floor":22}],"player_experience":832474,"relics_obtained":[{"floor":3,"key":"Oddly Smooth Stone"},{"floor":6,"key":"Snake Skull"},{"floor":9,"key":"Strawberry"},{"floor":13,"key":"Matryoshka"}],"event_choices":[{"damage_healed":0,"gold_gain":0,"player_choice":"Relic","damage_taken":0,"max_hp_gain":0,"max_hp_loss":0,"event_name":"Wheel of Change","floor":3,"gold_loss":0},{"damage_healed":0,"gold_gain":0,"player_choice":"2 cards matched","damage_taken":0,"max_hp_gain":0,"max_hp_loss":0,"event_name":"Match and Keep!","floor":10,"gold_loss":0,"cards_obtained":["Pain","Backflip"]},{"cards_removed":["Pain"],"damage_healed":0,"gold_gain":0,"player_choice":"Removed Curses","damage_taken":0,"max_hp_gain":0,"max_hp_loss":0,"event_name":"Fountain of Cleansing","floor":12,"gold_loss":0},{"damage_healed":22,"gold_gain":0,"player_choice":"Heal","damage_taken":0,"max_hp_gain":0,"max_hp_loss":0,"event_name":"The Library","floor":21,"gold_loss":0}],"is_beta":false,"boss_relics":[{"not_picked":["Tiny House","Eternal Feather"],"picked":"Runic Dome"}],"items_purged_floors":[2],"is_endless":false,"potions_floor_spawned":[1,5,6,8,14,20],"killed_by":"Book of Stabbing","ascension_level":14}