{"gold_per_floor":[114,133,95,105,118,118,118,148,173,212,241,282,310,322,334,449,461,484,20,38,55,75,104,104,104,104,104,29,60,60,72,72,72],"floor_reached":33,"playtime":1601,"items_purged":["Regret"],"score":409,"play_id":"083ba1f2-2cae-47d0-a42e-d755e093bf22","local_time":"20190322001142","is_ascension_mode":true,"campfire_choices":[{"data":"Inflame","floor":6,"key":"SMITH"},{"floor":15,"key":"REST"},{"floor":24,"key":"REST"},{"floor":32,"key":"REST"}],"neow_cost":"NONE","seed_source_timestamp":715881372444943,"circlet_count":0,"master_deck":["Defend_R","Defend_R","Defend_R","Defend_R","Bash","Inflame+1","Pommel Strike","Heavy Blade","Flame Barrier","Pummel","Pommel Strike","Barricade+1","Inflame","Warcry","Impervious","Metallicize","Feel No Pain","Heavy Blade","Corruption+1","Warcry","Bite","Bite","Bite","Bite","Bite","Entrench","Perfected Strike+1"],"relics":["Burning Blood","Bronze Scales","Dream Catcher","Orichalcum","MawBank","Pen Nib","Bottled Lightning","Velvet Choker","Gambling Chip","Bag of Preparation","Question Card","Boot","Torii","Centennial Puzzle"],"potions_floor_usage":[10,11,13,23,29,29,33,33],"damage_taken":[{"damage":14,"enemies":"Jaw Worm","floor":1,"turns":2},{"damage":4,"enemies":"Small Slimes","floor":2,"turns":3},{"damage":8,"enemies":"2 Louse","floor":4,"turns":2},{"damage":16,"enemies":"Blue Slaver","floor":5,"turns":3},{"damage":19,"enemies":"Gremlin Nob","floor":8,"turns":3},{"damage":25,"enemies":"Lagavulin","floor":10,"turns":4},{"damage":19,"enemies":"Large Slime","floor":11,"turns":6},{"damage":19,"enemies":"Gremlin Nob","floor":12,"turns":3},{"damage":12,"enemies":"Exordium Thugs","floor":13,"turns":3},{"damage":29,"enemies":"Slime Boss","floor":16,"turns":12},{"damage":10,"enemies":"Shell Parasite","floor":18,"turns":3},{"damage":2,"enemies":"Chosen","floor":20,"turns":4},{"damage":31,"enemies":"Snake Plant","floor":21,"turns":3},{"damage":9,"enemies":"Chosen and Byrds","floor":22,"turns":6},{"damage":30,"enemies":"Book of Stabbing","floor":23,"turns":4},{"damage":29,"enemies":"Gremlin Leader","floor":29,"turns":7},{"damage":12,"enemies":"Snecko","floor":31,"turns":4},{"damage":29,"enemies":"Collector","floor":33,"turns":5}],"seed_played":"2251234159371819823","potions_obtained":[{"floor":2,"key":"Regen Potion"},{"floor":5,"key":"SkillPotion"},{"floor":12,"key":"Explosive Potion"},{"floor":13,"key":"Swift Potion"},{"floor":20,"key":"EssenceOfSteel"},{"floor":22,"key":"PowerPotion"},{"floor":23,"key":"SkillPotion"},{"floor":31,"key":"Block Potion"}],"is_trial":false,"path_per_floor":["M","M","$","M","M","R","?","E","T","E","M","E","M","?","R","B",null,"M","$","M","M","M","E","R","?","T","?","$","E","?","M","R","B"],"character_chosen":"IRONCLAD","items_purchased":["Inflame","Gambling Chip","Bag of Preparation","Metallicize"],"campfire_rested":3,"item_purchase_floors":[3,19,19,19],"current_hp_per_floor":[72,74,74,72,62,62,62,49,49,30,32,19,13,13,37,14,64,60,60,64,39,36,12,36,36,36,36,36,13,13,11,27,0],"gold":72,"neow_bonus":"RANDOM_COMMON_RELIC","is_prod":false,"is_daily":false,"chose_seed":false,"campfire_upgraded":1,"win_rate":0,"timestamp":1553227902,"path_taken":["M","M","$","M","M","R","?","E","T","E","M","E","M","?","R","BOSS","M","$","M","M","M","E","R","?","T","?","$","E","?","M","R","BOSS"],"build_version":"2019-01-23","purchased_purges":1,"victory":false,"max_hp_per_floor":[80,80,80,80,80,80,80,80,80,80,80,80,80,80,80,80,80,80,80,80,80,80,80,80,80,80,80,80,80,56,56,56,56],"card_choices":[{"not_picked":["True Grit","Wild Strike","Sword Boomerang"],"picked":"SKIP","floor":1},{"not_picked":["Flex","Battle Trance","Iron Wave"],"picked":"SKIP","floor":2},{"not_picked":["Warcry","Body Slam"],"picked":"Pommel Strike","floor":4},{"not_picked":["Anger","Shrug It Off"],"picked":"Heavy Blade","floor":5},{"not_picked":["Clash","Anger"],"picked":"Flame Barrier","floor":8},{"not_picked":["Anger","True Grit"],"picked":"Pummel","floor":10},{"not_picked":["Shrug It Off","Wild Strike"],"picked":"Pommel Strike","floor":11},{"not_picked":["Body Slam","Clothesline"],"picked":"Barricade","floor":12},{"not_picked":["Anger","Havoc"],"picked":"Inflame","floor":13},{"not_picked":["Sever Soul","Rage"],"picked":"Warcry","floor":15},{"not_picked":["Juggernaut","Brutality"],"picked":"Impervious","floor":16},{"not_picked":["Clash","Sentinel+1","Fire Breathing"],"picked":"SKIP","floor":18},{"not_picked":["Body Slam+1","Perfected Strike","Cleave+1"],"picked":"SKIP","floor":20},{"not_picked":["Anger","Flex"],"picked":"Feel No Pain","floor":21},{"not_picked":["Burning Pact","Headbutt"],"picked":"Heavy Blade","floor":22},{"not_picked":["Hemokinesis+1","Flex+1"],"picked":"Corruption+1","floor":23},{"not_picked":["Burning Pact","Shrug It Off","Intimidate"],"picked":"Warcry","floor":24},{"not_picked":["Combust","Rupture","Fire Breathing","Clash+1"],"picked":"SKIP","floor":29},{"not_picked":["Second Wind+1","Perfected Strike+1","Pommel Strike"],"picked":"Entrench","floor":31},{"not_picked":["Sword Boomerang","Rupture+1","Clash+1"],"picked":"Perfected Strike+1","floor":32}],"player_experience":233536,"relics_obtained":[{"floor":8,"key":"Orichalcum"},{"floor":9,"key":"MawBank"},{"floor":10,"key":"Pen Nib"},{"floor":12,"key":"Bottled Lightning"},{"floor":23,"key":"Question Card"},{"floor":26,"key":"Torii"},{"floor":29,"key":"Centennial Puzzle"}],"event_choices":[{"damage_healed":0,"gold_gain":0,"player_choice":"Box","damage_taken":0,"relics_obtained":["Dream Catcher"],"max_hp_gain":0,"max_hp_loss":0,"event_name":"Big Fish","floor":7,"gold_loss":0,"cards_obtained":["Regret"]},{"damage_healed":0,"gold_gain":0,"player_choice":"Grow","damage_taken":0,"max_hp_gain":0,"max_hp_loss":0,"event_name":"Living Wall","floor":14,"gold_loss":0,"cards_upgraded":["Barricade"]},{"damage_healed":0,"gold_gain":0,"player_choice":"Opened","damage_taken":0,"relics_obtained":["Boot"],"max_hp_gain":0,"max_hp_loss":0,"event_name":"The Mausoleum","floor":25,"gold_loss":0},{"damage_healed":0,"gold_gain":0,"player_choice":"Ignored","damage_taken":0,"max_hp_gain":0,"max_hp_loss":0,"event_name":"Ghosts","floor":27,"gold_loss":0},{"damage_healed":0,"gold_gain":0,"player_choice":"Became a vampire","damage_taken":0,"max_hp_gain":0,"max_hp_loss":24,"event_name":"Vampires","floor":30,"gold_loss":0,"cards_obtained":["Bite","Bite","Bite","Bite","Bite"]}],"is_beta":false,"boss_relics":[{"not_picked":["Snecko Eye","Cursed Key"],"picked":"Velvet Choker"}],"items_purged_floors":[28],"is_endless":false,"potions_floor_spawned":[2,5,12,13,20,22,23,31],"killed_by":"Collector","ascension_level":5}