{"gold_per_floor":[114,129,144,144,69,69,84,99,149,179,179,194,194,194,194,294,294,309,359,359,374,389,389,419,434,434,449,67,67],"floor_reached":29,"playtime":916,"items_purged":[],"score":247,"play_id":"e796caa2-df24-47e8-9496-39049e8cbf04","local_time":"20180926231701","daily_mods":["Allstar","Uncertain Future","Lethality"],"is_ascension_mode":false,"campfire_choices":[{"floor":6,"key":"REST"},{"data":"Redo","floor":11,"key":"SMITH"},{"data":"Zap","floor":15,"key":"SMITH"},{"floor":23,"key":"REST"}],"neow_cost":"","seed_source_timestamp":1069699860005370,"circlet_count":0,"master_deck":["Strike_B+1","Strike_B+1","Strike_B+1","Strike_B+1","Defend_B+1","Defend_B+1","Defend_B+1","Defend_B+1","Zap+1","Dualcast","PanicButton","Swift Strike","Jack Of All Trades","The Bomb","Madness","Barrage","Conserve Battery","Hologram","Coolheaded","Ball Lightning","Auto Shields","Self Repair","Redo+1","Redo","Electrodynamics","Leap+1","Conserve Battery+1","Auto Shields+1","White Noise+1","Coolheaded+1","Beam Cell+1","Self Repair"],"special_seed":17801,"relics":["Cracked Core","Anchor","Regal Pillow","WarpedTongs","Black Star","Blood Vial","Pen Nib","Shovel","Omamori","Art of War"],"potions_floor_usage":[10,10,10,18,25,27],"damage_taken":[{"damage":0,"enemies":"2 Louse","floor":1,"turns":2},{"damage":9,"enemies":"Cultist","floor":2,"turns":3},{"damage":9,"enemies":"Jaw Worm","floor":3,"turns":2},{"damage":0,"enemies":"Looter","floor":7,"turns":2},{"damage":9,"enemies":"Red Slaver","floor":8,"turns":3},{"damage":7,"enemies":"3 Sentries","floor":10,"turns":5},{"damage":0,"enemies":"2 Fungi Beasts","floor":12,"turns":2},{"damage":13,"enemies":"The Guardian","floor":16,"turns":10},{"damage":7,"enemies":"2 Thieves","floor":18,"turns":3},{"damage":0,"enemies":"Shell Parasite","floor":21,"turns":3},{"damage":27,"enemies":"Shelled Parasite and Fungi","floor":22,"turns":6},{"damage":40,"enemies":"Slavers","floor":24,"turns":3},{"damage":17,"enemies":"Snecko","floor":25,"turns":5},{"damage":13,"enemies":"Snake Plant","floor":27,"turns":4},{"damage":32,"enemies":"3 Cultists","floor":29,"turns":3}],"seed_played":"-5863381733931304207","potions_obtained":[{"floor":2,"key":"EssenceOfSteel"},{"floor":3,"key":"Ancient Potion"},{"floor":8,"key":"EssenceOfSteel"},{"floor":16,"key":"AttackPotion"},{"floor":22,"key":"Weak Potion"},{"floor":25,"key":"Poison Potion"}],"is_trial":false,"path_per_floor":["M","M","M","?","$","R","M","M","T","E","R","M","?","?","R","B",null,"M","?","?","M","M","R","E","M","T","M","$"],"character_chosen":"DEFECT","items_purchased":["Coolheaded","Ball Lightning","Omamori","Art of War","Self Repair"],"campfire_rested":2,"item_purchase_floors":[5,5,28,28,28],"current_hp_per_floor":[75,66,57,57,57,75,75,66,66,66,66,66,66,66,66,63,75,68,68,68,68,48,75,35,30,30,29,29,0],"gold":67,"neow_bonus":"","is_prod":false,"is_daily":true,"chose_seed":false,"campfire_upgraded":2,"win_rate":0,"timestamp":1538018221,"path_taken":["M","M","M","?","$","R","M","M","T","E","R","M","?","?","R","BOSS","M","?","?","M","M","R","E","M","T","M","$","M"],"build_version":"2018-09-20","purchased_purges":0,"victory":false,"max_hp_per_floor":[75,75,75,75,75,75,75,75,75,75,75,75,75,75,75,75,75,75,75,75,75,75,75,75,75,75,75,75,75],"card_choices":[{"not_picked":["Hologram","Storm"],"picked":"Barrage","floor":1},{"not_picked":["Reprogram","Turbo"],"picked":"Conserve Battery","floor":2},{"not_picked":["Tempest","Darkness"],"picked":"Hologram","floor":3},{"not_picked":["Stack","Meteor Strike"],"picked":"Auto Shields","floor":7},{"not_picked":["Recycle","Beam Cell"],"picked":"Self Repair","floor":8},{"not_picked":["Coolheaded","Undo"],"picked":"Redo","floor":10},{"not_picked":["FTL","Turbo"],"picked":"Redo","floor":12},{"not_picked":["Rainbow","Creative AI"],"picked":"Electrodynamics","floor":16},{"not_picked":["Turbo","Lockon+1"],"picked":"Leap+1","floor":18},{"not_picked":["Darkness+1","Turbo"],"picked":"Conserve Battery+1","floor":21},{"not_picked":["Beam Cell+1","Darkness"],"picked":"Auto Shields+1","floor":22},{"not_picked":["Cold Snap","Gash"],"picked":"White Noise+1","floor":24},{"not_picked":["Sunder","Turbo"],"picked":"Coolheaded+1","floor":25},{"not_picked":["Barrage","Turbo"],"picked":"Beam Cell+1","floor":27}],"player_experience":196522,"relics_obtained":[{"floor":9,"key":"Anchor"},{"floor":10,"key":"Regal Pillow"},{"floor":24,"key":"Blood Vial"},{"floor":24,"key":"Pen Nib"},{"floor":26,"key":"Shovel"}],"event_choices":[{"event_name":"Golden Wing","player_choice":"Ignored","floor":4,"damage_taken":0},{"event_name":"Accursed Blacksmith","player_choice":"Rummage","floor":13,"damage_taken":0},{"event_name":"Living Wall","player_choice":"Forget","floor":14,"damage_taken":0},{"event_name":"The Joust","player_choice":"Bet on Murderer","floor":19,"damage_taken":0},{"event_name":"Back to Basics","player_choice":"Simplicity","floor":20,"damage_taken":0}],"is_beta":false,"boss_relics":[{"not_picked":["Eternal Feather","Snecko Eye"],"picked":"Black Star"}],"items_purged_floors":[],"is_endless":false,"potions_floor_spawned":[2,3,8,16,22,25],"killed_by":"3 Cultists","ascension_level":0}