{"gold_per_floor":[115,132,50,50,68,68,22,54,54,65,77,90,90,121,121,217,217,232,232,232,249,262,272,298,298,323,353,353,353,353,367,367,367],"floor_reached":33,"playtime":1542,"items_purged":[],"score":356,"play_id":"4597d2c5-ad80-4cb4-9a91-b5335564b8b8","local_time":"20190622145613","is_ascension_mode":true,"campfire_choices":[{"data":"Poisoned Stab","floor":6,"key":"SMITH"},{"floor":13,"key":"REST"},{"floor":15,"key":"REST"},{"floor":25,"key":"REST"},{"floor":28,"key":"REST"},{"floor":32,"key":"REST"}],"neow_cost":"NONE","seed_source_timestamp":756927197216400,"circlet_count":0,"master_deck":["Defend_G","Defend_G","Defend_G","Defend_G","Defend_G","Strike_G","Strike_G","Strike_G","Strike_G","Survivor","Neutralize","Poisoned Stab+1","Dagger Spray","Dramatic Entrance","Dagger Spray","Terror","Deflect","Adrenaline","Sucker Punch","Dagger Throw","Adrenaline","Dash+1","Backflip","Crippling Poison","Heel Hook+1","Accuracy","Dodge and Roll+1"],"relics":["Ring of the Snake","NeowsBlessing","Singing Bowl","Mercury Hourglass","WristBlade","Blood Vial","Art of War","Vajra","Blue Candle","Nloth\u0027s Gift"],"potions_floor_usage":[24,24,27],"damage_taken":[{"damage":0,"enemies":"Jaw Worm","floor":1,"turns":1},{"damage":0,"enemies":"Cultist","floor":2,"turns":1},{"damage":0,"enemies":"2 Louse","floor":5,"turns":1},{"damage":21,"enemies":"Gremlin Nob","floor":8,"turns":4},{"damage":0,"enemies":"Lots of Slimes","floor":10,"turns":1},{"damage":6,"enemies":"Exordium Wildlife","floor":11,"turns":2},{"damage":3,"enemies":"Exordium Thugs","floor":12,"turns":2},{"damage":18,"enemies":"Lagavulin","floor":14,"turns":4},{"damage":36,"enemies":"The Guardian","floor":16,"turns":11},{"damage":2,"enemies":"Spheric Guardian","floor":18,"turns":3},{"damage":1,"enemies":"Shell Parasite","floor":21,"turns":3},{"damage":12,"enemies":"3 Cultists","floor":22,"turns":3},{"damage":7,"enemies":"Chosen and Byrds","floor":23,"turns":4},{"damage":34,"enemies":"Book of Stabbing","floor":24,"turns":5},{"damage":19,"enemies":"Slavers","floor":27,"turns":4},{"damage":16,"enemies":"Snake Plant","floor":31,"turns":3},{"damage":69,"enemies":"Collector","floor":33,"turns":7}],"seed_played":"2610314574421888868","potions_obtained":[{"floor":2,"key":"Swift Potion"},{"floor":10,"key":"Ancient Potion"},{"floor":14,"key":"AttackPotion"},{"floor":18,"key":"GhostInAJar"},{"floor":24,"key":"Fire Potion"}],"is_trial":false,"path_per_floor":["M","M","$","?","M","R","$","E","T","M","M","M","R","E","R","B",null,"M","T","?","M","M","M","E","R","T","E","R","T","?","M","R","B"],"character_chosen":"THE_SILENT","items_purchased":["Dramatic Entrance","Deflect"],"campfire_rested":5,"item_purchase_floors":[3,7],"current_hp_per_floor":[70,70,70,70,70,70,70,49,49,51,45,44,66,48,70,34,74,72,72,72,71,61,54,20,42,42,25,47,47,47,33,55,0],"gold":367,"neow_bonus":"THREE_ENEMY_KILL","is_prod":false,"is_daily":false,"chose_seed":false,"campfire_upgraded":1,"win_rate":0,"timestamp":1561240573,"path_taken":["M","M","$","?","M","R","$","E","T","M","M","M","R","E","R","BOSS","M","?","?","M","M","M","E","R","T","E","R","?","?","M","R","BOSS"],"build_version":"2019-01-23","purchased_purges":0,"victory":false,"max_hp_per_floor":[70,70,70,70,70,70,70,70,70,72,72,74,74,74,74,74,74,74,74,74,74,76,76,76,76,76,76,76,76,76,76,76,76],"card_choices":[{"not_picked":["Noxious Fumes","Backflip"],"picked":"Poisoned Stab","floor":1},{"not_picked":["Outmaneuver","Underhanded Strike"],"picked":"Dagger Spray","floor":2},{"not_picked":["Riddle With Holes","Deadly Poison"],"picked":"Terror","floor":5},{"not_picked":["Crippling Poison","Quick Slash"],"picked":"Adrenaline","floor":8},{"not_picked":["Slice","Blur","Terror"],"picked":"Singing Bowl","floor":10},{"not_picked":["Escape Plan","Cloak And Dagger"],"picked":"Sucker Punch","floor":11},{"not_picked":["Slice","Deadly Poison","Calculated Gamble"],"picked":"Singing Bowl","floor":12},{"not_picked":["Blade Dance","Malaise"],"picked":"Dagger Throw","floor":14},{"not_picked":["Phantasmal Killer","Bullet Time"],"picked":"Adrenaline","floor":16},{"not_picked":["Predator","Poisoned Stab"],"picked":"Dash+1","floor":18},{"not_picked":["Leg Sweep","Terror+1"],"picked":"Backflip","floor":21},{"not_picked":["Deflect+1","Quick Slash","Acrobatics"],"picked":"Singing Bowl","floor":22},{"not_picked":["Prepared+1","Deflect"],"picked":"Crippling Poison","floor":23},{"not_picked":["Deflect","Deadly Poison+1"],"picked":"Heel Hook+1","floor":24},{"not_picked":["Endless Agony","Night Terror"],"picked":"Accuracy","floor":27},{"not_picked":["Predator","Concentrate"],"picked":"Dodge and Roll+1","floor":31}],"player_experience":286165,"relics_obtained":[{"floor":8,"key":"Singing Bowl"},{"floor":9,"key":"Mercury Hourglass"},{"floor":14,"key":"Darkstone Periapt"},{"floor":24,"key":"Blood Vial"},{"floor":26,"key":"Art of War"},{"floor":27,"key":"Vajra"},{"floor":29,"key":"Blue Candle"}],"event_choices":[{"damage_healed":0,"gold_gain":0,"cards_transformed":["Strike_G"],"player_choice":"Transformed","damage_taken":0,"max_hp_gain":0,"max_hp_loss":0,"event_name":"Transmorgrifier","floor":4,"gold_loss":0,"cards_obtained":["Dagger Spray"]},{"damage_healed":0,"gold_gain":0,"player_choice":"Ignored","damage_taken":0,"max_hp_gain":0,"max_hp_loss":0,"event_name":"Ghosts","floor":20,"gold_loss":0},{"damage_healed":0,"gold_gain":0,"player_choice":"Traded Relic","damage_taken":0,"relics_obtained":["Nloth\u0027s Gift"],"max_hp_gain":0,"max_hp_loss":0,"event_name":"N\u0027loth","floor":30,"relics_lost":["Darkstone Periapt"],"gold_loss":0}],"is_beta":false,"boss_relics":[{"not_picked":["Velvet Choker","Fusion Hammer"],"picked":"WristBlade"}],"items_purged_floors":[],"is_endless":false,"potions_floor_spawned":[2,10,14,16,18,21,23,24],"killed_by":"Collector","ascension_level":4}