{"gold_per_floor":[109,109,56,75,89,89,109,109,109,109,126,126,126,72,72,174,174,188,188,188,188,188],"floor_reached":22,"playtime":683,"items_purged":[],"score":244,"play_id":"7e948003-48c5-4e7d-a984-17452ca14473","local_time":"20181109032338","is_ascension_mode":true,"campfire_choices":[{"data":"Streamline","floor":6,"key":"SMITH"},{"data":"Skim","floor":8,"key":"SMITH"},{"data":"Auto Shields","floor":10,"key":"SMITH"},{"data":"Self Repair","floor":12,"key":"SMITH"},{"floor":15,"key":"REST"}],"neow_cost":"CURSE","seed_source_timestamp":22797066682841,"circlet_count":0,"master_deck":["Strike_B","Strike_B","Defend_B","Defend_B","Defend_B","Zap","Streamline+1","Sweeping Beam","Auto Shields+1","Skim+1","Gash","Self Repair+1","Gash","Hyperbeam+1","Coolheaded+1","Multi-Cast+1","Defragment+1"],"relics":["Cracked Core","StoneCalendar","Incense Burner","Astrolabe"],"potions_floor_usage":[16,21],"damage_taken":[{"damage":12,"enemies":"Jaw Worm","floor":1,"turns":4},{"damage":0,"enemies":"Small Slimes","floor":4,"turns":2},{"damage":0,"enemies":"Cultist","floor":5,"turns":3},{"damage":10,"enemies":"Large Slime","floor":7,"turns":7},{"damage":6,"enemies":"3 Louse","floor":11,"turns":3},{"damage":32,"enemies":"The Guardian","floor":16,"turns":9},{"damage":42,"enemies":"Spheric Guardian","floor":18,"turns":6},{"damage":0,"enemies":"Chosen","floor":21,"turns":1},{"damage":34,"enemies":"Centurion and Healer","floor":22,"turns":6}],"seed_played":"-8286030851979813258","potions_obtained":[{"floor":4,"key":"Ancient Potion"},{"floor":5,"key":"SneckoOil"},{"floor":11,"key":"Poison Potion"},{"floor":16,"key":"SmokeBomb"}],"is_trial":false,"path_per_floor":["M","?","$","M","M","R","M","R","T","R","M","R","?","$","R","B",null,"M","?","?","M","M"],"character_chosen":"DEFECT","items_purchased":["Sweeping Beam","Gash"],"campfire_rested":1,"item_purchase_floors":[3,14],"current_hp_per_floor":[56,56,56,56,56,56,46,46,46,46,40,40,33,33,55,33,65,33,33,33,33,0],"gold":188,"neow_bonus":"ONE_RARE_RELIC","is_prod":false,"is_daily":false,"chose_seed":false,"campfire_upgraded":4,"win_rate":0,"timestamp":1541744618,"path_taken":["M","?","$","M","M","R","M","R","T","R","M","R","?","$","R","BOSS","M","?","?","?","M"],"build_version":"2018-11-08","purchased_purges":0,"victory":false,"max_hp_per_floor":[75,75,75,75,75,75,75,75,75,75,75,75,75,75,75,75,75,75,75,75,75,75],"card_choices":[{"not_picked":["Stack","Leap"],"picked":"Streamline","floor":1},{"not_picked":["Compile Driver","Stack"],"picked":"Auto Shields","floor":4},{"not_picked":["Turbo","Cold Snap"],"picked":"Skim","floor":5},{"not_picked":["Chaos","Steam"],"picked":"Gash","floor":7},{"not_picked":["Hologram","Rebound"],"picked":"Self Repair","floor":11},{"not_picked":["Multi-Cast","Rainbow"],"picked":"Hyperbeam","floor":16},{"not_picked":["Double Energy+1","Ball Lightning","Defragment+1"],"picked":"SKIP","floor":18}],"player_experience":325762,"relics_obtained":[{"floor":9,"key":"Incense Burner"}],"event_choices":[{"cards_removed":["Normality"],"damage_healed":0,"gold_gain":0,"player_choice":"Forget","damage_taken":0,"max_hp_gain":0,"max_hp_loss":0,"event_name":"Living Wall","floor":2,"gold_loss":0},{"cards_removed":["Dualcast"],"damage_healed":0,"gold_gain":0,"player_choice":"Card Removal","damage_taken":7,"max_hp_gain":0,"max_hp_loss":0,"event_name":"Golden Wing","floor":13,"gold_loss":0},{"damage_healed":0,"gold_gain":0,"player_choice":"Ignored","damage_taken":0,"max_hp_gain":0,"max_hp_loss":0,"event_name":"Vampires","floor":19,"gold_loss":0},{"damage_healed":0,"gold_gain":0,"player_choice":"Upgraded","damage_taken":0,"max_hp_gain":0,"max_hp_loss":0,"event_name":"Upgrade Shrine","floor":20,"gold_loss":0,"cards_upgraded":["Hyperbeam"]}],"is_beta":false,"boss_relics":[{"not_picked":["Fusion Hammer","Busted Crown"],"picked":"Astrolabe"}],"items_purged_floors":[],"is_endless":false,"potions_floor_spawned":[4,5,11,16,21],"killed_by":"Centurion and Healer","ascension_level":8}