{"path_per_floor":["M","M","M","M","?","R","E","R","T","?","$","?","E","M","R","B",null,"M","?","M","M","?","M","$","R","T","M","R","E","?","M","R","B",null,"M","?","?","?","M","R","$","E","T","R","$","M","M"],"character_chosen":"THE_SILENT","items_purchased":["Snake Skull","Regen Potion","Prayer Wheel","Dream Catcher"],"gold_per_floor":[109,126,138,156,156,156,185,185,185,244,244,244,274,286,286,385,385,402,402,413,428,428,444,101,101,101,113,113,139,139,156,156,260,260,280,280,280,280,290,290,136,169,196,196,196,212,224],"floor_reached":48,"campfire_rested":5,"playtime":2044,"current_hp_per_floor":[68,67,63,63,63,63,68,68,68,51,51,39,35,35,58,68,77,70,54,54,44,30,8,8,32,32,32,56,40,67,54,54,4,82,62,62,52,52,34,58,58,40,40,64,64,63,34],"items_purged":[],"gold":224,"score":490,"play_id":"dc435c86-3715-4116-9960-efb3994efd3d","is_prod":false,"is_daily":false,"is_ascension_mode":false,"campfire_upgraded":3,"path_taken":["M","M","M","M","?","R","E","R","T","?","?","?","E","?","R","BOSS","M","?","M","M","?","M","$","R","T","?","R","E","?","?","R","BOSS","M","?","?","?","?","R","$","E","T","R","?","?","M","M"],"build_version":"2018-02-08-PROD1","purchased_purges":0,"victory":false,"master_deck":["Defend_G","Defend_G","Defend_G","Defend_G","Defend_G","Strike_G","Strike_G","Strike_G","Strike_G","Strike_G","Survivor","Neutralize","Endless Agony+1","Deflect","Endless Agony+1","All Out Attack","Flying Knee","Glass Knife","Dagger Spray","Poisoned Stab","Adrenaline","Backstab","Riddle With Holes+1","Infinite Blades+1","Quick Slash","Masterful Stab","Riddle With Holes+1","Deflect","Tools of the Trade","Backflip+1","Madness","Madness","Caltrops","Outmaneuver+1","Distraction+1","Choke+1","Dagger Throw+1","Bane+1"],"max_hp_per_floor":[70,70,70,70,70,70,77,77,77,77,77,77,77,77,77,77,77,77,77,77,77,82,82,82,82,82,82,82,82,82,82,82,82,82,82,82,82,82,82,82,82,82,82,82,82,82,82],"relics":["Ring of the Snake","Strawberry","Shuriken","Bag of Marbles","Pantograph","Mummified Hand","The Specimen","Nilry\u0027s Codex","Snake Skull","Prayer Wheel","Thread and Needle","Happy Flower","White Beast Statue","Dream Catcher","Calipers","Lantern"],"card_choices":[{"not_picked":["Deadly Poison","Flying Knee"],"picked":"Endless Agony"},{"not_picked":["Underhanded Strike","PiercingWail"],"picked":"Deflect"},{"not_picked":["Crippling Poison","Deadly Poison"],"picked":"Endless Agony"},{"not_picked":["Leg Sweep","Deflect"],"picked":"All Out Attack"},{"not_picked":["Escape Plan","Deadly Poison"],"picked":"Flying Knee"},{"not_picked":["Acrobatics","Quick Slash"],"picked":"Glass Knife"},{"not_picked":["PiercingWail","Malaise"],"picked":"Dagger Spray"},{"not_picked":["Choke","Finisher"],"picked":"Poisoned Stab"},{"not_picked":["Phantasmal Killer","Corpse Explosion"],"picked":"Adrenaline"},{"not_picked":["Blur","Sucker Punch"],"picked":"Backstab"},{"not_picked":["Expertise","Dagger Spray"],"picked":"Riddle With Holes"},{"not_picked":["Blade Dance","Deadly Poison"],"picked":"Infinite Blades"},{"not_picked":["Calculated Gamble","Riddle With Holes"],"picked":"Quick Slash"},{"not_picked":["Underhanded Strike","Outmaneuver"],"picked":"Poisoned Stab"},{"not_picked":["Flechettes","Quick Slash"],"picked":"Masterful Stab"},{"not_picked":["Malaise","Deflect"],"picked":"Riddle With Holes"},{"not_picked":["Quick Slash","Dagger Throw"],"picked":"Deflect"},{"not_picked":["Adrenaline","Corpse Explosion"],"picked":"Tools of the Trade"},{"not_picked":["Sucker Punch","Prepared"],"picked":"Backflip"},{"not_picked":["Deadly Poison","Acrobatics"],"picked":"Caltrops"},{"not_picked":["Footwork","Riddle With Holes"],"picked":"Outmaneuver"},{"not_picked":["Dodge and Roll","Underhanded Strike"],"picked":"Distraction"},{"not_picked":["PiercingWail","Flying Knee"],"picked":"Choke"},{"not_picked":["Outmaneuver","Catalyst"],"picked":"Dagger Throw"},{"not_picked":["Eviscerate","Leg Sweep"],"picked":"Bane"}],"player_experience":28897,"potions_floor_usage":[7,13,13,16,16,23,23,29,29,29,33,39,39,42,48,48],"damage_taken":[{"damage":2,"enemies":"Small Slimes","floor":1,"turns":4},{"damage":1,"enemies":"Cultist","floor":2,"turns":4},{"damage":4,"enemies":"Jaw Worm","floor":3,"turns":6},{"damage":0,"enemies":"3 Louse","floor":4,"turns":4},{"damage":2,"enemies":"3 Sentries","floor":7,"turns":6},{"damage":17,"enemies":"Gremlin Nob","floor":10,"turns":4},{"damage":10,"enemies":"Gremlin Nob","floor":13,"turns":3},{"damage":0,"enemies":"Exordium Wildlife","floor":14,"turns":1},{"damage":9,"enemies":"Slime Boss","floor":16,"turns":8},{"damage":7,"enemies":"Shell Parasite","floor":18,"turns":3},{"damage":0,"enemies":"Chosen","floor":20,"turns":2},{"damage":10,"enemies":"Sentry and Sphere","floor":21,"turns":3},{"damage":22,"enemies":"Snake Plant","floor":23,"turns":4},{"damage":0,"enemies":"Centurion and Healer","floor":27,"turns":3},{"damage":31,"enemies":"Gremlin Leader","floor":29,"turns":5},{"damage":13,"enemies":"Cultist and Chosen","floor":31,"turns":3},{"damage":75,"enemies":"Collector","floor":33,"turns":8},{"damage":20,"enemies":"3 Darklings","floor":35,"turns":3},{"damage":18,"enemies":"3 Shapes","floor":39,"turns":2},{"damage":27,"enemies":"Nemesis","floor":42,"turns":4},{"damage":1,"enemies":"3 Darklings","floor":46,"turns":3},{"damage":29,"enemies":"Sphere and 2 Shapes","floor":47,"turns":4},{"damage":38,"enemies":"Maw","floor":48,"turns":4}],"event_choices":[{"event_name":"The Cleric","player_choice":"Leave","floor":5,"damage_taken":0},{"event_name":"Dead Adventurer","player_choice":"Searched \u00271\u0027 times","floor":10,"damage_taken":0},{"event_name":"Scrap Ooze","player_choice":"success","floor":12,"damage_taken":12},{"event_name":"Cursed Tome","player_choice":"Obtained Book","floor":19,"damage_taken":0},{"event_name":"Forgotten Altar","player_choice":"Shed Blood","floor":22,"damage_taken":0},{"event_name":"The Library","player_choice":"Heal","floor":30,"damage_taken":0},{"event_name":"Mysterious Sphere","player_choice":"Ignore","floor":36,"damage_taken":0},{"event_name":"Winding Halls","player_choice":"Embrace Madness","floor":37,"damage_taken":0}],"boss_relics":[{"not_picked":["Eternal Feather","Cursed Key"],"picked":"The Specimen"},{"not_picked":["Runic Pyramid","Calling Bell"],"picked":"White Beast Statue"}],"potions_floor_spawned":[2,4,7,10,14,18,23,27,31,33,35,39,42,46,47],"seed_played":"719664735504662881","killed_by":"Maw","ascension_level":0,"is_trial":false}