{"path_per_floor":["M","?","M","M","M","E","$","R","T","T","M","R","E","M","R","B",null,"M","?","$","?","$","R","M"],"character_chosen":"IRONCLAD","items_purchased":["Sever Soul","Regal Pillow","Fire Breathing"],"gold_per_floor":[114,114,114,134,146,177,141,141,171,217,237,237,268,281,281,385,385,395,395,200,125,125,125,136],"floor_reached":25,"campfire_rested":3,"playtime":1056,"current_hp_per_floor":[80,80,74,70,40,32,32,56,56,56,48,72,40,22,46,19,80,62,62,62,62,62,62,35],"items_purged":[],"gold":136,"score":211,"play_id":"367c1237-a2ca-4791-a0dd-5dfb32eb651a","is_prod":false,"is_daily":false,"is_ascension_mode":false,"campfire_upgraded":1,"path_taken":["M","?","M","M","M","E","$","R","T","?","M","R","E","M","R","BOSS","M","?","$","?","$","R","M","E"],"build_version":"2018-02-12-PROD1","purchased_purges":0,"victory":false,"master_deck":["Strike_R","Strike_R","Strike_R","Strike_R","Strike_R","Defend_R","Defend_R","Defend_R","Defend_R","Rampage","Double Tap","Armaments+1","Pommel Strike","Uppercut","Sever Soul","Sword Boomerang","Seeing Red","Perfected Strike","Bludgeon","Thunderclap","Finesse","Pummel","Fire Breathing","Iron Wave"],"max_hp_per_floor":[80,80,80,80,80,80,80,80,80,80,80,80,80,80,80,80,80,80,80,80,80,80,80,80],"relics":["Burning Blood","Lantern","Tiny Chest","Omamori","Vajra","White Beast Statue","Regal Pillow"],"card_choices":[{"not_picked":["Warcry","Dual Wield"],"picked":"Rampage"},{"not_picked":["Headbutt","Burning Pact"],"picked":"Double Tap"},{"not_picked":["Corruption","Flex"],"picked":"Armaments"},{"not_picked":["Dual Wield","Spot Weakness"],"picked":"Pommel Strike"},{"not_picked":["True Grit","Dropkick"],"picked":"Uppercut"},{"not_picked":["Rage","Flex"],"picked":"Sword Boomerang"},{"not_picked":["Bloodletting","Pommel Strike"],"picked":"Seeing Red"},{"not_picked":["Power Through","Armaments"],"picked":"Perfected Strike"},{"not_picked":["Double Tap","Offering"],"picked":"Bludgeon"},{"not_picked":["Anger","Battle Trance"],"picked":"Thunderclap"},{"not_picked":["Thunderclap","Headbutt"],"picked":"Iron Wave"}],"player_experience":57132,"potions_floor_usage":[5,6,6,16,16,25],"damage_taken":[{"damage":1,"enemies":"Cultist","floor":1,"turns":3},{"damage":12,"enemies":"Small Slimes","floor":3,"turns":3},{"damage":10,"enemies":"Jaw Worm","floor":4,"turns":4},{"damage":36,"enemies":"Exordium Thugs","floor":5,"turns":8},{"damage":14,"enemies":"Lagavulin","floor":6,"turns":7},{"damage":14,"enemies":"Large Slime","floor":11,"turns":6},{"damage":38,"enemies":"3 Sentries","floor":13,"turns":7},{"damage":24,"enemies":"Gremlin Gang","floor":14,"turns":5},{"damage":33,"enemies":"Slime Boss","floor":16,"turns":12},{"damage":24,"enemies":"Spheric Guardian","floor":18,"turns":4},{"damage":33,"enemies":"Shell Parasite","floor":24,"turns":6},{"damage":39,"enemies":"Slavers","floor":25,"turns":2}],"event_choices":[{"event_name":"Golden Wing","player_choice":"Ignored","floor":2,"damage_taken":0},{"event_name":"Match and Keep!","player_choice":"3 cards matched","floor":19,"damage_taken":0},{"event_name":"Beggar","player_choice":"Gave Gold","floor":21,"damage_taken":0}],"boss_relics":[{"not_picked":["Philosopher\u0027s Stone","Runic Dome"],"picked":"White Beast Statue"}],"potions_floor_spawned":[1,4,5,11,14,18,24],"seed_played":"6477050086653002012","killed_by":"Slavers","ascension_level":0,"is_trial":false}