{"gold_per_floor":[112,112,132,307,257,295,295,336,336,361,382,42,0,0,0,0],"floor_reached":16,"playtime":510,"items_purged":[],"score":124,"play_id":"1584b4f4-da17-4068-929f-b18e62b99547","local_time":"20180920221307","is_ascension_mode":true,"campfire_choices":[{"floor":7,"key":"REST"},{"floor":15,"key":"REST"}],"neow_cost":"TEN_PERCENT_HP_LOSS","seed_source_timestamp":548703238922478,"circlet_count":0,"master_deck":["Strike_B","Strike_B","Strike_B","Strike_B","Defend_B","Defend_B","Zap","Dualcast","Rip and Tear","Loop","Gash","Injury","Auto Shields","Stack","Buffer","Stack","BootSequence","Apotheosis"],"relics":["Cracked Core","Golden Idol","Darkstone Periapt","Turnip","Bottled Lightning","Regal Pillow"],"potions_floor_usage":[],"damage_taken":[{"damage":6,"enemies":"Small Slimes","floor":1,"turns":3},{"damage":7,"enemies":"Jaw Worm","floor":3,"turns":3},{"damage":45,"enemies":"3 Sentries","floor":6,"turns":7},{"damage":20,"enemies":"Gremlin Nob","floor":8,"turns":4},{"damage":0,"enemies":"2 Louse","floor":10,"turns":1},{"damage":4,"enemies":"Blue Slaver","floor":11,"turns":4},{"damage":45,"enemies":"Slime Boss","floor":16,"turns":8}],"seed_played":"-4093649032059702166","potions_obtained":[{"floor":8,"key":"SteroidPotion"},{"floor":10,"key":"SneckoOil"}],"is_trial":false,"path_per_floor":["M","?","M","?","?","E","R","E","T","M","M","$","?","?","R"],"character_chosen":"DEFECT","items_purchased":["Regal Pillow","Apotheosis"],"campfire_rested":2,"item_purchase_floors":[12,12],"current_hp_per_floor":[62,62,55,55,55,10,30,10,10,10,6,6,6,6,41,0],"gold":0,"neow_bonus":"TRANSFORM_TWO_CARDS","is_prod":false,"is_daily":false,"chose_seed":false,"campfire_upgraded":0,"win_rate":0,"timestamp":1537495987,"path_taken":["M","?","M","?","?","E","R","E","T","M","M","$","?","?","R","BOSS"],"build_version":"2018-09-20","purchased_purges":0,"victory":false,"max_hp_per_floor":[68,68,68,68,68,68,68,68,68,68,68,68,68,68,68,68],"card_choices":[{"not_picked":["Hologram","Go for the Eyes"],"picked":"Gash","floor":1},{"not_picked":["Double Energy","Coolheaded"],"picked":"Auto Shields","floor":3},{"not_picked":["Streamline","Reinforced Body"],"picked":"Stack","floor":6},{"not_picked":["Go for the Eyes","Rainbow"],"picked":"Buffer","floor":8},{"not_picked":["Coolheaded","Ball Lightning"],"picked":"Stack","floor":10},{"not_picked":["Ball Lightning","Melter"],"picked":"BootSequence","floor":11}],"player_experience":157024,"relics_obtained":[{"floor":6,"key":"Darkstone Periapt"},{"floor":8,"key":"Turnip"},{"floor":9,"key":"Bottled Lightning"}],"event_choices":[{"event_name":"Golden Idol","player_choice":"Take Wound","floor":2,"damage_taken":0},{"event_name":"Liars Game","player_choice":"agreed","floor":4,"damage_taken":0},{"event_name":"The Cleric","player_choice":"Card Removal","floor":5,"damage_taken":0},{"event_name":"World of Goop","player_choice":"Left","floor":13,"damage_taken":0},{"event_name":"Shining Light","player_choice":"Ignored","floor":14,"damage_taken":0}],"is_beta":false,"boss_relics":[],"items_purged_floors":[],"is_endless":false,"potions_floor_spawned":[8,10],"killed_by":"Slime Boss","ascension_level":3}