{"gold_per_floor":[114,129,140,158,174,174,191,191,238,238,264,280,135,135,135,237,237,253,352,130,141,141,141,157,188,188,211,0,28,28,41,41,41],"floor_reached":33,"playtime":2725,"items_purged":["Strike_R","Dual Wield"],"score":443,"play_id":"5740fbca-09a1-40f7-bff2-724ccde84fa2","local_time":"20181126201223","is_ascension_mode":true,"campfire_choices":[{"data":"True Grit","floor":6.0,"key":"SMITH"},{"data":"Disarm","floor":8.0,"key":"SMITH"},{"data":"Clothesline","floor":10.0,"key":"SMITH"},{"data":"Iron Wave","floor":15.0,"key":"SMITH"},{"floor":23,"key":"REST"},{"floor":30,"key":"REST"},{"floor":32,"key":"REST"}],"neow_cost":"NONE","seed_source_timestamp":0,"circlet_count":0,"master_deck":["AscendersBane","Strike_R+1","Strike_R+1","Strike_R+1","Defend_R+1","Defend_R+1","Defend_R+1","Defend_R+1","Bash","Clothesline+1","Disarm+1","Cleave","True Grit+1","Pummel","Iron Wave+1","Ghostly Armor","Impervious","Iron Wave","Madness","Clothesline","Sword Boomerang","Body Slam","Evolve","Power Through"],"special_seed":0,"relics":["Burning Blood","Pen Nib","Red Skull","Odd Mushroom","Mark of Pain","Ornamental Fan","Boot","The Courier"],"potions_floor_usage":[18,25,29,29,33],"damage_taken":[{"damage":6.0,"enemies":"Cultist","floor":1.0,"turns":4.0},{"damage":15.0,"enemies":"Small Slimes","floor":2.0,"turns":4.0},{"damage":9.0,"enemies":"2 Louse","floor":3.0,"turns":4.0},{"damage":10.0,"enemies":"Red Slaver","floor":4.0,"turns":3.0},{"damage":7.0,"enemies":"2 Fungi Beasts","floor":5.0,"turns":4.0},{"damage":4.0,"enemies":"Exordium Wildlife","floor":7.0,"turns":4.0},{"damage":11.0,"enemies":"The Mushroom Lair","floor":11.0,"turns":4.0},{"damage":9.0,"enemies":"Exordium Thugs","floor":12.0,"turns":5.0},{"damage":42.0,"enemies":"Hexaghost","floor":16.0,"turns":17.0},{"damage":23,"enemies":"Spheric Guardian","floor":18,"turns":8},{"damage":5,"enemies":"Shell Parasite","floor":21,"turns":8},{"damage":31,"enemies":"Sentry and Sphere","floor":24,"turns":6},{"damage":29,"enemies":"Slavers","floor":25,"turns":6},{"damage":9,"enemies":"Book of Stabbing","floor":29,"turns":6},{"damage":14,"enemies":"Chosen and Byrds","floor":31,"turns":8},{"damage":77,"enemies":"Automaton","floor":33,"turns":12}],"seed_played":"-1681473429077256815","potions_obtained":[{"floor":2.0,"key":"AttackPotion"},{"floor":7.0,"key":"Poison Potion"},{"floor":11.0,"key":"FearPotion"},{"floor":16,"key":"Block Potion"},{"floor":18,"key":"PowerPotion"},{"floor":29,"key":"Dexterity Potion"}],"is_trial":false,"path_per_floor":["M","M","M","M","M","R","M","R","T","R","?","M","$","?","R","B","B",null,"M","?","$","M","?","R","M","E","T","T","$","E","R","M","R","B"],"character_chosen":"IRONCLAD","items_purchased":["Ghostly Armor","Madness","Clothesline","Evolve","Power Through","BloodPotion"],"campfire_rested":3,"item_purchase_floors":[13,20,20,28,28,28],"current_hp_per_floor":[72,63,60,56,55,55,57,57,57,57,52,49,49,49,49,13,63,46,46,46,47,47,71,46,23,23,23,23,28,52,44,68,0],"gold":41,"neow_bonus":"RANDOM_COMMON_RELIC","is_prod":false,"is_daily":false,"chose_seed":false,"campfire_upgraded":4,"win_rate":0,"timestamp":1543273943,"path_taken":["M","M","?","M","M","R","M","R","T","R","?","M","$","?","R","BOSS","BOSS","M","?","$","M","?","R","?","E","T","?","$","E","R","M","R","BOSS"],"build_version":"2018-11-15","purchased_purges":2,"victory":false,"max_hp_per_floor":[80,80,80,80,80,80,80,80,80,80,80,80,80,80,80,80,80,80,80,80,80,80,80,80,80,80,80,80,80,80,80,80,80],"card_choices":[{"not_picked":["Twin Strike","Iron Wave"],"picked":"Clothesline","floor":1.0},{"not_picked":["Flex","Metallicize","Twin Strike"],"picked":"SKIP","floor":2.0},{"not_picked":["Body Slam","Uppercut"],"picked":"Disarm","floor":3.0},{"not_picked":["Ghostly Armor","Armaments"],"picked":"Cleave","floor":4.0},{"not_picked":["Anger","Juggernaut"],"picked":"True Grit","floor":5.0},{"not_picked":["Anger","Searing Blow"],"picked":"Pummel","floor":7.0},{"not_picked":["Body Slam","Thunderclap"],"picked":"Iron Wave","floor":11.0},{"not_picked":["Shockwave","Berserk","Perfected Strike"],"picked":"SKIP","floor":12.0},{"not_picked":["Shockwave","Berserk","Perfected Strike"],"picked":"SKIP","floor":12.0},{"not_picked":["Brutality","Reaper"],"picked":"Impervious","floor":16},{"not_picked":["Clothesline","True Grit"],"picked":"Iron Wave","floor":18},{"not_picked":["Clash","Clothesline"],"picked":"Sword Boomerang","floor":21},{"not_picked":["Shrug It Off","Headbutt"],"picked":"Body Slam","floor":24},{"not_picked":["True Grit","Rampage","Metallicize"],"picked":"SKIP","floor":25},{"not_picked":["Havoc","Double Tap","Metallicize"],"picked":"SKIP","floor":29},{"not_picked":["Clothesline","Anger","Havoc"],"picked":"SKIP","floor":31}],"player_experience":423998,"relics_obtained":[{"floor":9.0,"key":"Red Skull"},{"floor":11.0,"key":"Odd Mushroom"},{"floor":25,"key":"Ornamental Fan"},{"floor":27,"key":"Boot"},{"floor":29,"key":"The Courier"}],"event_choices":[{"damage_healed":0.0,"max_hp_gain":0.0,"max_hp_loss":0.0,"gold_gain":0.0,"event_name":"Mushrooms","player_choice":"Fought Mushrooms","floor":11.0,"gold_loss":0.0,"damage_taken":0.0},{"damage_healed":0.0,"max_hp_gain":0.0,"max_hp_loss":0.0,"gold_gain":0.0,"cards_transformed":["Strike_R"],"event_name":"Transmorgrifier","player_choice":"Transformed","floor":14.0,"gold_loss":0.0,"damage_taken":0.0,"cards_obtained":["Dual Wield"]},{"damage_healed":0,"gold_gain":99,"player_choice":"Stole From Cult","damage_taken":0,"max_hp_gain":0,"max_hp_loss":0,"event_name":"Nest","floor":19,"gold_loss":0},{"damage_healed":0,"gold_gain":0,"player_choice":"Simplicity","damage_taken":0,"max_hp_gain":0,"max_hp_loss":0,"event_name":"Back to Basics","floor":22,"gold_loss":0,"cards_upgraded":["Strike_R","Strike_R","Strike_R","Defend_R","Defend_R","Defend_R","Defend_R"]}],"is_beta":false,"boss_relics":[{"not_picked":["Lizard Tail","Black Star"],"picked":"Mark of Pain"}],"items_purged_floors":[13,20],"is_endless":false,"potions_floor_spawned":[2,7,11,16,18,21,29],"killed_by":"Automaton","ascension_level":12}