{"gold_per_floor":[114,114,179,229,244,274,27,57,132,132,197,247,312,327,327,427,477,492,204,254,269,284,314,36,97,122,172,202,252,302,36,36,136,136,151,201,255,405,420,420,450,450,475,30,30,60,110,125,125,125],"floor_reached":51,"playtime":2143,"items_purged":["Regret","Regret"],"score":1074,"play_id":"5a0ca02d-2a32-4705-bafa-9a7cbf880534","local_time":"20190115200737","daily_mods":["Cursed Run","Time Dilation","Lethality"],"is_ascension_mode":false,"campfire_choices":[{"data":"Dual Wield","floor":10,"key":"SMITH"},{"data":"Searing Blow","floor":15,"key":"SMITH"},{"floor":32,"key":"REST"},{"floor":40,"key":"REST"},{"floor":42,"key":"REST"},{"floor":49,"key":"REST"}],"neow_cost":"","seed_source_timestamp":888851584204846,"circlet_count":0,"master_deck":["Strike_R+1","Strike_R+1","Strike_R+1","Strike_R+1","Strike_R+1","Defend_R+1","Defend_R+1","Defend_R+1","Defend_R+1","Bash","Flex","Shrug It Off","Searing Blow+1","Thunderclap","Clothesline","Magnetism","Dual Wield+1","Decay","Headbutt+1","Warcry+1","Evolve","Shame","Feed+1","True Grit+1","Havoc+1","Trip+1","Armaments+1","Anger+1","Inflame","Dropkick","Violence+1","Madness+1","Havoc+1","Spot Weakness+1","Writhe","Headbutt+1","Metamorphosis+1","Writhe","Bludgeon","Pommel Strike","Madness+1","Madness+1","Pummel+1","Shockwave+1","Burning Pact+1","Impervious+1","Anger","Purity+1","Flex+1","Mind Blast","Panache","Mind Blast","Cleave+1","Decay"],"special_seed":17912,"relics":["Cursed Key","Darkstone Periapt","Du-Vu Doll","SsserpentHead","Pear","PreservedInsect","Toxic Egg 2","Tiny House","Vajra","Boot","Red Mask","Strawberry","MutagenicStrength","WingedGreaves","Ancient Tea Set","Fusion Hammer","Bird Faced Urn","Mango","Question Card","Pen Nib","Kunai","Oddly Smooth Stone"],"potions_floor_usage":[8,8,16,25,25,25,38,46,46],"damage_taken":[{"damage":0,"enemies":"Small Slimes","floor":1,"turns":2},{"damage":0,"enemies":"Cultist","floor":3,"turns":2},{"damage":5,"enemies":"2 Louse","floor":5,"turns":3},{"damage":2,"enemies":"Gremlin Nob","floor":6,"turns":3},{"damage":18,"enemies":"3 Sentries","floor":8,"turns":4},{"damage":13,"enemies":"2 Fungi Beasts","floor":11,"turns":2},{"damage":0,"enemies":"Looter","floor":13,"turns":1},{"damage":2,"enemies":"Blue Slaver","floor":14,"turns":2},{"damage":0,"enemies":"Slime Boss","floor":16,"turns":2},{"damage":49,"enemies":"2 Thieves","floor":18,"turns":4},{"damage":10,"enemies":"Spheric Guardian","floor":21,"turns":3},{"damage":0,"enemies":"Snake Plant","floor":22,"turns":2},{"damage":25,"enemies":"Slavers","floor":23,"turns":3},{"damage":0,"enemies":"Masked Bandits","floor":25,"turns":1},{"damage":0,"enemies":"Gremlin Leader","floor":28,"turns":3},{"damage":57,"enemies":"Champ","floor":33,"turns":6},{"damage":13,"enemies":"Orb Walker","floor":35,"turns":2},{"damage":20,"enemies":"2 Orb Walkers","floor":37,"turns":3},{"damage":12,"enemies":"Mind Bloom Boss Battle","floor":38,"turns":4},{"damage":25,"enemies":"3 Shapes","floor":39,"turns":2},{"damage":10,"enemies":"Nemesis","floor":41,"turns":3},{"damage":13,"enemies":"Reptomancer","floor":46,"turns":3},{"damage":22,"enemies":"Sphere and 2 Shapes","floor":48,"turns":3},{"damage":100,"enemies":"Time Eater","floor":50,"turns":7}],"seed_played":"-4273612193647818048","potions_obtained":[{"floor":3,"key":"Swift Potion"},{"floor":11,"key":"AttackPotion"},{"floor":14,"key":"Poison Potion"},{"floor":16,"key":"SteroidPotion"},{"floor":17,"key":"Poison Potion"},{"floor":18,"key":"SteroidPotion"},{"floor":33,"key":"Block Potion"},{"floor":39,"key":"Explosive Potion"},{"floor":41,"key":"Fire Potion"}],"is_trial":false,"path_per_floor":["M","?","M","?","M","E","$","E","T","R","M","?","M","M","R","B",null,"M","$","?","M","M","E","$","?","T","?","E","T","?","$","R","B",null,"M","?","?","?","M","R","E","R","T","$","$","E","?","M","R","B",null],"character_chosen":"IRONCLAD","items_purchased":["Magnetism","SkillPotion","Trip+1","Armaments+1","Vajra","Violence+1","Madness+1","Havoc+1","Metamorphosis+1","Kunai","Anger","Purity+1"],"campfire_rested":4,"item_purchase_floors":[7,7,19,19,19,24,24,24,31,44,44,44],"current_hp_per_floor":[80,80,80,80,75,83,83,65,71,71,58,96,96,94,94,100,107,58,58,58,52,52,31,31,31,44,44,44,50,50,50,90,39,140,127,109,89,91,70,117,107,154,160,160,160,151,141,119,164,80],"gold":125,"neow_bonus":"","is_prod":false,"is_daily":true,"chose_seed":false,"campfire_upgraded":2,"win_rate":0,"timestamp":1547600857,"path_taken":["M","?","?","?","M","E","$","E","T","R","?","?","?","M","R","BOSS","M","$","?","M","M","E","?","?","T","?","E","?","?","$","R","BOSS","M","?","?","?","M","R","E","R","T","?","$","E","?","M","R","BOSS"],"build_version":"2019-01-10","purchased_purges":2,"victory":true,"max_hp_per_floor":[80,80,80,80,80,90,90,90,96,96,96,96,96,96,96,102,107,107,107,107,111,111,115,115,115,128,128,128,134,134,134,134,140,140,140,140,140,154,158,158,158,158,164,164,164,164,164,164,164,170],"card_choices":[{"not_picked":["Flame Barrier","Spot Weakness"],"picked":"Flex","floor":1},{"not_picked":["Warcry","Body Slam"],"picked":"Shrug It Off","floor":3},{"not_picked":["Perfected Strike","True Grit"],"picked":"Thunderclap","floor":5},{"not_picked":["Warcry","Perfected Strike"],"picked":"Clothesline","floor":6},{"not_picked":["Thunderclap","Wild Strike"],"picked":"Dual Wield","floor":8},{"not_picked":["Exhume+1","Searing Blow"],"picked":"Headbutt","floor":11},{"not_picked":["Clothesline","Iron Wave"],"picked":"Warcry+1","floor":13},{"not_picked":["Twin Strike","Warcry+1"],"picked":"Evolve","floor":14},{"not_picked":["Bludgeon","Immolate"],"picked":"Feed","floor":16},{"not_picked":["Searing Blow","Warcry+1"],"picked":"True Grit+1","floor":17},{"not_picked":["Flex+1","Pummel"],"picked":"Havoc+1","floor":18},{"not_picked":["Pommel Strike","Rampage"],"picked":"Anger+1","floor":21},{"not_picked":["Perfected Strike","Dual Wield+1"],"picked":"Inflame","floor":22},{"not_picked":["Warcry+1","Hemokinesis"],"picked":"Dropkick","floor":23},{"not_picked":["Flex+1","Feel No Pain+1"],"picked":"Spot Weakness+1","floor":25},{"not_picked":["Cleave","Offering+1"],"picked":"Headbutt+1","floor":28},{"not_picked":["Dark Embrace","Brutality"],"picked":"Bludgeon","floor":33},{"not_picked":["Headbutt","Armaments+1"],"picked":"Pommel Strike","floor":35},{"not_picked":["Headbutt+1","Warcry+1"],"picked":"Pummel+1","floor":37},{"not_picked":["Sword Boomerang+1","Shrug It Off+1"],"picked":"Shockwave+1","floor":38},{"not_picked":["Dropkick+1","Armaments+1"],"picked":"Burning Pact+1","floor":39},{"not_picked":["Body Slam","Armaments+1"],"picked":"Impervious+1","floor":41},{"not_picked":["Offering+1","Burning Pact+1","Shrug It Off+1"],"picked":"Flex+1","floor":46},{"not_picked":["Good Instincts+1","Metamorphosis+1","Flash of Steel"],"picked":"Mind Blast","floor":47},{"not_picked":["Blind+1","Finesse+1","Bandage Up+1"],"picked":"Panache","floor":47},{"not_picked":["Discovery+1","Thinking Ahead+1","Purity+1"],"picked":"Mind Blast","floor":47},{"not_picked":["Clash+1","Intimidate+1","Iron Wave"],"picked":"Cleave+1","floor":48}],"player_experience":309284,"relics_obtained":[{"floor":6,"key":"Pear"},{"floor":8,"key":"PreservedInsect"},{"floor":9,"key":"Toxic Egg 2"},{"floor":23,"key":"Boot"},{"floor":25,"key":"Red Mask"},{"floor":26,"key":"Strawberry"},{"floor":28,"key":"WingedGreaves"},{"floor":29,"key":"Ancient Tea Set"},{"floor":37,"key":"Bird Faced Urn"},{"floor":38,"key":"Mango"},{"floor":41,"key":"Question Card"},{"floor":43,"key":"Pen Nib"},{"floor":46,"key":"Oddly Smooth Stone"}],"event_choices":[{"damage_healed":0,"gold_gain":0,"player_choice":"Trade","damage_taken":0,"relics_obtained":["SsserpentHead"],"max_hp_gain":0,"max_hp_loss":0,"event_name":"FaceTrader","floor":2,"gold_loss":0},{"damage_healed":0,"gold_gain":0,"player_choice":"2 cards matched","damage_taken":0,"max_hp_gain":0,"max_hp_loss":0,"event_name":"Match and Keep!","floor":4,"gold_loss":0,"cards_obtained":["Dark Shackles","Searing Blow"]},{"cards_removed":["Dark Shackles"],"damage_healed":38,"gold_gain":0,"player_choice":"Offered Uncommon","damage_taken":0,"max_hp_gain":0,"max_hp_loss":0,"event_name":"Bonfire Elementals","floor":12,"gold_loss":0},{"damage_healed":0,"gold_gain":0,"player_choice":"Upgraded","damage_taken":0,"max_hp_gain":0,"max_hp_loss":0,"event_name":"Upgrade Shrine","floor":20,"gold_loss":0,"cards_upgraded":["Feed"]},{"damage_healed":0,"gold_gain":0,"player_choice":"Fought Bandits","damage_taken":0,"max_hp_gain":0,"max_hp_loss":0,"event_name":"Masked Bandits","floor":25,"gold_loss":0},{"damage_healed":0,"gold_gain":0,"player_choice":"Inject Mutagens","damage_taken":0,"relics_obtained":["MutagenicStrength"],"max_hp_gain":0,"max_hp_loss":0,"event_name":"Drug Dealer","floor":27,"gold_loss":0},{"damage_healed":0,"gold_gain":0,"player_choice":"Simplicity","damage_taken":0,"max_hp_gain":0,"max_hp_loss":0,"event_name":"Back to Basics","floor":30,"gold_loss":0,"cards_upgraded":["Strike_R","Strike_R","Strike_R","Strike_R","Strike_R","Defend_R","Defend_R","Defend_R","Defend_R"]},{"damage_healed":0,"gold_gain":0,"player_choice":"Embrace Madness","damage_taken":18,"max_hp_gain":0,"max_hp_loss":0,"event_name":"Winding Halls","floor":36,"gold_loss":0,"cards_obtained":["Madness","Madness"]},{"damage_healed":0,"gold_gain":0,"player_choice":"Fight","damage_taken":0,"max_hp_gain":0,"max_hp_loss":0,"event_name":"Mysterious Sphere","floor":37,"gold_loss":0},{"damage_healed":0,"gold_gain":0,"player_choice":"Fight","damage_taken":0,"max_hp_gain":0,"max_hp_loss":0,"event_name":"MindBloom","floor":38,"gold_loss":0},{"damage_healed":0,"gold_gain":0,"player_choice":"Memory 3","damage_taken":10,"max_hp_gain":0,"max_hp_loss":0,"event_name":"SensoryStone","floor":47,"gold_loss":0}],"is_beta":false,"boss_relics":[{"not_picked":["Lizard Tail","Eternal Feather"],"picked":"Tiny House"},{"not_picked":["Runic Dome","Velvet Choker"],"picked":"Fusion Hammer"}],"items_purged_floors":[31,44],"is_endless":false,"potions_floor_spawned":[3,11,14,16,18,22,33,39,41],"ascension_level":0}