{"gold_per_floor":[110,110,75,90,106,133,195,227,251,263,263,243,63,81,81,183,183,202,222,0,0,15,48,48],"floor_reached":24,"playtime":871,"items_purged":[],"score":237,"play_id":"f76de236-78a9-40e2-ae4c-7dad2434fddb","local_time":"20181204235416","is_ascension_mode":true,"campfire_choices":[{"data":"Rage","floor":11,"key":"SMITH"},{"data":"Infernal Blade","floor":15,"key":"SMITH"}],"neow_cost":"PERCENT_DAMAGE","seed_source_timestamp":5721585841378512,"circlet_count":0,"master_deck":["Strike_R","Strike_R","Strike_R","Strike_R","Strike_R","Defend_R","Defend_R+1","Defend_R","Defend_R","Bash","Demon Form","Cleave","Pommel Strike","Havoc+1","Infernal Blade+1","Sentinel","Immolate","Rage+1","Twin Strike","Flame Barrier","Feed","Heavy Blade","Wild Strike+1","Mayhem","Armaments","Berserk","Ghostly Armor"],"relics":["Burning Blood","Regal Pillow","Bag of Preparation","War Paint","Blood Vial","Orichalcum","Black Star","MutagenicStrength","Ornamental Fan","Paper Frog"],"potions_floor_usage":[6,7,8,23],"damage_taken":[{"damage":6,"enemies":"Cultist","floor":1,"turns":4},{"damage":7,"enemies":"Small Slimes","floor":4,"turns":3},{"damage":7,"enemies":"2 Louse","floor":5,"turns":3},{"damage":11,"enemies":"Lagavulin","floor":6,"turns":7},{"damage":18,"enemies":"Gremlin Nob","floor":7,"turns":3},{"damage":8,"enemies":"3 Sentries","floor":8,"turns":5},{"damage":21,"enemies":"Red Slaver","floor":10,"turns":3},{"damage":0,"enemies":"2 Fungi Beasts","floor":14,"turns":3},{"damage":33,"enemies":"The Guardian","floor":16,"turns":8},{"damage":21,"enemies":"Shell Parasite","floor":18,"turns":8},{"damage":5,"enemies":"Spheric Guardian","floor":19,"turns":3},{"damage":26,"enemies":"Shelled Parasite and Fungi","floor":22,"turns":7},{"damage":43,"enemies":"Gremlin Leader","floor":23,"turns":6},{"damage":26,"enemies":"Snake Plant","floor":24,"turns":2}],"seed_played":"-7405146908876525839","potions_obtained":[{"floor":1,"key":"PowerPotion"},{"floor":5,"key":"SteroidPotion"},{"floor":7,"key":"Regen Potion"},{"floor":12,"key":"SpeedPotion"},{"floor":18,"key":"PowerPotion"},{"floor":23,"key":"SteroidPotion"}],"is_trial":false,"path_per_floor":["M","?","?","M","M","E","?","E","T","M","R","?","$","M","R","B",null,"M","M","$","?","M","E","M"],"character_chosen":"IRONCLAD","items_purchased":["Orichalcum","Twin Strike","Mayhem","Armaments"],"campfire_rested":0,"item_purchase_floors":[13,13,20,20],"current_hp_per_floor":[56,56,76,75,74,69,57,69,69,56,56,56,56,64,64,39,80,65,68,68,68,50,15,0],"gold":48,"neow_bonus":"THREE_RARE_CARDS","is_prod":false,"is_daily":false,"chose_seed":false,"campfire_upgraded":2,"win_rate":0,"timestamp":1543985656,"path_taken":["M","?","?","M","M","E","?","E","T","M","R","?","$","M","R","BOSS","M","M","$","?","M","E","M"],"build_version":"2018-11-15","purchased_purges":0,"victory":false,"max_hp_per_floor":[80,80,80,80,80,80,80,80,80,80,80,80,80,80,80,80,80,80,80,80,80,80,80,80],"card_choices":[{"not_picked":["Dark Embrace","Barricade"],"picked":"Demon Form","floor":0},{"not_picked":["Heavy Blade","Headbutt"],"picked":"Cleave","floor":1},{"not_picked":["Power Through","Hemokinesis"],"picked":"Pommel Strike","floor":4},{"not_picked":["Sentinel","Twin Strike"],"picked":"Havoc","floor":5},{"not_picked":["Impervious","Clothesline"],"picked":"Infernal Blade","floor":6},{"not_picked":["Body Slam","Evolve"],"picked":"Sentinel","floor":7},{"not_picked":["Uppercut","Seeing Red"],"picked":"Immolate","floor":8},{"not_picked":["Twin Strike","Bloodletting"],"picked":"Rage","floor":10},{"not_picked":["Wild Strike","Flex"],"picked":"Flame Barrier","floor":14},{"not_picked":["Juggernaut","Double Tap"],"picked":"Feed","floor":16},{"not_picked":["Cleave","Clothesline"],"picked":"Heavy Blade","floor":18},{"not_picked":["Iron Wave","Hemokinesis+1"],"picked":"Wild Strike+1","floor":19},{"not_picked":["Warcry","Perfected Strike"],"picked":"Berserk","floor":22},{"not_picked":["Carnage","Headbutt"],"picked":"Ghostly Armor","floor":23}],"player_experience":250946,"relics_obtained":[{"floor":6,"key":"Regal Pillow"},{"floor":8,"key":"War Paint"},{"floor":9,"key":"Blood Vial"},{"floor":23,"key":"Ornamental Fan"},{"floor":23,"key":"Paper Frog"}],"event_choices":[{"damage_healed":0,"gold_gain":0,"player_choice":"Ignored","damage_taken":0,"max_hp_gain":0,"max_hp_loss":0,"event_name":"Golden Wing","floor":2,"gold_loss":0},{"damage_healed":20,"gold_gain":0,"player_choice":"Healed","damage_taken":0,"max_hp_gain":0,"max_hp_loss":0,"event_name":"The Cleric","floor":3,"gold_loss":35},{"damage_healed":0,"gold_gain":0,"player_choice":"Searched \u00273\u0027 times","damage_taken":0,"relics_obtained":["Bag of Preparation"],"max_hp_gain":0,"max_hp_loss":0,"event_name":"Dead Adventurer","floor":7,"gold_loss":0},{"damage_healed":0,"gold_gain":0,"player_choice":"Bought 1 Potion","damage_taken":0,"max_hp_gain":0,"max_hp_loss":0,"event_name":"The Woman in Blue","floor":12,"gold_loss":0},{"damage_healed":0,"gold_gain":0,"player_choice":"Inject Mutagens","damage_taken":0,"relics_obtained":["MutagenicStrength"],"max_hp_gain":0,"max_hp_loss":0,"event_name":"Drug Dealer","floor":21,"gold_loss":0}],"is_beta":false,"boss_relics":[{"not_picked":["Fusion Hammer","Coffee Dripper"],"picked":"Black Star"}],"items_purged_floors":[],"is_endless":false,"potions_floor_spawned":[1,5,7,18,23],"killed_by":"Snake Plant","ascension_level":1}