{"gold_per_floor":[143,23,93,108,108,108,119,119,119,139,154,185,185,210,210,210,210,223,223,223,240,240,240],"floor_reached":23,"playtime":955,"items_purged":[],"score":315,"play_id":"a5c4dae7-e0fe-4362-a765-c8b914bc21f2","local_time":"20180921181332","is_ascension_mode":true,"campfire_choices":[{"data":"Zap","floor":6,"key":"SMITH"},{"data":"Dualcast","floor":8,"key":"SMITH"},{"floor":13,"key":"REST"},{"data":"White Noise","floor":15,"key":"SMITH"}],"neow_cost":"NONE","seed_source_timestamp":620283659229415,"circlet_count":0,"master_deck":["Strike_B","Strike_B","Strike_B","Strike_B","Defend_B","Defend_B","Defend_B","Defend_B","Zap+1","Dualcast+1","Chaos+1","Storm","Double Energy","Gash","Conserve Battery","White Noise+1","Heatsinks+1","Hello World+1","Hello World+1","Creative AI+1","Static Discharge+1","Hologram+1"],"relics":["Cracked Core","Tiny Chest","Symbiotic Virus","Frozen Egg 2","Mummified Hand","Question Card","Runic Pyramid","MutagenicStrength"],"potions_floor_usage":[12,12,21],"damage_taken":[{"damage":0,"enemies":"Cultist","floor":1,"turns":3},{"damage":7,"enemies":"Jaw Worm","floor":4,"turns":4},{"damage":0,"enemies":"Small Slimes","floor":7,"turns":2},{"damage":0,"enemies":"Exordium Thugs","floor":10,"turns":4},{"damage":10,"enemies":"3 Louse","floor":11,"turns":4},{"damage":21,"enemies":"3 Sentries","floor":12,"turns":5},{"damage":0,"enemies":"Lagavulin","floor":14,"turns":5},{"damage":0,"enemies":"Slime Boss","floor":16,"turns":5},{"damage":30,"enemies":"2 Thieves","floor":18,"turns":3},{"damage":15,"enemies":"3 Byrds","floor":21,"turns":4},{"damage":47,"enemies":"Gremlin Leader","floor":23,"turns":6}],"seed_played":"308003207399245732","potions_obtained":[{"floor":4,"key":"Weak Potion"},{"floor":7,"key":"SpeedPotion"},{"floor":11,"key":"Poison Potion"},{"floor":12,"key":"Fire Potion"},{"floor":18,"key":"FearPotion"}],"is_trial":false,"path_per_floor":["M","$","T","M","?","R","M","R","T","M","M","E","R","E","R","B",null,"M","?","?","M","?"],"character_chosen":"DEFECT","items_purchased":["Storm","Double Energy"],"campfire_rested":1,"item_purchase_floors":[2,2],"current_hp_per_floor":[75,75,75,68,68,68,68,68,68,68,58,37,59,59,59,59,75,45,45,70,55,41,0],"gold":240,"neow_bonus":"RANDOM_COMMON_RELIC","is_prod":false,"is_daily":false,"chose_seed":false,"campfire_upgraded":3,"win_rate":0,"timestamp":1537568012,"path_taken":["M","?","?","M","?","R","M","R","T","M","M","E","R","E","R","BOSS","M","?","?","?","?","E"],"build_version":"2018-09-20","purchased_purges":0,"victory":false,"max_hp_per_floor":[75,75,75,75,75,75,75,75,75,75,75,75,75,75,75,75,75,75,75,75,75,80,80],"card_choices":[{"not_picked":["Coolheaded","Hologram"],"picked":"Chaos","floor":1},{"not_picked":["Double Energy","Cold Snap"],"picked":"Gash","floor":4},{"not_picked":["Genetic Algorithm","Lockon"],"picked":"Conserve Battery","floor":7},{"not_picked":["Sunder","Tempest"],"picked":"White Noise","floor":10},{"not_picked":["Leap","Hologram"],"picked":"Heatsinks+1","floor":11},{"not_picked":["Chaos","Lockon"],"picked":"Hello World+1","floor":12},{"not_picked":["Sweeping Beam","Force Field"],"picked":"Hello World+1","floor":14},{"not_picked":["Biased Cognition+1","Seek","Amplify"],"picked":"Creative AI+1","floor":16},{"not_picked":["Loop+1","Tempest+1","Conserve Battery"],"picked":"Static Discharge+1","floor":18},{"not_picked":["Turbo","Rebound","Cold Snap"],"picked":"Hologram+1","floor":21}],"player_experience":165013,"relics_obtained":[{"floor":3,"key":"Symbiotic Virus"},{"floor":9,"key":"Frozen Egg 2"},{"floor":12,"key":"Mummified Hand"},{"floor":14,"key":"Question Card"}],"event_choices":[{"event_name":"Upgrade Shrine","player_choice":"Upgraded","floor":5,"damage_taken":0},{"event_name":"Drug Dealer","player_choice":"Inject Mutagens","floor":19,"damage_taken":0},{"event_name":"The Library","player_choice":"Heal","floor":20,"damage_taken":0},{"event_name":"Forgotten Altar","player_choice":"Shed Blood","floor":22,"damage_taken":0}],"is_beta":false,"boss_relics":[{"not_picked":["Empty Cage","Coffee Dripper"],"picked":"Runic Pyramid"}],"items_purged_floors":[],"is_endless":false,"potions_floor_spawned":[4,7,11,12,18],"killed_by":"Gremlin Leader","ascension_level":3}