{"gold_per_floor":[113,188,363,16,33,58,58,78,78,6,6,18,18,18,18,117,117,131,150,16,36,48,48,48,48,101,119,133,133,152,53,53,152,152,171,188,88,99,99,99,118,133,133,147,165,91,91,91],"floor_reached":48,"playtime":2604,"items_purged":["Doubt","Normality"],"score":578,"play_id":"ef65a33f-a93e-4a37-aa66-5e318ae800e0","local_time":"20181020163848","is_ascension_mode":true,"campfire_choices":[{"data":"Buffer","floor":7,"key":"SMITH"},{"data":"Multi-Cast","floor":11,"key":"SMITH"},{"data":"Double Energy","floor":15,"key":"SMITH"},{"data":"Creative AI","floor":23,"key":"SMITH"},{"data":"Capacitor","floor":25,"key":"SMITH"},{"data":"Fusion","floor":32,"key":"SMITH"},{"data":"Electrodynamics","floor":40,"key":"SMITH"},{"floor":47,"key":"REST"}],"neow_cost":"NONE","seed_source_timestamp":1944485952971,"circlet_count":0,"master_deck":["Strike_B+1","Strike_B+1","Strike_B+1","Strike_B+1","Defend_B+1","Defend_B+1","Defend_B+1","Defend_B+1","Zap","Dualcast","Beam Cell","Coolheaded","Buffer+1","Stack","Double Energy+1","Multi-Cast+1","Electrodynamics+1","Creative AI+1","Capacitor+1","Conserve Battery","Coolheaded","Loop+1","Fusion+1","Conserve Battery","Cold Snap","Clumsy","Writhe","Self Repair+1","Stack+1","White Noise","Auto Shields+1","Chill+1","Force Field+1","Parasite","Conserve Battery+1","White Noise+1"],"relics":["Cracked Core","NeowsBlessing","Lantern","Cables","Ornamental Fan","Peace Pipe","Velvet Choker","Orichalcum","Calling Bell","PreservedInsect","Pear","Gambling Chip","Prayer Wheel","Toxic Egg 2"],"potions_floor_usage":[12,16,18,22,27,33,38,45],"damage_taken":[{"damage":0,"enemies":"Jaw Worm","floor":1,"turns":1},{"damage":0,"enemies":"2 Louse","floor":5,"turns":1},{"damage":0,"enemies":"Gremlin Nob","floor":6,"turns":1},{"damage":0,"enemies":"Small Slimes","floor":8,"turns":3},{"damage":0,"enemies":"Looter","floor":12,"turns":2},{"damage":52,"enemies":"Hexaghost","floor":16,"turns":11},{"damage":0,"enemies":"2 Thieves","floor":18,"turns":3},{"damage":0,"enemies":"Chosen","floor":19,"turns":4},{"damage":7,"enemies":"3 Cultists","floor":21,"turns":4},{"damage":13,"enemies":"Snake Plant","floor":22,"turns":4},{"damage":0,"enemies":"Centurion and Healer","floor":27,"turns":7},{"damage":9,"enemies":"Chosen and Byrds","floor":28,"turns":9},{"damage":6,"enemies":"3 Cultists","floor":30,"turns":5},{"damage":42,"enemies":"Automaton","floor":33,"turns":14},{"damage":0,"enemies":"3 Shapes","floor":35,"turns":6},{"damage":45,"enemies":"3 Darklings","floor":36,"turns":6},{"damage":13,"enemies":"4 Shapes","floor":38,"turns":10},{"damage":0,"enemies":"Mind Bloom Boss Battle","floor":39,"turns":10},{"damage":16,"enemies":"Sphere and 2 Shapes","floor":41,"turns":4},{"damage":36,"enemies":"Spire Growth","floor":42,"turns":7},{"damage":11,"enemies":"3 Darklings","floor":44,"turns":3},{"damage":20,"enemies":"Writhing Mass","floor":45,"turns":6},{"damage":49,"enemies":"Transient","floor":48,"turns":4}],"seed_played":"-2278190942002381867","potions_obtained":[{"floor":5,"key":"Block Potion"},{"floor":8,"key":"Swift Potion"},{"floor":12,"key":"EntropicBrew"},{"floor":16,"key":"PowerPotion"},{"floor":18,"key":"SkillPotion"},{"floor":19,"key":"Block Potion"},{"floor":30,"key":"SpeedPotion"},{"floor":36,"key":"Block Potion"},{"floor":41,"key":"SpeedPotion"},{"floor":42,"key":"Dexterity Potion"}],"is_trial":false,"path_per_floor":["M","?","?","$","M","E","R","M","T","$","R","M","$","?","R","B",null,"M","M","$","M","M","R","?","R","T","M","M","?","M","$","R","B",null,"M","M","$","M","?","R","M","M","T","M","M","$","R"],"character_chosen":"DEFECT","items_purchased":["Coolheaded","Buffer","Lantern","Multi-Cast","Capacitor","Conserve Battery","Conserve Battery","Cold Snap","White Noise+1"],"campfire_rested":1,"item_purchase_floors":[4,4,4,10,20,20,31,31,46],"current_hp_per_floor":[75,64,64,64,64,64,64,64,64,64,64,64,64,61,61,9,75,75,75,75,68,55,55,55,55,55,55,46,71,65,65,65,23,85,85,50,50,47,57,57,51,25,25,24,14,14,39,0],"gold":91,"neow_bonus":"THREE_ENEMY_KILL","is_prod":false,"is_daily":false,"chose_seed":false,"campfire_upgraded":7,"win_rate":0,"timestamp":1540064328,"path_taken":["M","?","?","$","M","E","R","M","T","?","R","M","?","?","R","BOSS","M","M","$","M","?","R","?","R","T","?","M","?","M","?","R","BOSS","M","M","$","M","?","R","M","M","T","?","M","$","R","M"],"build_version":"2018-10-18","purchased_purges":2,"victory":false,"max_hp_per_floor":[75,75,75,75,75,75,75,75,75,75,75,75,75,75,75,75,75,75,75,75,75,75,75,75,75,75,75,75,75,75,75,75,75,85,85,85,85,85,85,85,85,85,85,85,85,85,85,85],"card_choices":[{"not_picked":["Go for the Eyes","Streamline"],"picked":"Beam Cell","floor":1},{"not_picked":["Barrage","Streamline"],"picked":"Stack","floor":5},{"not_picked":["Hello World","Heatsinks"],"picked":"Double Energy","floor":6},{"not_picked":["Redo","Sweeping Beam","Beam Cell"],"picked":"SKIP","floor":8},{"not_picked":["Redo","Go for the Eyes"],"picked":"Electrodynamics","floor":12},{"not_picked":["Echo Form","All For One"],"picked":"Creative AI","floor":16},{"not_picked":["Skim","FTL+1","Turbo"],"picked":"SKIP","floor":18},{"not_picked":["FTL","Reinforced Body","Turbo"],"picked":"SKIP","floor":19},{"not_picked":["Turbo","Compile Driver"],"picked":"Coolheaded","floor":21},{"not_picked":["Undo","Beam Cell","Go for the Eyes+1"],"picked":"SKIP","floor":22},{"not_picked":["Conserve Battery","Sweeping Beam"],"picked":"Loop+1","floor":27},{"not_picked":["Beam Cell","Go for the Eyes","Barrage+1"],"picked":"SKIP","floor":28},{"not_picked":["Barrage","Sunder"],"picked":"Fusion","floor":30},{"not_picked":["Turbo","BootSequence+1"],"picked":"Self Repair+1","floor":35},{"not_picked":["Steam","Rebound+1"],"picked":"Stack+1","floor":36},{"not_picked":["Steam+1","Go for the Eyes+1"],"picked":"White Noise","floor":38},{"not_picked":["Hologram","Redo+1","Steam Power"],"picked":"SKIP","floor":41},{"not_picked":["Barrage","FTL","Seek"],"picked":"SKIP","floor":41},{"not_picked":["Rip and Tear","Hologram"],"picked":"Auto Shields+1","floor":42},{"not_picked":["Hologram","Ball Lightning"],"picked":"Chill+1","floor":42},{"not_picked":["Darkness+1","Glacier+1"],"picked":"Force Field+1","floor":44},{"not_picked":["Melter+1","Compile Driver+1","Doom and Gloom+1"],"picked":"SKIP","floor":44},{"not_picked":["Streamline+1","Rebound+1"],"picked":"Conserve Battery+1","floor":45},{"not_picked":["Steam+1","Biased Cognition","Hologram+1"],"picked":"SKIP","floor":45}],"player_experience":170376,"relics_obtained":[{"floor":6,"key":"Cables"},{"floor":9,"key":"Ornamental Fan"},{"floor":26,"key":"Orichalcum"},{"floor":34,"key":"PreservedInsect"},{"floor":34,"key":"Pear"},{"floor":34,"key":"Gambling Chip"},{"floor":39,"key":"Prayer Wheel"},{"floor":43,"key":"Toxic Egg 2"}],"event_choices":[{"damage_healed":0,"gold_gain":75,"player_choice":"Gather Gold","damage_taken":11,"max_hp_gain":0,"max_hp_loss":0,"event_name":"World of Goop","floor":2,"gold_loss":0},{"damage_healed":0,"gold_gain":175,"player_choice":"AGREE","damage_taken":0,"max_hp_gain":0,"max_hp_loss":0,"event_name":"Liars Game","floor":3,"gold_loss":0,"cards_obtained":["Doubt"]},{"damage_healed":0,"gold_gain":0,"player_choice":"Success","damage_taken":3,"relics_obtained":["Peace Pipe"],"max_hp_gain":0,"max_hp_loss":0,"event_name":"Scrap Ooze","floor":14,"gold_loss":0},{"damage_healed":0,"gold_gain":0,"player_choice":"Simplicity","damage_taken":0,"max_hp_gain":0,"max_hp_loss":0,"event_name":"Back to Basics","floor":24,"gold_loss":0,"cards_upgraded":["Strike_B","Strike_B","Strike_B","Strike_B","Defend_B","Defend_B","Defend_B","Defend_B"]},{"damage_healed":25,"gold_gain":0,"player_choice":"Heal","damage_taken":0,"max_hp_gain":0,"max_hp_loss":0,"event_name":"The Library","floor":29,"gold_loss":0},{"damage_healed":0,"gold_gain":0,"player_choice":"Fight","damage_taken":0,"max_hp_gain":0,"max_hp_loss":0,"event_name":"MindBloom","floor":39,"gold_loss":0}],"is_beta":false,"boss_relics":[{"not_picked":["Philosopher\u0027s Stone","Fusion Hammer"],"picked":"Velvet Choker"},{"not_picked":["Pandora\u0027s Box","Orrery"],"picked":"Calling Bell"}],"items_purged_floors":[4,37],"is_endless":false,"potions_floor_spawned":[5,8,12,16,18,19,30,36,41,42],"killed_by":"Transient","ascension_level":4}