{"gold_per_floor":[110,110,70,86,36,36,36,49,75,86,121,14,0,0,0,0],"floor_reached":16,"playtime":738,"items_purged":[],"score":113,"play_id":"66dc7049-718d-4d70-a908-bb6ca3817b22","local_time":"20181220211104","is_ascension_mode":true,"campfire_choices":[{"data":"Whirlwind","floor":6,"key":"SMITH"},{"floor":15,"key":"REST"}],"neow_cost":"NONE","seed_source_timestamp":437344366460013,"circlet_count":0,"master_deck":["Strike_R","Strike_R","Strike_R","Strike_R","Defend_R","Defend_R","Defend_R","Shockwave","Entrench+1","Whirlwind+1","Cleave","Sentinel","Sword Boomerang","Entrench","Metallicize","Disarm"],"relics":["Burning Blood","Blood Vial","Pen Nib","Golden Idol"],"potions_floor_usage":[11,16],"damage_taken":[{"damage":7,"enemies":"Jaw Worm","floor":1,"turns":3},{"damage":0,"enemies":"Small Slimes","floor":4,"turns":3},{"damage":4,"enemies":"Cultist","floor":8,"turns":3},{"damage":2,"enemies":"Lots of Slimes","floor":10,"turns":2},{"damage":44,"enemies":"Lagavulin","floor":11,"turns":9},{"damage":9,"enemies":"Looter","floor":13,"turns":4},{"damage":67,"enemies":"Hexaghost","floor":16,"turns":13}],"seed_played":"-807052169072606306","potions_obtained":[{"floor":4,"key":"SpeedPotion"},{"floor":10,"key":"Poison Potion"}],"is_trial":false,"path_per_floor":["M","?","$","M","?","R","?","M","T","M","E","$","M","?","R","B"],"character_chosen":"IRONCLAD","items_purchased":["Whirlwind","Metallicize","Disarm"],"campfire_rested":1,"item_purchase_floors":[3,12,12],"current_hp_per_floor":[79,79,79,80,80,80,80,80,80,80,42,42,41,41,63,0],"gold":0,"neow_bonus":"REMOVE_CARD","is_prod":false,"is_daily":false,"chose_seed":false,"campfire_upgraded":1,"win_rate":0,"timestamp":1545369064,"path_taken":["M","?","$","M","?","R","?","M","T","?","E","?","M","?","R","BOSS"],"build_version":"2018-12-20","purchased_purges":0,"victory":false,"max_hp_per_floor":[80,80,80,80,80,80,80,80,80,80,80,80,80,74,74,74],"card_choices":[{"not_picked":["Clothesline","Dual Wield"],"picked":"Shockwave","floor":1},{"not_picked":["Thunderclap","Sword Boomerang"],"picked":"Cleave","floor":4},{"not_picked":["Reckless Charge","Iron Wave"],"picked":"Sentinel","floor":8},{"not_picked":["Iron Wave","Warcry"],"picked":"Sword Boomerang","floor":10},{"not_picked":["Corruption","Hemokinesis"],"picked":"Entrench","floor":11},{"not_picked":["Iron Wave","Sword Boomerang","Reckless Charge"],"picked":"SKIP","floor":13}],"player_experience":77243,"relics_obtained":[{"floor":9,"key":"Blood Vial"},{"floor":11,"key":"Pen Nib"}],"event_choices":[{"damage_healed":0,"gold_gain":0,"cards_transformed":["Bash"],"player_choice":"Change","damage_taken":0,"max_hp_gain":0,"max_hp_loss":0,"event_name":"Living Wall","floor":2,"gold_loss":0,"cards_obtained":["Entrench"]},{"cards_removed":["Strike_R"],"damage_healed":0,"gold_gain":0,"player_choice":"Card Removal","damage_taken":0,"max_hp_gain":0,"max_hp_loss":0,"event_name":"The Cleric","floor":5,"gold_loss":50},{"damage_healed":0,"gold_gain":0,"player_choice":"Forge","damage_taken":0,"max_hp_gain":0,"max_hp_loss":0,"event_name":"Accursed Blacksmith","floor":7,"gold_loss":0,"cards_upgraded":["Entrench"]},{"damage_healed":0,"gold_gain":0,"player_choice":"Lose Max HP","damage_taken":0,"relics_obtained":["Golden Idol"],"max_hp_gain":0,"max_hp_loss":6,"event_name":"Golden Idol","floor":14,"gold_loss":0}],"is_beta":false,"boss_relics":[],"items_purged_floors":[],"is_endless":false,"potions_floor_spawned":[4,10],"killed_by":"Hexaghost","ascension_level":3}