{"gold_per_floor":[111,111,111,128,139,171,171,198,198,231,231,249,249,266,266,367,367,387,111,111,131,131,162,162,190,271,306,306,317,317,317,317,317],"floor_reached":33,"playtime":1169,"items_purged":[],"score":435,"play_id":"ab0ede84-6957-448d-adbd-00e4e20780c4","local_time":"20180922000458","is_ascension_mode":true,"campfire_choices":[{"floor":7,"key":"REST"},{"floor":11,"key":"REST"},{"data":"Defragment","floor":13,"key":"SMITH"},{"floor":15,"key":"REST"},{"floor":24,"key":"REST"},{"floor":32,"key":"DIG"}],"neow_cost":"NONE","seed_source_timestamp":641155133664892,"circlet_count":0,"master_deck":["Defend_B","Defend_B","Defend_B","Zap+1","Dualcast","Hologram","Streamline","Redo","Ball Lightning","Go for the Eyes","Doom and Gloom","Defragment+1","Self Repair","Ball Lightning","All For One","Gash+1","Go for the Eyes","Bite","Bite","Bite","Bite","Bite","Ball Lightning+1","Auto Shields","Auto Shields","Sweeping Beam","RitualDagger","Machine Learning","Shame"],"relics":["Cracked Core","NeowsBlessing","Lantern","Pear","Potion Belt","Runic Pyramid","Ornamental Fan","Mango","Shovel","Sundial","Singing Bowl","Unceasing Top","Bag of Preparation","StoneCalendar"],"potions_floor_usage":[8,16,16,25,27,27,29],"damage_taken":[{"damage":0,"enemies":"Small Slimes","floor":1,"turns":1},{"damage":0,"enemies":"2 Louse","floor":4,"turns":1},{"damage":0,"enemies":"Cultist","floor":5,"turns":1},{"damage":27,"enemies":"Lagavulin","floor":6,"turns":5},{"damage":30,"enemies":"3 Sentries","floor":8,"turns":5},{"damage":25,"enemies":"Lagavulin","floor":10,"turns":5},{"damage":6,"enemies":"Blue Slaver","floor":12,"turns":2},{"damage":6,"enemies":"Red Slaver","floor":14,"turns":2},{"damage":35,"enemies":"Hexaghost","floor":16,"turns":6},{"damage":9,"enemies":"Chosen","floor":18,"turns":3},{"damage":25,"enemies":"Shell Parasite","floor":21,"turns":4},{"damage":47,"enemies":"Book of Stabbing","floor":23,"turns":5},{"damage":24,"enemies":"Gremlin Leader","floor":25,"turns":6},{"damage":19,"enemies":"Book of Stabbing","floor":27,"turns":4},{"damage":22,"enemies":"3 Cultists","floor":29,"turns":5},{"damage":68,"enemies":"Champ","floor":33,"turns":10}],"seed_played":"5510648952209528061","potions_obtained":[{"floor":1,"key":"Ancient Potion"},{"floor":5,"key":"FocusPotion"},{"floor":8,"key":"LiquidBronze"},{"floor":14,"key":"LiquidBronze"},{"floor":18,"key":"SneckoOil"},{"floor":23,"key":"PowerPotion"},{"floor":25,"key":"LiquidBronze"},{"floor":27,"key":"Energy Potion"}],"is_trial":false,"path_per_floor":["M","?","?","M","M","E","R","E","T","E","R","M","R","M","R","B",null,"M","$","?","M","?","E","R","E","T","E","?","M","?","T","R"],"character_chosen":"DEFECT","items_purchased":["Go for the Eyes","Ornamental Fan"],"campfire_rested":4,"item_purchase_floors":[19,19],"current_hp_per_floor":[75,75,75,75,75,48,70,50,50,25,50,46,46,42,67,41,85,83,83,83,62,62,48,77,66,66,51,45,38,38,38,38,0],"gold":317,"neow_bonus":"THREE_ENEMY_KILL","is_prod":false,"is_daily":false,"chose_seed":false,"campfire_upgraded":1,"win_rate":0,"timestamp":1537589098,"path_taken":["M","?","?","?","M","E","R","E","T","E","R","M","R","M","R","BOSS","M","$","?","M","?","E","R","E","T","E","?","M","?","?","R","BOSS"],"build_version":"2018-09-20","purchased_purges":0,"victory":false,"max_hp_per_floor":[75,75,75,75,75,75,75,85,85,85,85,85,85,85,85,85,85,85,85,85,85,85,99,99,99,99,99,99,99,99,99,99,99],"card_choices":[{"not_picked":["Scrape","Compile Driver"],"picked":"Hologram","floor":1},{"not_picked":["Steam","Beam Cell"],"picked":"Redo","floor":4},{"not_picked":["Compile Driver","Hologram"],"picked":"Ball Lightning","floor":5},{"not_picked":["Coolheaded","Melter"],"picked":"Go for the Eyes","floor":6},{"not_picked":["Steam","Hyperbeam"],"picked":"Doom and Gloom","floor":8},{"not_picked":["Ball Lightning","Sunder"],"picked":"Defragment","floor":10},{"not_picked":["Hologram","Static Discharge"],"picked":"Self Repair","floor":12},{"not_picked":["Turbo","Redo"],"picked":"Ball Lightning","floor":14},{"not_picked":["Meteor Strike","Amplify"],"picked":"All For One","floor":16},{"not_picked":["Capacitor","Beam Cell"],"picked":"Gash+1","floor":18},{"not_picked":["Darkness","Coolheaded"],"picked":"Ball Lightning+1","floor":21},{"not_picked":["Scrape","Stack"],"picked":"Auto Shields","floor":23},{"not_picked":["Cold Snap","Coolheaded"],"picked":"Auto Shields","floor":25},{"not_picked":["Streamline","Consume"],"picked":"Sweeping Beam","floor":27},{"not_picked":["Glacier","Compile Driver+1"],"picked":"Machine Learning","floor":29}],"player_experience":172626,"relics_obtained":[{"floor":6,"key":"Lantern"},{"floor":8,"key":"Pear"},{"floor":9,"key":"Potion Belt"},{"floor":10,"key":"Blood Vial"},{"floor":23,"key":"Mango"},{"floor":25,"key":"Shovel"},{"floor":26,"key":"Sundial"},{"floor":27,"key":"Singing Bowl"},{"floor":31,"key":"Bag of Preparation"},{"floor":32,"key":"StoneCalendar"}],"event_choices":[{"event_name":"Living Wall","player_choice":"Change","floor":2,"damage_taken":0},{"event_name":"Upgrade Shrine","player_choice":"Upgraded","floor":3,"damage_taken":0},{"event_name":"Vampires","player_choice":"Became a vampire (Vial)","floor":20,"damage_taken":0},{"event_name":"Beggar","player_choice":"Ignored","floor":22,"damage_taken":0},{"event_name":"Nest","player_choice":"Joined the Cult","floor":28,"damage_taken":0},{"event_name":"Addict","player_choice":"Stole Relic","floor":30,"damage_taken":0}],"is_beta":false,"boss_relics":[{"not_picked":["FrozenCore","Cursed Key"],"picked":"Runic Pyramid"}],"items_purged_floors":[],"is_endless":false,"potions_floor_spawned":[1,5,8,14,18,23,25,27],"killed_by":"Champ","ascension_level":4}