{"path_per_floor":["M","?","M","$","?","R","E","R","T","R","E","?","?","M","R","B",null,"M","?","$","M","M","R","M","?","T","?","$","?","E","M","R","B",null,"M","M","M","$"],"character_chosen":"THE_SILENT","items_purchased":["Thread and Needle","Centennial Puzzle"],"gold_per_floor":[111,111,124,124,124,124,153,153,153,153,179,179,179,197,197,327,327,340,340,45,64,80,80,101,101,101,101,101,26,69,89,89,219,219,239,254,277,37],"floor_reached":39,"campfire_rested":5,"playtime":2069,"current_hp_per_floor":[70,70,63,63,49,70,53,70,70,70,50,47,47,38,59,5,70,44,44,44,22,35,56,55,55,55,55,55,55,49,52,70,31,70,70,56,49,49],"items_purged":[],"gold":37,"score":382,"play_id":"20148d94-ad5f-45b8-8ffb-8c97716c4cb6","is_prod":false,"is_daily":false,"is_ascension_mode":false,"campfire_upgraded":1,"path_taken":["M","?","M","$","?","R","E","R","T","R","E","?","?","M","R","BOSS","M","?","$","M","M","R","M","?","T","?","$","?","E","M","R","BOSS","M","M","M","$","M"],"build_version":"2018-02-08-PROD1","purchased_purges":0,"victory":false,"master_deck":["Defend_G+1","Defend_G+1","Defend_G+1","Defend_G+1","Defend_G+1","Strike_G+1","Strike_G+1","Strike_G+1","Strike_G+1","Strike_G+1","Survivor","Neutralize","Caltrops+1","Deadly Poison+1","Dagger Spray","Well Laid Plans","Poisoned Stab","Crippling Poison","Injury","Outmaneuver","Deflect","Die Die Die","Deadly Poison","Finisher","Dagger Spray","Outmaneuver","Noxious Fumes","Poisoned Stab","Infinite Blades","Endless Agony+1","Flying Knee","After Image","Slice","All Out Attack","Outmaneuver+1"],"max_hp_per_floor":[70,70,70,70,70,70,70,70,70,70,70,70,70,70,70,70,70,70,70,70,70,70,70,70,70,70,70,70,70,70,70,70,70,70,70,70,70,70],"relics":["Ring of the Snake","Dream Catcher","Ornamental Fan","Bottled Tornado","Unceasing Top","Juzu Bracelet","Golden Idol","Lizard Tail","Thread and Needle","Tough Bandages","Ginger","Bird Faced Urn","Sozu","Centennial Puzzle"],"card_choices":[{"not_picked":["Deflect","Flechettes"],"picked":"Caltrops"},{"not_picked":["Footwork","Outmaneuver"],"picked":"Deadly Poison"},{"not_picked":["Outmaneuver","Backflip"],"picked":"Dagger Spray"},{"not_picked":["Outmaneuver","Quick Slash"],"picked":"Well Laid Plans"},{"not_picked":["Bane","Deadly Poison"],"picked":"Poisoned Stab"},{"not_picked":["Bullet Time","Slice"],"picked":"Crippling Poison"},{"not_picked":["Dodge and Roll","Calculated Gamble"],"picked":"Outmaneuver"},{"not_picked":["Choke","Dagger Throw"],"picked":"Deflect"},{"not_picked":["Burst","Unload"],"picked":"Die Die Die"},{"not_picked":["Dagger Spray","Underhanded Strike"],"picked":"Deadly Poison"},{"not_picked":["Calculated Gamble","Masterful Stab"],"picked":"Dagger Spray"},{"not_picked":["Backflip","Malaise"],"picked":"Outmaneuver"},{"not_picked":["Bane","Quick Slash"],"picked":"Noxious Fumes"},{"not_picked":["Reflex","Acrobatics"],"picked":"Poisoned Stab"},{"not_picked":["Slice","Bullet Time"],"picked":"Infinite Blades"},{"not_picked":["Well Laid Plans","Deadly Poison"],"picked":"Endless Agony"},{"not_picked":["Backflip","Skewer"],"picked":"Flying Knee"},{"not_picked":["Corpse Explosion","Night Terror"],"picked":"After Image"},{"not_picked":["Deadly Poison","Underhanded Strike"],"picked":"Slice"},{"not_picked":["Crippling Poison","PiercingWail"],"picked":"All Out Attack"},{"not_picked":["Poisoned Stab","Slice"],"picked":"Outmaneuver"}],"player_experience":26514,"potions_floor_usage":[7,16,18,30,33],"damage_taken":[{"damage":0,"enemies":"2 Louse","floor":1,"turns":3},{"damage":7,"enemies":"Small Slimes","floor":3,"turns":5},{"damage":17,"enemies":"3 Sentries","floor":7,"turns":8},{"damage":20,"enemies":"Gremlin Nob","floor":11,"turns":4},{"damage":9,"enemies":"Jaw Worm","floor":14,"turns":2},{"damage":54,"enemies":"Slime Boss","floor":16,"turns":14},{"damage":26,"enemies":"Chosen","floor":18,"turns":4},{"damage":22,"enemies":"2 Thieves","floor":21,"turns":5},{"damage":25,"enemies":"Snecko","floor":22,"turns":7},{"damage":1,"enemies":"Cultist and Chosen","floor":24,"turns":7},{"damage":6,"enemies":"Book of Stabbing","floor":30,"turns":5},{"damage":5,"enemies":"Centurion and Healer","floor":31,"turns":9},{"damage":43,"enemies":"Collector","floor":33,"turns":9},{"damage":0,"enemies":"Orb Walker","floor":35,"turns":4},{"damage":14,"enemies":"3 Darklings","floor":36,"turns":4},{"damage":17,"enemies":"Maw","floor":37,"turns":7},{"damage":58,"enemies":"4 Shapes","floor":39,"turns":5}],"event_choices":[{"event_name":"Golden Wing","player_choice":"Ignored","floor":2,"damage_taken":0},{"event_name":"Shining Light","player_choice":"Entered Light","floor":5,"damage_taken":0},{"event_name":"Scrap Ooze","player_choice":"success","floor":12,"damage_taken":3},{"event_name":"Golden Idol","player_choice":"Take Wound","floor":13,"damage_taken":0},{"event_name":"Match and Keep!","player_choice":"1 cards matched","floor":19,"damage_taken":0},{"event_name":"The Mausoleum","player_choice":"Yes","floor":25,"damage_taken":0},{"event_name":"Back to Basics","player_choice":"Simplicity","floor":27,"damage_taken":0},{"event_name":"Beggar","player_choice":"Gave Gold","floor":29,"damage_taken":0}],"boss_relics":[{"not_picked":["Runic Dome","Ectoplasm"],"picked":"Lizard Tail"},{"not_picked":["Philosopher\u0027s Stone","Calling Bell"],"picked":"Sozu"}],"potions_floor_spawned":[3,11,16,22,24,31],"seed_played":"-573724485577239386","killed_by":"4 Shapes","ascension_level":0,"is_trial":false}