{"gold_per_floor":[114,182,182,192,202,236,254,271,271,289,289,300,375,406,406,501,501,518,531,531],"floor_reached":20,"playtime":1046,"items_purged":[],"score":291,"play_id":"b5c2a425-c3dc-428e-b786-8889a53c7519","local_time":"20190621154054","is_ascension_mode":true,"campfire_choices":[{"floor":11.0,"key":"REST"},{"floor":15.0,"key":"REST"}],"neow_cost":"NONE","seed_source_timestamp":820474583458554,"circlet_count":0,"master_deck":["AscendersBane","Bash","Shrug It Off","Armaments","Clothesline","Hemokinesis","Headbutt","True Grit","Armaments","Armaments","Pommel Strike","Juggernaut","Ghostly Armor","Feel No Pain","Clothesline","Sword Boomerang","Iron Wave","Sword Boomerang","Barricade","Brutality","Havoc+1","Corruption"],"special_seed":0,"relics":["Burning Blood","StoneCalendar","Oddly Smooth Stone","Orichalcum","Pandora\u0027s Box"],"potions_floor_usage":[20],"damage_taken":[{"damage":12.0,"enemies":"Small Slimes","floor":1.0,"turns":4.0},{"damage":0.0,"enemies":"Cultist","floor":4.0,"turns":4.0},{"damage":7.0,"enemies":"Jaw Worm","floor":5.0,"turns":4.0},{"damage":35.0,"enemies":"Gremlin Nob","floor":6.0,"turns":5.0},{"damage":32.0,"enemies":"Gremlin Gang","floor":7.0,"turns":5.0},{"damage":6.0,"enemies":"Looter","floor":8.0,"turns":3.0},{"damage":6.0,"enemies":"3 Louse","floor":10.0,"turns":7.0},{"damage":4.0,"enemies":"2 Fungi Beasts","floor":12.0,"turns":4.0},{"damage":33.0,"enemies":"3 Sentries","floor":14.0,"turns":7.0},{"damage":5.0,"enemies":"Slime Boss","floor":16.0,"turns":7.0},{"damage":31.0,"enemies":"Shell Parasite","floor":18.0,"turns":7.0},{"damage":40.0,"enemies":"3 Byrds","floor":19.0,"turns":7.0},{"damage":13,"enemies":"Cultist and Chosen","floor":20,"turns":4}],"seed_played":"3282049470107788226","potions_obtained":[{"floor":4.0,"key":"GamblersBrew"},{"floor":7.0,"key":"PowerPotion"},{"floor":10.0,"key":"PowerPotion"},{"floor":14.0,"key":"SpeedPotion"},{"floor":16.0,"key":"SkillPotion"},{"floor":18.0,"key":"Ancient Potion"}],"is_trial":false,"path_per_floor":["M","?","?","M","M","E","M","M","T","M","R","M","?","E","R","B",null,"M","M","M"],"character_chosen":"IRONCLAD","items_purchased":[],"campfire_rested":2,"item_purchase_floors":[],"current_hp_per_floor":[66,66,80,80,79,50,24,24,24,24,48,50,42,15,39,40,70,45,11,0],"gold":531,"neow_bonus":"TRANSFORM_CARD","is_prod":false,"is_daily":false,"chose_seed":false,"campfire_upgraded":0,"win_rate":0,"timestamp":1561146054,"path_taken":["M","?","?","M","M","E","?","M","T","M","R","M","?","E","R","BOSS","M","M","?"],"build_version":"2019-01-23","purchased_purges":0,"victory":false,"max_hp_per_floor":[80,80,80,80,80,80,80,80,80,80,80,80,80,80,80,80,80,80,80,80],"card_choices":[{"not_picked":["Anger","Flex"],"picked":"Shrug It Off","floor":1.0},{"not_picked":["Dual Wield","Uppercut"],"picked":"Armaments","floor":4.0},{"not_picked":["Havoc","Bloodletting"],"picked":"Clothesline","floor":5.0},{"not_picked":["Disarm","Burning Pact"],"picked":"Hemokinesis","floor":6.0},{"not_picked":["Intimidate","Havoc"],"picked":"Headbutt","floor":7.0},{"not_picked":["Ghostly Armor","Entrench"],"picked":"True Grit","floor":8.0},{"not_picked":["Feel No Pain","Shrug It Off"],"picked":"Armaments","floor":10.0},{"not_picked":["Havoc","Wild Strike"],"picked":"Armaments","floor":12.0},{"not_picked":["Hemokinesis","Headbutt"],"picked":"Pommel Strike","floor":14.0},{"not_picked":["Dark Embrace","Barricade"],"picked":"Juggernaut","floor":16.0},{"not_picked":["Pommel Strike","Warcry"],"picked":"Havoc+1","floor":18.0},{"not_picked":["Havoc","Shrug It Off"],"picked":"Corruption","floor":19.0}],"player_experience":851108,"relics_obtained":[{"floor":6.0,"key":"StoneCalendar"},{"floor":9.0,"key":"Oddly Smooth Stone"},{"floor":14.0,"key":"Orichalcum"}],"event_choices":[{"damage_healed":0.0,"max_hp_gain":0.0,"max_hp_loss":0.0,"gold_gain":68.0,"event_name":"Golden Wing","player_choice":"Gained Gold","floor":2.0,"gold_loss":0.0,"damage_taken":0.0},{"cards_removed":["Blood for Blood"],"damage_healed":14.0,"max_hp_gain":0.0,"max_hp_loss":0.0,"gold_gain":0.0,"event_name":"Bonfire Elementals","player_choice":"Offered Uncommon","floor":3.0,"gold_loss":0.0,"damage_taken":0.0},{"damage_healed":0.0,"max_hp_gain":0.0,"max_hp_loss":0.0,"gold_gain":75.0,"event_name":"FaceTrader","player_choice":"Touch","floor":13.0,"gold_loss":0.0,"damage_taken":8.0}],"is_beta":false,"boss_relics":[{"not_picked":["Coffee Dripper","Runic Pyramid"],"picked":"Pandora\u0027s Box"}],"items_purged_floors":[],"is_endless":false,"potions_floor_spawned":[4,7,10,14,16,18],"killed_by":"Cultist and Chosen","ascension_level":11}