{"gold_per_floor":[116,135,149,162,217,217,233,268,268,282,296,296,330,330],"floor_reached":14,"playtime":522,"items_purged":[],"score":182,"play_id":"0f1f1a15-4254-4104-98d2-983193ba2b21","local_time":"20190509160001","is_ascension_mode":true,"campfire_choices":[{"floor":6.0,"key":"REST"},{"floor":12.0,"key":"REST"}],"neow_cost":"PERCENT_DAMAGE","seed_source_timestamp":684337434467158,"circlet_count":0,"master_deck":["AscendersBane","Defend_G","Defend_G","Defend_G","Defend_G","Defend_G","Strike_G","Strike_G","Strike_G","Strike_G","Strike_G","Survivor","Neutralize","Die Die Die","Cloak And Dagger","Poisoned Stab","Backflip","A Thousand Cuts","Dagger Throw","Cloak And Dagger","Sucker Punch","Footwork"],"special_seed":0,"relics":["Ring of the Snake","Art of War","Bag of Marbles","Pantograph","Peace Pipe"],"potions_floor_usage":[],"damage_taken":[{"damage":5.0,"enemies":"Cultist","floor":1.0,"turns":5.0},{"damage":8.0,"enemies":"Jaw Worm","floor":2.0,"turns":7.0},{"damage":2.0,"enemies":"2 Louse","floor":3.0,"turns":2.0},{"damage":15.0,"enemies":"2 Fungi Beasts","floor":4.0,"turns":3.0},{"damage":6.0,"enemies":"Red Slaver","floor":7.0,"turns":5.0},{"damage":29.0,"enemies":"Lagavulin","floor":8.0,"turns":8.0},{"damage":11.0,"enemies":"Lots of Slimes","floor":10.0,"turns":2.0},{"damage":0.0,"enemies":"2 Fungi Beasts","floor":11.0,"turns":1.0},{"damage":20.0,"enemies":"Gremlin Nob","floor":13.0,"turns":4.0},{"damage":0,"enemies":"Exordium Wildlife","floor":14,"turns":1}],"seed_played":"1951386530323810522","potions_obtained":[{"floor":1.0,"key":"Energy Potion"},{"floor":4.0,"key":"Regen Potion"},{"floor":8.0,"key":"GamblersBrew"}],"is_trial":false,"path_per_floor":["M","M","M","M","T","R","M","E","T","M","M","R","E","M"],"character_chosen":"THE_SILENT","items_purchased":[],"campfire_rested":2,"item_purchase_floors":[],"current_hp_per_floor":[39,31,29,14,14,33,27,13,13,2,2,21,1,1],"gold":330,"neow_bonus":"THREE_RARE_CARDS","is_prod":false,"is_daily":false,"chose_seed":false,"campfire_upgraded":0,"win_rate":0,"timestamp":1557432001,"path_taken":["M","M","M","M","?","R","M","E","T","M","?","R","E","M"],"build_version":"2019-01-23","purchased_purges":0,"victory":false,"max_hp_per_floor":[66,66,66,66,66,66,66,66,66,66,66,66,66,66],"card_choices":[{"not_picked":["Doppelganger","Grand Finale"],"picked":"Die Die Die","floor":0.0},{"not_picked":["Reflex","Slice","Sucker Punch"],"picked":"SKIP","floor":1.0},{"not_picked":["Deflect","Accuracy"],"picked":"Cloak And Dagger","floor":2.0},{"not_picked":["Dagger Spray","Backflip"],"picked":"Poisoned Stab","floor":3.0},{"not_picked":["Underhanded Strike","Acrobatics"],"picked":"Backflip","floor":4.0},{"not_picked":["Poisoned Stab","Acrobatics"],"picked":"A Thousand Cuts","floor":7.0},{"not_picked":["Backflip","A Thousand Cuts"],"picked":"Dagger Throw","floor":8.0},{"not_picked":["Acrobatics","Prepared"],"picked":"Cloak And Dagger","floor":10.0},{"not_picked":["Poisoned Stab","Blade Dance"],"picked":"Sucker Punch","floor":11.0},{"not_picked":["Endless Agony","PiercingWail"],"picked":"Footwork","floor":13.0}],"player_experience":510565,"relics_obtained":[{"floor":5.0,"key":"Art of War"},{"floor":8.0,"key":"Bag of Marbles"},{"floor":9.0,"key":"Pantograph"},{"floor":13.0,"key":"Peace Pipe"}],"event_choices":[],"is_beta":false,"boss_relics":[],"items_purged_floors":[],"is_endless":false,"potions_floor_spawned":[1,4,7,8],"killed_by":"Exordium Wildlife","ascension_level":15}