{"gold_per_floor":[119,119,136,153,153,153,183,258,284,308,341,341,341,354,354,449,449,465,236,217,117,133,133,158,158,158,158,187,213,213,233,233,331,331,342,60,113,129,129,163,163,163,163,175,188,35,35,45,45,45],"floor_reached":51,"playtime":80455,"items_purged":["Strike_B","Strike_B"],"score":1041,"play_id":"b09aa2a8-d532-4e3c-953f-661886ff002b","local_time":"20190517162511","is_ascension_mode":true,"campfire_choices":[{"data":"Zap","floor":6,"key":"SMITH"},{"floor":12,"key":"REST"},{"data":"Consume","floor":15,"key":"SMITH"},{"floor":23,"key":"REST"},{"floor":27,"key":"REST"},{"floor":30,"key":"REST"},{"floor":32,"key":"REST"},{"floor":42,"key":"REST"},{"floor":49,"key":"REST"}],"neow_cost":"NONE","seed_source_timestamp":136207107807222,"circlet_count":0,"master_deck":["Strike_B+1","Strike_B+1","Defend_B+1","Defend_B+1","Defend_B+1","Zap+1","Dualcast+1","Compile Driver+1","Chill+1","Glacier+1","Consume+1","Cold Snap+1","Hello World+1","Echo Form+1","Coolheaded+1","Coolheaded+1","Necronomicurse","White Noise+1","Heatsinks+1","Loop+1","Creative AI+1","Go for the Eyes+1","Self Repair+1","Cold Snap+1","Skim+1","Blizzard+1","Pain","Glacier+1","Redo+1","Seek+1"],"relics":["Cracked Core","Cables","Shuriken","Bronze Scales","Bag of Marbles","Juzu Bracelet","Potion Belt","Mercury Hourglass","Philosopher\u0027s Stone","DataDisk","Pen Nib","Necronomicon","Blood Vial","Ancient Tea Set","Red Mask","Cursed Key","Gremlin Horn","FossilizedHelix","Regal Pillow","Pantograph","Mark of the Bloom"],"potions_floor_usage":[11,29,29,33,33,38,45,50],"damage_taken":[{"damage":2,"enemies":"Small Slimes","floor":1,"turns":3},{"damage":1,"enemies":"Cultist","floor":3,"turns":3},{"damage":2,"enemies":"Jaw Worm","floor":4,"turns":3},{"damage":13,"enemies":"3 Sentries","floor":7,"turns":9},{"damage":16,"enemies":"Gremlin Nob","floor":11,"turns":4},{"damage":9,"enemies":"Blue Slaver","floor":14,"turns":2},{"damage":0,"enemies":"The Guardian","floor":16,"turns":8},{"damage":19,"enemies":"3 Byrds","floor":18,"turns":3},{"damage":7,"enemies":"2 Thieves","floor":20,"turns":4},{"damage":24,"enemies":"Snake Plant","floor":22,"turns":4},{"damage":17,"enemies":"Book of Stabbing","floor":24,"turns":5},{"damage":9,"enemies":"Gremlin Leader","floor":28,"turns":6},{"damage":27,"enemies":"Masked Bandits","floor":29,"turns":4},{"damage":13,"enemies":"Shelled Parasite and Fungi","floor":31,"turns":4},{"damage":14,"enemies":"Champ","floor":33,"turns":11},{"damage":16,"enemies":"3 Darklings","floor":35,"turns":4},{"damage":41,"enemies":"2 Orb Walkers","floor":37,"turns":4},{"damage":0,"enemies":"3 Shapes","floor":38,"turns":4},{"damage":0,"enemies":"Reptomancer","floor":40,"turns":8},{"damage":16,"enemies":"Maw","floor":44,"turns":7},{"damage":11,"enemies":"Spire Growth","floor":45,"turns":7},{"damage":6,"enemies":"Sphere and 2 Shapes","floor":48,"turns":4},{"damage":55,"enemies":"Time Eater","floor":50,"turns":14}],"seed_played":"-593160854668607397","potions_obtained":[{"floor":4,"key":"FearPotion"},{"floor":11,"key":"Swift Potion"},{"floor":14,"key":"Swift Potion"},{"floor":16,"key":"Swift Potion"},{"floor":20,"key":"FairyPotion"},{"floor":29,"key":"SpeedPotion"},{"floor":31,"key":"SteroidPotion"},{"floor":33,"key":"SpeedPotion"},{"floor":35,"key":"Swift Potion"},{"floor":40,"key":"Swift Potion"},{"floor":41,"key":"EntropicBrew"},{"floor":45,"key":"AttackPotion"}],"is_trial":false,"path_per_floor":["M","?","M","M","T","R","E","?","T","T","E","R","?","M","R","B",null,"M","$","M","$","M","R","E","?","T","R","E","?","R","M","R","B",null,"M","$","?","M","?","E","?","R","T","M","M","$","?","M","R","B",null],"character_chosen":"DEFECT","items_purchased":["DataDisk","Gremlin Horn","Self Repair","Seek"],"campfire_rested":7,"item_purchase_floors":[19,36,36,46],"current_hp_per_floor":[73,73,72,70,70,70,57,46,46,46,30,54,42,33,33,33,70,51,51,44,44,20,44,27,11,11,35,28,3,27,16,40,28,69,55,55,16,25,25,34,34,73,73,66,64,64,64,58,58,3],"gold":45,"neow_bonus":"TEN_PERCENT_HP_BONUS","is_prod":false,"is_daily":false,"chose_seed":false,"campfire_upgraded":2,"win_rate":0,"timestamp":1558124711,"path_taken":["M","?","?","M","?","R","E","?","T","?","E","R","?","M","R","BOSS","M","$","M","$","M","R","E","?","T","R","E","?","R","M","R","BOSS","M","$","?","M","?","E","?","R","T","M","M","$","?","M","R","BOSS"],"build_version":"2019-01-23","purchased_purges":2,"victory":true,"max_hp_per_floor":[82,82,82,82,82,82,82,82,82,82,82,82,82,82,82,82,82,82,82,82,82,82,82,82,82,82,82,82,82,82,82,82,82,82,82,82,82,82,82,82,82,82,82,82,82,82,82,82,82,82],"card_choices":[{"not_picked":["Leap","BootSequence"],"picked":"Compile Driver","floor":1},{"not_picked":["Force Field","Redo"],"picked":"Chill","floor":3},{"not_picked":["Hologram","Steam"],"picked":"Glacier","floor":4},{"not_picked":["Lockon","Fusion"],"picked":"Consume","floor":7},{"not_picked":["Undo","Genetic Algorithm"],"picked":"Cold Snap","floor":11},{"not_picked":["Blizzard","Cold Snap"],"picked":"Hello World","floor":14},{"not_picked":["Hyperbeam","Buffer"],"picked":"Echo Form","floor":16},{"not_picked":["Redo","Glacier"],"picked":"Coolheaded","floor":18},{"not_picked":["Steam","Leap","Redo"],"picked":"SKIP","floor":20},{"not_picked":["Streamline+1","Aggregate","Turbo"],"picked":"SKIP","floor":22},{"not_picked":["Double Energy","Conserve Battery"],"picked":"Coolheaded","floor":24},{"not_picked":["Redo","Defragment"],"picked":"White Noise+1","floor":28},{"not_picked":["Hello World+1","Rebound+1"],"picked":"Heatsinks","floor":29},{"not_picked":["Cold Snap","Sweeping Beam"],"picked":"Loop+1","floor":31},{"not_picked":["Thunder Strike","Hyperbeam"],"picked":"Creative AI","floor":33},{"not_picked":["Redo","Hologram"],"picked":"Go for the Eyes","floor":35},{"not_picked":["Reinforced Body+1","Coolheaded"],"picked":"Cold Snap","floor":37},{"not_picked":["Ball Lightning+1","Beam Cell+1"],"picked":"Skim","floor":38},{"not_picked":["Conserve Battery","Streamline"],"picked":"Blizzard+1","floor":40},{"not_picked":["Beam Cell+1","Go for the Eyes+1"],"picked":"Glacier+1","floor":44},{"not_picked":["Turbo","Chaos"],"picked":"Redo+1","floor":45},{"not_picked":["Stack","Cold Snap+1","Rip and Tear"],"picked":"SKIP","floor":48}],"player_experience":557258,"relics_obtained":[{"floor":2,"key":"Cables"},{"floor":5,"key":"Shuriken"},{"floor":7,"key":"Bronze Scales"},{"floor":9,"key":"Bag of Marbles"},{"floor":10,"key":"Juzu Bracelet"},{"floor":11,"key":"Potion Belt"},{"floor":24,"key":"Pen Nib"},{"floor":25,"key":"Necronomicon"},{"floor":26,"key":"Blood Vial"},{"floor":28,"key":"Ancient Tea Set"},{"floor":29,"key":"Red Mask"},{"floor":37,"key":"FossilizedHelix"},{"floor":40,"key":"Regal Pillow"},{"floor":43,"key":"Pantograph"}],"event_choices":[{"damage_healed":0,"gold_gain":0,"player_choice":"Relic","damage_taken":0,"max_hp_gain":0,"max_hp_loss":0,"event_name":"Wheel of Change","floor":2,"gold_loss":0},{"damage_healed":0,"gold_gain":75,"player_choice":"Gather Gold","damage_taken":11,"max_hp_gain":0,"max_hp_loss":0,"event_name":"World of Goop","floor":8,"gold_loss":0},{"damage_healed":0,"gold_gain":0,"player_choice":"Success","damage_taken":12,"relics_obtained":["Mercury Hourglass"],"max_hp_gain":0,"max_hp_loss":0,"event_name":"Scrap Ooze","floor":13,"gold_loss":0},{"damage_healed":0,"gold_gain":0,"player_choice":"Obtained Book","damage_taken":16,"max_hp_gain":0,"max_hp_loss":0,"event_name":"Cursed Tome","floor":25,"gold_loss":0},{"damage_healed":0,"gold_gain":0,"player_choice":"Fought Bandits","damage_taken":0,"max_hp_gain":0,"max_hp_loss":0,"event_name":"Masked Bandits","floor":29,"gold_loss":0},{"damage_healed":0,"gold_gain":0,"player_choice":"Fight","damage_taken":0,"max_hp_gain":0,"max_hp_loss":0,"event_name":"Mysterious Sphere","floor":37,"gold_loss":0},{"cards_removed":["Defend_B"],"damage_healed":0,"gold_gain":0,"player_choice":"Removed Skill","damage_taken":0,"max_hp_gain":0,"max_hp_loss":0,"event_name":"Falling","floor":39,"gold_loss":0},{"damage_healed":0,"gold_gain":0,"player_choice":"Got Potions","damage_taken":0,"max_hp_gain":0,"max_hp_loss":0,"event_name":"Lab","floor":41,"gold_loss":0},{"damage_healed":0,"gold_gain":0,"player_choice":"Upgrade","damage_taken":0,"relics_obtained":["Mark of the Bloom"],"max_hp_gain":0,"max_hp_loss":0,"event_name":"MindBloom","floor":47,"gold_loss":0,"cards_upgraded":["Strike_B","Strike_B","Defend_B","Defend_B","Defend_B","Dualcast","Compile Driver","Chill","Glacier","Cold Snap","Hello World","Echo Form","Coolheaded","Coolheaded","Heatsinks","Creative AI","Go for the Eyes","Self Repair","Cold Snap","Skim","Seek"]}],"is_beta":false,"boss_relics":[{"not_picked":["Orrery","Snecko Eye"],"picked":"Philosopher\u0027s Stone"},{"not_picked":["White Beast Statue","Fusion Hammer"],"picked":"Cursed Key"}],"items_purged_floors":[19,21],"is_endless":false,"potions_floor_spawned":[4,11,14,16,20,29,31,33,35,40,45],"ascension_level":7}