{"gold_per_floor":[110,110,123,88,101,133,97,97,97,122,122,139,151,183,183,282,282,302,319,57,57,77,77],"floor_reached":23,"playtime":1571,"items_purged":[],"score":338,"play_id":"34de216d-e801-44a0-82a9-fd742cc840b9","local_time":"20190321222934","is_ascension_mode":true,"campfire_choices":[{"floor":8,"key":"REST"},{"floor":11,"key":"REST"},{"floor":15,"key":"REST"}],"neow_cost":"NONE","seed_source_timestamp":709783136400847,"circlet_count":0,"master_deck":["AscendersBane","Defend_G","Defend_G","Defend_G","Defend_G","Defend_G","Strike_G","Strike_G","Strike_G","Strike_G","Survivor","Neutralize","Footwork","Heel Hook","Cloak And Dagger","Cloak And Dagger","Dagger Spray","Terror","Dagger Spray","Acrobatics","Predator","Envenom","Cloak And Dagger+1","PiercingWail+1"],"relics":["Ring of the Snake","Smiling Mask","Ninja Scroll","Letter Opener","Bottled Flame","Runic Dome","Toxic Egg 2","Nloth\u0027s Gift"],"potions_floor_usage":[6,14,14,16,16,16,23],"damage_taken":[{"damage":1,"enemies":"Small Slimes","floor":1,"turns":5},{"damage":0,"enemies":"Cultist","floor":3,"turns":5},{"damage":0,"enemies":"Jaw Worm","floor":5,"turns":7},{"damage":33,"enemies":"Lagavulin","floor":6,"turns":12},{"damage":24,"enemies":"Gremlin Nob","floor":10,"turns":4},{"damage":0,"enemies":"Red Slaver","floor":12,"turns":2},{"damage":0,"enemies":"Blue Slaver","floor":13,"turns":2},{"damage":38,"enemies":"Lagavulin","floor":14,"turns":8},{"damage":10,"enemies":"The Guardian","floor":16,"turns":15},{"damage":6,"enemies":"Chosen","floor":18,"turns":4},{"damage":1,"enemies":"3 Byrds","floor":19,"turns":5},{"damage":18,"enemies":"Snake Plant","floor":22,"turns":5},{"damage":36,"enemies":"Slavers","floor":23,"turns":3}],"seed_played":"-235580679972705589","potions_obtained":[{"floor":1,"key":"Explosive Potion"},{"floor":5,"key":"GhostInAJar"},{"floor":10,"key":"EssenceOfSteel"},{"floor":14,"key":"EntropicBrew"},{"floor":16,"key":"Weak Potion"},{"floor":22,"key":"AttackPotion"}],"is_trial":false,"path_per_floor":["M","?","M","?","M","E","$","R","T","E","R","M","M","E","R","B",null,"M","M","$","?","M","E"],"character_chosen":"THE_SILENT","items_purchased":["Terror","Toxic Egg 2","Cloak And Dagger+1"],"campfire_rested":3,"item_purchase_floors":[7,20,20],"current_hp_per_floor":[62,62,62,70,70,37,37,58,58,34,55,55,55,17,38,28,60,54,53,53,53,35,0],"gold":77,"neow_bonus":"RANDOM_COMMON_RELIC","is_prod":false,"is_daily":false,"chose_seed":false,"campfire_upgraded":0,"win_rate":0,"timestamp":1553221774,"path_taken":["M","?","?","?","M","E","$","R","T","E","R","M","M","E","R","BOSS","M","M","$","?","M","E"],"build_version":"2019-01-23","purchased_purges":0,"victory":false,"max_hp_per_floor":[70,70,70,70,70,70,70,70,70,70,70,70,70,70,70,70,70,70,70,70,70,70,70],"card_choices":[{"not_picked":["Finisher","Leg Sweep"],"picked":"Footwork","floor":1},{"not_picked":["Bane","Outmaneuver"],"picked":"Cloak And Dagger","floor":3},{"not_picked":["Sucker Punch","Dodge and Roll"],"picked":"Cloak And Dagger","floor":5},{"not_picked":["Blade Dance","Expertise"],"picked":"Dagger Spray","floor":6},{"not_picked":["Bouncing Flask","Flying Knee"],"picked":"Dagger Spray","floor":10},{"not_picked":["Calculated Gamble","Dodge and Roll"],"picked":"Acrobatics","floor":12},{"not_picked":["Accuracy","Poisoned Stab"],"picked":"Predator","floor":13},{"not_picked":["Sucker Punch","Outmaneuver","Grand Finale"],"picked":"SKIP","floor":14},{"not_picked":["Corpse Explosion","Doppelganger"],"picked":"Envenom","floor":16},{"not_picked":["Deflect","Masterful Stab","Quick Slash"],"picked":"SKIP","floor":18},{"not_picked":["Underhanded Strike","Bane","Riddle With Holes"],"picked":"SKIP","floor":19},{"not_picked":["Sucker Punch","Slice"],"picked":"PiercingWail+1","floor":22}],"player_experience":227735,"relics_obtained":[{"floor":6,"key":"The Specimen"},{"floor":9,"key":"Ninja Scroll"},{"floor":10,"key":"Letter Opener"},{"floor":14,"key":"Bottled Flame"}],"event_choices":[{"damage_healed":0,"gold_gain":0,"cards_transformed":["Strike_G"],"player_choice":"Transformed","damage_taken":0,"max_hp_gain":0,"max_hp_loss":0,"event_name":"Transmorgrifier","floor":2,"gold_loss":0,"cards_obtained":["Heel Hook"]},{"damage_healed":17,"gold_gain":0,"player_choice":"Healed","damage_taken":0,"max_hp_gain":0,"max_hp_loss":0,"event_name":"The Cleric","floor":4,"gold_loss":35},{"damage_healed":0,"gold_gain":0,"player_choice":"Traded Relic","damage_taken":0,"relics_obtained":["Nloth\u0027s Gift"],"max_hp_gain":0,"max_hp_loss":0,"event_name":"N\u0027loth","floor":21,"relics_lost":["The Specimen"],"gold_loss":0}],"is_beta":false,"boss_relics":[{"not_picked":["HoveringKite","Coffee Dripper"],"picked":"Runic Dome"}],"items_purged_floors":[],"is_endless":false,"potions_floor_spawned":[1,5,10,14,16,22],"killed_by":"Slavers","ascension_level":12}