{"gold_per_floor":[109,126,137,156,156,184,197,231,231,231,249,266,266,280,280,383,383,366,379,66,165,80,80,97,97,97,0,0,16,27,27,27,129,129,146,163,176,191,203,235,235,267,267,279,22,36,36,36,36,36],"floor_reached":51,"playtime":5283,"items_purged":["Strike_B"],"score":700,"play_id":"a8a8c022-b0d6-409f-88d8-5020fca1ca54","local_time":"20190116201249","is_ascension_mode":false,"campfire_choices":[{"floor":10,"key":"REST"},{"floor":13,"key":"REST"},{"floor":15,"key":"REST"},{"floor":23,"key":"REST"},{"floor":28,"key":"REST"},{"floor":32,"key":"REST"},{"floor":41,"key":"REST"},{"data":"Auto Shields","floor":49,"key":"SMITH"}],"neow_cost":"NONE","seed_source_timestamp":659742823588803,"circlet_count":0,"master_deck":["Strike_B","Strike_B","Strike_B","Defend_B","Defend_B","Defend_B","Defend_B","Zap","Dualcast","Go for the Eyes","Leap","Redo","Static Discharge","Stack","Electrodynamics","Auto Shields+1","Stack","Sweeping Beam","Beam Cell","Fission","Steam+1","Streamline+1","Chill","Go for the Eyes","Lockon","Reinforced Body","Electrodynamics","Ball Lightning+1","Go for the Eyes+1","Steam","Barrage+1","Glacier+1","Ball Lightning+1","Redo+1","Static Discharge","Seek+1","Dark Shackles+1","Chill+1"],"relics":["Cracked Core","Ice Cream","Bronze Scales","Mummified Hand","Velvet Choker","Shuriken","Pear","Nilry\u0027s Codex","Ancient Tea Set","MutagenicStrength","Black Star","Toxic Egg 2","Torii","Lantern","StoneCalendar","The Courier","Mercury Hourglass"],"potions_floor_usage":[7,8,8,16,16,30,33,38,39,40,42,46,50],"damage_taken":[{"damage":1,"enemies":"Cultist","floor":1,"turns":3},{"damage":0,"enemies":"Small Slimes","floor":2,"turns":4},{"damage":2,"enemies":"2 Louse","floor":3,"turns":4},{"damage":2,"enemies":"2 Fungi Beasts","floor":4,"turns":3},{"damage":32,"enemies":"Lagavulin","floor":6,"turns":7},{"damage":6,"enemies":"Exordium Wildlife","floor":7,"turns":4},{"damage":11,"enemies":"Gremlin Nob","floor":8,"turns":3},{"damage":5,"enemies":"Looter","floor":11,"turns":2},{"damage":8,"enemies":"Exordium Thugs","floor":12,"turns":4},{"damage":0,"enemies":"2 Fungi Beasts","floor":14,"turns":2},{"damage":41,"enemies":"The Guardian","floor":16,"turns":8},{"damage":25,"enemies":"2 Thieves","floor":18,"turns":4},{"damage":10,"enemies":"Shell Parasite","floor":19,"turns":5},{"damage":18,"enemies":"Snecko","floor":24,"turns":6},{"damage":7,"enemies":"Cultist and Chosen","floor":29,"turns":4},{"damage":5,"enemies":"Snake Plant","floor":30,"turns":4},{"damage":69,"enemies":"Collector","floor":33,"turns":7},{"damage":7,"enemies":"3 Shapes","floor":35,"turns":6},{"damage":12,"enemies":"Orb Walker","floor":36,"turns":3},{"damage":18,"enemies":"Sphere and 2 Shapes","floor":37,"turns":4},{"damage":24,"enemies":"Spire Growth","floor":38,"turns":4},{"damage":7,"enemies":"Jaw Worm Horde","floor":39,"turns":4},{"damage":8,"enemies":"Reptomancer","floor":40,"turns":8},{"damage":13,"enemies":"Nemesis","floor":42,"turns":7},{"damage":10,"enemies":"3 Darklings","floor":44,"turns":2},{"damage":1,"enemies":"4 Shapes","floor":46,"turns":4},{"damage":53,"enemies":"Time Eater","floor":50,"turns":13}],"seed_played":"6406949696952547989","potions_obtained":[{"floor":0,"key":"SkillPotion"},{"floor":0,"key":"Poison Potion"},{"floor":0,"key":"LiquidBronze"},{"floor":4,"key":"Dexterity Potion"},{"floor":6,"key":"Fire Potion"},{"floor":11,"key":"AttackPotion"},{"floor":12,"key":"Ancient Potion"},{"floor":24,"key":"Energy Potion"},{"floor":29,"key":"SkillPotion"},{"floor":30,"key":"LiquidBronze"},{"floor":33,"key":"Explosive Potion"},{"floor":35,"key":"Poison Potion"},{"floor":38,"key":"GamblersBrew"},{"floor":39,"key":"Swift Potion"},{"floor":40,"key":"SneckoOil"},{"floor":44,"key":"Regen Potion"}],"is_trial":false,"path_per_floor":["M","M","M","M","$","E","M","E","T","R","M","M","R","M","R","B",null,"M","M","$","?","?","R","M","?","T","?","R","M","M","?","R","B",null,"M","M","M","M","M","E","R","E","T","M","$","M","?","T","R","B",null],"character_chosen":"DEFECT","items_purchased":["Shuriken","Chill","Seek+1","Dark Shackles+1"],"campfire_rested":7,"item_purchase_floors":[20,20,45,45],"current_hp_per_floor":[74,74,72,70,70,38,32,21,21,43,38,30,52,52,74,33,75,50,40,40,40,50,75,57,41,41,41,66,59,54,54,79,10,85,78,66,48,24,17,9,34,21,21,11,11,22,74,74,74,21],"gold":36,"neow_bonus":"THREE_SMALL_POTIONS","is_prod":false,"is_daily":false,"chose_seed":false,"campfire_upgraded":1,"win_rate":0.0,"timestamp":1547687569,"path_taken":["M","M","M","M","$","E","M","E","T","R","?","M","R","M","R","BOSS","M","M","$","?","?","R","M","?","T","?","R","M","M","?","R","BOSS","M","M","M","M","M","E","R","E","T","M","$","M","?","?","R","BOSS"],"build_version":"2019-01-10","purchased_purges":1,"victory":true,"max_hp_per_floor":[75,75,75,75,75,75,75,75,75,75,75,75,75,75,75,75,75,75,75,75,75,85,85,85,85,85,85,85,85,85,85,85,85,85,85,85,85,85,85,85,85,85,85,85,85,85,74,74,74,74],"card_choices":[{"not_picked":["Conserve Battery","Barrage"],"picked":"Go for the Eyes","floor":1},{"not_picked":["Hologram","Force Field"],"picked":"Leap","floor":2},{"not_picked":["Rebound","Gash"],"picked":"Redo","floor":3},{"not_picked":["Stack","Steam"],"picked":"Static Discharge","floor":4},{"not_picked":["Aggregate","Heatsinks"],"picked":"Stack","floor":6},{"not_picked":["Conserve Battery","Steam Power"],"picked":"Electrodynamics","floor":7},{"not_picked":["Skim","Go for the Eyes"],"picked":"Auto Shields","floor":8},{"not_picked":["Storm","FTL"],"picked":"Stack","floor":11},{"not_picked":["Chaos","Compile Driver"],"picked":"Sweeping Beam","floor":12},{"not_picked":["Hologram","Ball Lightning"],"picked":"Beam Cell","floor":14},{"not_picked":["Multi-Cast","Thunder Strike"],"picked":"Fission","floor":16},{"not_picked":["Gash","Storm"],"picked":"Steam+1","floor":18},{"not_picked":["Cold Snap+1","FTL+1"],"picked":"Streamline+1","floor":19},{"not_picked":["FTL","Conserve Battery+1"],"picked":"Go for the Eyes","floor":24},{"not_picked":["Capacitor","Auto Shields"],"picked":"Lockon","floor":29},{"not_picked":["Darkness+1","Cold Snap"],"picked":"Reinforced Body","floor":30},{"not_picked":["Reboot","Multi-Cast"],"picked":"Electrodynamics","floor":33},{"not_picked":["Melter+1","Gash+1"],"picked":"Ball Lightning+1","floor":35},{"not_picked":["Gash+1","Stack+1"],"picked":"Go for the Eyes+1","floor":36},{"not_picked":["Chill","Consume"],"picked":"Steam","floor":37},{"not_picked":["Gash","Genetic Algorithm"],"picked":"Barrage+1","floor":38},{"not_picked":["Streamline+1","Stack"],"picked":"Glacier+1","floor":39},{"not_picked":["Leap+1","Multi-Cast"],"picked":"Ball Lightning+1","floor":40},{"not_picked":["Leap+1","Hello World"],"picked":"Redo+1","floor":42},{"not_picked":["Streamline","Force Field+1"],"picked":"Static Discharge","floor":44},{"not_picked":["Sweeping Beam+1","Barrage+1"],"picked":"Chill+1","floor":46}],"player_experience":63678,"relics_obtained":[{"floor":6,"key":"Ice Cream"},{"floor":8,"key":"Bronze Scales"},{"floor":9,"key":"Mummified Hand"},{"floor":25,"key":"Nilry\u0027s Codex"},{"floor":26,"key":"Ancient Tea Set"},{"floor":40,"key":"Toxic Egg 2"},{"floor":40,"key":"Torii"},{"floor":42,"key":"Lantern"},{"floor":42,"key":"StoneCalendar"},{"floor":43,"key":"The Courier"},{"floor":48,"key":"Mercury Hourglass"}],"event_choices":[{"damage_healed":0,"gold_gain":99,"player_choice":"Stole From Cult","damage_taken":0,"max_hp_gain":0,"max_hp_loss":0,"event_name":"Nest","floor":21,"gold_loss":0},{"damage_healed":0,"gold_gain":0,"player_choice":"Obtained Relic","damage_taken":0,"relics_obtained":["Pear"],"max_hp_gain":0,"max_hp_loss":0,"event_name":"Addict","floor":22,"gold_loss":85},{"damage_healed":0,"gold_gain":0,"player_choice":"Obtained Book","damage_taken":16,"max_hp_gain":0,"max_hp_loss":0,"event_name":"Cursed Tome","floor":25,"gold_loss":0},{"damage_healed":0,"gold_gain":0,"player_choice":"Paid Fearfully","damage_taken":0,"max_hp_gain":0,"max_hp_loss":0,"event_name":"Masked Bandits","floor":27,"gold_loss":97},{"damage_healed":0,"gold_gain":0,"player_choice":"Inject Mutagens","damage_taken":0,"relics_obtained":["MutagenicStrength"],"max_hp_gain":0,"max_hp_loss":0,"event_name":"Drug Dealer","floor":31,"gold_loss":0},{"damage_healed":74,"gold_gain":0,"player_choice":"Heal","damage_taken":0,"max_hp_gain":0,"max_hp_loss":11,"event_name":"The Moai Head","floor":47,"gold_loss":0}],"is_beta":false,"boss_relics":[{"not_picked":["White Beast Statue","Runic Dome"],"picked":"Velvet Choker"},{"not_picked":["Astrolabe","Tiny House"],"picked":"Black Star"}],"items_purged_floors":[45],"is_endless":false,"potions_floor_spawned":[4,6,11,12,24,29,30,33,35,38,39,40,44],"ascension_level":0}