{"gold_per_floor":[368,90,107,182,182,182,182,201,201,214,237,257,273,286,286,407,407,407,407,52,52,52,52,52,52,52,52],"floor_reached":27,"playtime":1083,"items_purged":[],"score":248,"play_id":"b46ee4a1-480f-4e88-9669-0f3171065d4f","local_time":"20181015180719","is_ascension_mode":true,"campfire_choices":[{"data":"Apotheosis","floor":6,"key":"SMITH"},{"floor":15,"key":"REST"},{"floor":23,"key":"REST"}],"neow_cost":"TEN_PERCENT_HP_LOSS","seed_source_timestamp":9612496221973,"circlet_count":0,"master_deck":["Strike_R","Strike_R","Strike_R","Strike_R","Defend_R","Defend_R","Defend_R","Defend_R","Bash","Shockwave","Inflame","Apotheosis+1","Shrug It Off","Inflame","Infernal Blade","Demon Form","Seeing Red","Infernal Blade","Limit Break","Metamorphosis+1","Infernal Blade","Finesse"],"relics":["Burning Blood","Golden Idol","Matryoshka","Ectoplasm","NlothsMask","Bottled Flame"],"potions_floor_usage":[10,10,25],"damage_taken":[{"damage":6,"enemies":"Cultist","floor":1,"turns":4},{"damage":19,"enemies":"Jaw Worm","floor":3,"turns":5},{"damage":7,"enemies":"2 Louse","floor":8,"turns":2},{"damage":12,"enemies":"Exordium Thugs","floor":10,"turns":4},{"damage":10,"enemies":"Blue Slaver","floor":11,"turns":4},{"damage":23,"enemies":"Gremlin Gang","floor":12,"turns":5},{"damage":15,"enemies":"3 Louse","floor":13,"turns":2},{"damage":6,"enemies":"Looter","floor":14,"turns":3},{"damage":20,"enemies":"The Guardian","floor":16,"turns":11},{"damage":42,"enemies":"Spheric Guardian","floor":18,"turns":6},{"damage":30,"enemies":"3 Byrds","floor":24,"turns":5},{"damage":26,"enemies":"Gremlin Leader","floor":25,"turns":6},{"damage":13,"enemies":"3 Cultists","floor":27,"turns":3}],"seed_played":"-3905161010202942610","potions_obtained":[{"floor":1,"key":"FearPotion"},{"floor":8,"key":"Weak Potion"},{"floor":10,"key":"Ancient Potion"},{"floor":16,"key":"BloodPotion"},{"floor":18,"key":"Ancient Potion"},{"floor":25,"key":"Poison Potion"}],"is_trial":false,"path_per_floor":["M","$","M","?","?","R","?","M","T","M","M","M","M","M","R","B",null,"M","?","$","?","?","R","M","E","T"],"character_chosen":"IRONCLAD","items_purchased":["Inflame","Apotheosis","Metamorphosis","Infernal Blade","Finesse"],"campfire_rested":2,"item_purchase_floors":[2,2,20,20,20],"current_hp_per_floor":[72,72,59,48,48,48,48,47,47,41,37,20,11,11,31,17,67,31,31,31,31,31,51,27,13,13,0],"gold":52,"neow_bonus":"TWO_FIFTY_GOLD","is_prod":false,"is_daily":false,"chose_seed":false,"campfire_upgraded":1,"win_rate":0,"timestamp":1539637639,"path_taken":["M","$","?","?","?","R","?","M","T","M","M","M","M","M","R","BOSS","M","?","$","?","?","R","M","E","T","?"],"build_version":"2018-10-11","purchased_purges":0,"victory":false,"max_hp_per_floor":[72,72,72,72,72,72,67,67,67,67,67,67,67,67,67,67,67,67,67,67,67,67,67,67,67,67,67],"card_choices":[{"not_picked":["Disarm","True Grit"],"picked":"Shockwave","floor":1},{"not_picked":["Reckless Charge","Headbutt"],"picked":"Shrug It Off","floor":3},{"not_picked":["Sentinel","Havoc","Clothesline"],"picked":"SKIP","floor":8},{"not_picked":["Hemokinesis","Clothesline"],"picked":"Inflame","floor":10},{"not_picked":["Rage","Intimidate"],"picked":"Infernal Blade","floor":11},{"not_picked":["Heavy Blade","Warcry"],"picked":"Demon Form","floor":12},{"not_picked":["Iron Wave","Hemokinesis"],"picked":"Seeing Red","floor":13},{"not_picked":["Flex","Anger"],"picked":"Infernal Blade","floor":14},{"not_picked":["Berserk","Demon Form"],"picked":"Limit Break","floor":16},{"not_picked":["Wild Strike","Armaments","Thunderclap+1"],"picked":"SKIP","floor":18},{"not_picked":["Carnage","Flex","Twin Strike"],"picked":"SKIP","floor":24},{"not_picked":["Headbutt","Blood for Blood+1","Juggernaut"],"picked":"SKIP","floor":25}],"player_experience":153845,"relics_obtained":[{"floor":9,"key":"Matryoshka"},{"floor":25,"key":"Bottled Flame"}],"event_choices":[{"event_name":"World of Goop","player_choice":"Gather Gold","floor":4,"damage_taken":0},{"event_name":"Bonfire Elementals","player_choice":"BASIC","floor":5,"damage_taken":0},{"event_name":"Golden Idol","player_choice":"Lose Max HP","floor":7,"damage_taken":0},{"event_name":"FaceTrader","player_choice":"Trade","floor":19,"damage_taken":0},{"event_name":"Accursed Blacksmith","player_choice":"Forge","floor":21,"damage_taken":0},{"event_name":"Nest","player_choice":"Stole From Cult","floor":22,"damage_taken":0}],"is_beta":false,"boss_relics":[{"not_picked":["Runic Cube","Pandora\u0027s Box"],"picked":"Ectoplasm"}],"items_purged_floors":[],"is_endless":false,"potions_floor_spawned":[1,8,10,16,18,25],"killed_by":"3 Cultists","ascension_level":2}