{"gold_per_floor":[19,34,34,54,31,31,58,78,78,78,78,78,103,114,114,218,218,236,262,262],"floor_reached":20,"playtime":804,"items_purged":[],"score":200,"play_id":"79ae8c1b-ee0c-4336-bee7-8e8a727d908f","local_time":"20180918220906","is_ascension_mode":true,"campfire_choices":[{"data":"Zap","floor":6,"key":"SMITH"},{"floor":10,"key":"REST"},{"floor":12,"key":"REST"},{"floor":15,"key":"REST"}],"neow_cost":"NO_GOLD","seed_source_timestamp":375370569729926,"circlet_count":0,"master_deck":["Strike_B","Strike_B","Strike_B","Strike_B","Defend_B","Defend_B","Defend_B","Defend_B","Zap+1","Dualcast","Redo","Capacitor","Sweeping Beam","Steam","Conserve Battery","Redo","Electrodynamics","Storm","Creative AI","Melter","Cold Snap+1"],"relics":["Cracked Core","Unceasing Top","Happy Flower","Orichalcum","Letter Opener","Busted Crown","Red Mask"],"potions_floor_usage":[7,13,16,19,20],"damage_taken":[{"damage":2,"enemies":"Jaw Worm","floor":1,"turns":4},{"damage":3,"enemies":"2 Louse","floor":2,"turns":2},{"damage":10,"enemies":"Cultist","floor":4,"turns":4},{"damage":21,"enemies":"3 Sentries","floor":7,"turns":7},{"damage":21,"enemies":"Exordium Wildlife","floor":8,"turns":5},{"damage":42,"enemies":"Lagavulin","floor":13,"turns":8},{"damage":12,"enemies":"3 Louse","floor":14,"turns":2},{"damage":13,"enemies":"The Guardian","floor":16,"turns":11},{"damage":43,"enemies":"Shell Parasite","floor":18,"turns":7},{"damage":21,"enemies":"Masked Bandits","floor":19,"turns":4},{"damage":15,"enemies":"Spheric Guardian","floor":20,"turns":3}],"seed_played":"4203506826893958562","potions_obtained":[{"floor":1,"key":"EssenceOfSteel"},{"floor":7,"key":"GamblersBrew"},{"floor":14,"key":"Weak Potion"},{"floor":16,"key":"SteroidPotion"},{"floor":18,"key":"GamblersBrew"}],"is_trial":false,"path_per_floor":["M","M","?","M","$","R","E","M","T","R","$","R","E","M","R","B",null,"M","?"],"character_chosen":"DEFECT","items_purchased":["Steam"],"campfire_rested":3,"item_purchase_floors":[5],"current_hp_per_floor":[73,70,70,60,60,60,39,18,18,40,40,62,20,8,30,17,75,32,11,0],"gold":262,"neow_bonus":"ONE_RARE_RELIC","is_prod":false,"is_daily":false,"chose_seed":false,"campfire_upgraded":1,"win_rate":0,"timestamp":1537322946,"path_taken":["M","M","?","M","?","R","E","M","T","R","?","R","E","M","R","BOSS","M","?","M"],"build_version":"2018-09-06","purchased_purges":0,"victory":false,"max_hp_per_floor":[75,75,75,75,75,75,75,75,75,75,75,75,75,75,75,75,75,75,75,75],"card_choices":[{"not_picked":["Hologram","Rip and Tear"],"picked":"Redo","floor":1},{"not_picked":["Stack","Steam"],"picked":"Capacitor","floor":2},{"not_picked":["Barrage","Thunder Strike"],"picked":"Sweeping Beam","floor":4},{"not_picked":["Lockon","Rebound"],"picked":"Conserve Battery","floor":7},{"not_picked":["Hologram","Melter"],"picked":"Redo","floor":8},{"not_picked":["Ball Lightning","Doom and Gloom"],"picked":"Electrodynamics","floor":13},{"not_picked":["Chaos","Cold Snap"],"picked":"Storm","floor":14},{"not_picked":["Reboot","Core Surge"],"picked":"Creative AI","floor":16},{"not_picked":[],"picked":"Melter","floor":18},{"not_picked":[],"picked":"Cold Snap+1","floor":19}],"player_experience":145784,"relics_obtained":[{"floor":7,"key":"Happy Flower"},{"floor":9,"key":"Orichalcum"},{"floor":13,"key":"Letter Opener"},{"floor":19,"key":"Red Mask"}],"event_choices":[{"event_name":"The Cleric","player_choice":"Leave","floor":3,"damage_taken":0},{"event_name":"Masked Bandits","player_choice":"Fought Bandits","floor":19,"damage_taken":0}],"is_beta":false,"boss_relics":[{"not_picked":["Nuclear Battery","Sozu"],"picked":"Busted Crown"}],"items_purged_floors":[],"is_endless":false,"potions_floor_spawned":[1,7,14,16,18],"killed_by":"Spheric Guardian","ascension_level":2}