{"gold_per_floor":[113,129,139,214,225,256,256,268,268,268,27,27,27,46,46,144,144,154,170,170],"floor_reached":20,"playtime":1896,"items_purged":["Parasite"],"score":202,"play_id":"9dd5c75c-3936-43a7-b906-734234858a64","local_time":"20181017213422","is_ascension_mode":true,"campfire_choices":[{"floor":7,"key":"REST"},{"data":"Envenom","floor":12,"key":"SMITH"},{"floor":15,"key":"REST"}],"neow_cost":"CURSE","seed_source_timestamp":460987450745,"circlet_count":0,"master_deck":["Defend_G","Defend_G","Defend_G","Defend_G","Defend_G","Strike_G","Strike_G","Strike_G","Strike_G","Strike_G","Survivor","Neutralize","Envenom+1","Setup","Flying Knee","Blade Dance","Crippling Poison","Dash","Infinite Blades+1","Blade Dance","Quick Slash","Bane","Bane","Flying Knee"],"relics":["Ring of the Snake","Smiling Mask","Dream Catcher","Snake Skull","Runic Dome"],"potions_floor_usage":[6,20,20],"damage_taken":[{"damage":0,"enemies":"Small Slimes","floor":1,"turns":3},{"damage":2,"enemies":"2 Louse","floor":2,"turns":4},{"damage":2,"enemies":"Jaw Worm","floor":3,"turns":5},{"damage":9,"enemies":"Blue Slaver","floor":5,"turns":4},{"damage":35,"enemies":"3 Sentries","floor":6,"turns":10},{"damage":12,"enemies":"Large Slime","floor":8,"turns":7},{"damage":16,"enemies":"3 Louse","floor":14,"turns":3},{"damage":8,"enemies":"Slime Boss","floor":16,"turns":9},{"damage":23,"enemies":"2 Thieves","floor":18,"turns":4},{"damage":25,"enemies":"Spheric Guardian","floor":19,"turns":5},{"damage":22,"enemies":"Centurion and Healer","floor":20,"turns":3}],"seed_played":"-4134797122932201525","potions_obtained":[{"floor":2,"key":"SpeedPotion"},{"floor":3,"key":"FearPotion"},{"floor":8,"key":"Energy Potion"},{"floor":14,"key":"GhostInAJar"}],"is_trial":false,"path_per_floor":["M","M","M","?","M","E","R","M","T","?","$","R","?","M","R","B",null,"M","M"],"character_chosen":"THE_SILENT","items_purchased":["Snake Skull","Blade Dance"],"campfire_rested":2,"item_purchase_floors":[11,11],"current_hp_per_floor":[70,68,66,55,46,11,32,20,20,43,43,43,43,27,47,39,67,44,19,0],"gold":170,"neow_bonus":"THREE_RARE_CARDS","is_prod":false,"is_daily":false,"chose_seed":false,"campfire_upgraded":1,"win_rate":0,"timestamp":1539822862,"path_taken":["M","M","M","?","M","E","R","M","T","?","$","R","?","M","R","BOSS","M","?","M"],"build_version":"2018-10-11","purchased_purges":1,"victory":false,"max_hp_per_floor":[70,70,70,70,70,70,70,70,70,70,67,67,67,67,67,67,67,67,67,67],"card_choices":[{"not_picked":["Die Die Die","Tools of the Trade"],"picked":"Envenom","floor":0},{"not_picked":["Deflect","PiercingWail"],"picked":"Setup","floor":1},{"not_picked":["Footwork","Slice"],"picked":"Flying Knee","floor":2},{"not_picked":["Dodge and Roll","PiercingWail"],"picked":"Blade Dance","floor":3},{"not_picked":["Deadly Poison","Dash"],"picked":"Crippling Poison","floor":5},{"not_picked":["Flying Knee","Predator"],"picked":"Dash","floor":6},{"not_picked":["Predator","All Out Attack"],"picked":"Infinite Blades","floor":8},{"not_picked":["Deflect","Footwork"],"picked":"Quick Slash","floor":14},{"not_picked":["Dagger Throw","Riddle With Holes"],"picked":"Bane","floor":15},{"not_picked":["Acrobatics+1","Dagger Throw"],"picked":"Bane","floor":18},{"not_picked":["Quick Slash","Crippling Poison"],"picked":"Flying Knee","floor":19}],"player_experience":161378,"relics_obtained":[{"floor":6,"key":"Smiling Mask"},{"floor":9,"key":"Dream Catcher"}],"event_choices":[{"event_name":"World of Goop","player_choice":"Gather Gold","floor":4,"damage_taken":0},{"event_name":"Big Fish","player_choice":"Banana","floor":10,"damage_taken":0},{"event_name":"Living Wall","player_choice":"Grow","floor":13,"damage_taken":0}],"is_beta":false,"boss_relics":[{"not_picked":["Ring of the Serpent","Snecko Eye"],"picked":"Runic Dome"}],"items_purged_floors":[11],"is_endless":false,"potions_floor_spawned":[2,3,8,14],"killed_by":"Centurion and Healer","ascension_level":3}