{"path_per_floor":["M","?","M","M","M","R","E","R","T","M","M","M","M","?","R","B",null,"M","$","M","M","?","R"],"character_chosen":"IRONCLAD","items_purchased":["Ice Cream"],"gold_per_floor":[119,119,132,146,164,164,190,190,216,227,247,267,287,287,287,382,382,395,101,115,130,130,130],"floor_reached":24,"campfire_rested":4,"playtime":1054,"current_hp_per_floor":[88,88,75,67,42,68,20,46,46,39,32,36,42,42,68,8,88,59,59,53,24,24,50],"items_purged":[],"gold":130,"score":202,"play_id":"5c007776-5f5d-4231-90c6-570d4a9db90a","is_prod":false,"is_daily":false,"is_ascension_mode":false,"campfire_upgraded":0,"path_taken":["M","?","?","M","M","R","E","R","T","M","M","?","M","?","R","BOSS","M","$","M","M","?","R","E"],"build_version":"2018-02-12-PROD1","purchased_purges":0,"victory":false,"master_deck":["Strike_R","Strike_R","Strike_R","Strike_R","Strike_R","Defend_R","Defend_R","Defend_R","Defend_R","Bash","Sword Boomerang","Wild Strike","Anger","Clothesline","Metallicize","Impervious","Clash","Thunderclap","Sentinel","Limit Break","Heavy Blade","Iron Wave","Iron Wave","Seeing Red","Cleave","Warcry","Whirlwind+1","Pommel Strike+1"],"max_hp_per_floor":[88,88,88,88,88,88,88,88,88,88,88,88,88,88,88,88,88,88,88,88,88,88,88],"relics":["Burning Blood","Prayer Wheel","Lantern","Orrery","Ice Cream"],"card_choices":[{"not_picked":["Rage","True Grit"],"picked":"Havoc"},{"not_picked":["Burning Pact","Wild Strike"],"picked":"Sword Boomerang"},{"not_picked":["Immolate","Rupture"],"picked":"Wild Strike"},{"not_picked":["Seeing Red","Cleave"],"picked":"Anger"},{"not_picked":["True Grit","Reckless Charge"],"picked":"Clothesline"},{"not_picked":["Intimidate","Clothesline"],"picked":"Metallicize"},{"not_picked":["Power Through","Warcry"],"picked":"Impervious"},{"not_picked":["Thunderclap","Corruption"],"picked":"Clash"},{"not_picked":["True Grit","Headbutt"],"picked":"Thunderclap"},{"not_picked":["Thunderclap","Shrug It Off"],"picked":"Sentinel"},{"not_picked":["Offering","Fiend Fire"],"picked":"Limit Break"},{"not_picked":["Wild Strike","Combust"],"picked":"Heavy Blade"},{"not_picked":["Twin Strike","Whirlwind"],"picked":"Iron Wave"},{"not_picked":["Feel No Pain","Bloodletting"],"picked":"Iron Wave"},{"not_picked":["Shrug It Off","Heavy Blade"],"picked":"Seeing Red"},{"not_picked":["Shrug It Off","Limit Break"],"picked":"Cleave"},{"not_picked":["Clash","Burning Pact"],"picked":"Warcry"},{"not_picked":["Cleave","Anger"],"picked":"Whirlwind"},{"not_picked":["Rage","Dual Wield"],"picked":"Pommel Strike"}],"player_experience":83057,"potions_floor_usage":[16,16,16,24,24],"damage_taken":[{"damage":6,"enemies":"2 Louse","floor":1,"turns":3},{"damage":19,"enemies":"Jaw Worm","floor":3,"turns":4},{"damage":14,"enemies":"Blue Slaver","floor":4,"turns":3},{"damage":31,"enemies":"Gremlin Gang","floor":5,"turns":5},{"damage":54,"enemies":"Lagavulin","floor":7,"turns":7},{"damage":13,"enemies":"Lots of Slimes","floor":10,"turns":5},{"damage":13,"enemies":"2 Fungi Beasts","floor":11,"turns":3},{"damage":2,"enemies":"Exordium Thugs","floor":12,"turns":5},{"damage":0,"enemies":"Exordium Wildlife","floor":13,"turns":3},{"damage":66,"enemies":"The Guardian","floor":16,"turns":19},{"damage":35,"enemies":"Shell Parasite","floor":18,"turns":7},{"damage":12,"enemies":"Chosen","floor":20,"turns":6},{"damage":35,"enemies":"Snecko","floor":21,"turns":7},{"damage":51,"enemies":"Slavers","floor":24,"turns":7}],"event_choices":[{"event_name":"Golden Wing","player_choice":"Ignored","floor":2,"damage_taken":0},{"event_name":"Purifier","player_choice":"One Purge","floor":14,"damage_taken":0},{"event_name":"Vampires","player_choice":"Ignored","floor":22,"damage_taken":0}],"boss_relics":[{"not_picked":["Velvet Choker","Sozu"],"picked":"Orrery"}],"potions_floor_spawned":[1,5,7,13,18,21],"seed_played":"6635399774540670984","killed_by":"Slavers","ascension_level":0,"is_trial":false}