{"gold_per_floor":[112,126,126,126,143,143,173,173,196,212,232,26,61,81,81,176,176,190,0,0,0,14,40,40,55,55,10,10,10,28,38,38,38],"floor_reached":33,"playtime":4856,"items_purged":[],"score":301,"play_id":"84510ba1-f956-4c98-8222-a51b2017375a","local_time":"20181209192926","is_ascension_mode":false,"campfire_choices":[{"data":"Neutralize","floor":6,"key":"SMITH"},{"floor":8,"key":"REST"},{"floor":15,"key":"REST"},{"floor":24,"key":"REST"},{"floor":28,"key":"REST"},{"floor":32,"key":"REST"}],"neow_cost":"NONE","seed_source_timestamp":163658719469070,"circlet_count":0,"master_deck":["Defend_G","Defend_G","Defend_G","Defend_G","Defend_G","Survivor","Neutralize+1","Blade Dance","Prepared+1","Dagger Spray","Bullet Time","Deflect","Reflex","Prepared","Master of Strategy","Flying Knee","Masterful Stab","Unload","Underhanded Strike","Sucker Punch","Escape Plan+1","Backstab","Backflip","Bite","Bite","Bite","Bite","Bite","Distraction+1","Backstab+1"],"relics":["Ring of the Snake","NeowsBlessing","Boot","Pen Nib","Bag of Preparation","Fusion Hammer","Spirit Poop","Incense Burner","Mummified Hand"],"potions_floor_usage":[13,16,16,33,33],"damage_taken":[{"damage":0,"enemies":"Jaw Worm","floor":1,"turns":1},{"damage":0,"enemies":"Cultist","floor":2,"turns":1},{"damage":0,"enemies":"Small Slimes","floor":5,"turns":1},{"damage":40,"enemies":"Gremlin Nob","floor":7,"turns":5},{"damage":0,"enemies":"2 Fungi Beasts","floor":10,"turns":3},{"damage":3,"enemies":"Red Slaver","floor":11,"turns":5},{"damage":23,"enemies":"Lagavulin","floor":13,"turns":8},{"damage":0,"enemies":"Lots of Slimes","floor":14,"turns":2},{"damage":29,"enemies":"Hexaghost","floor":16,"turns":14},{"damage":0,"enemies":"3 Byrds","floor":18,"turns":2},{"damage":0,"enemies":"Spheric Guardian","floor":22,"turns":2},{"damage":64,"enemies":"Slavers","floor":23,"turns":8},{"damage":9,"enemies":"Centurion and Healer","floor":25,"turns":5},{"damage":6,"enemies":"Snecko","floor":30,"turns":3},{"damage":0,"enemies":"Shelled Parasite and Fungi","floor":31,"turns":3},{"damage":78,"enemies":"Automaton","floor":33,"turns":8}],"seed_played":"5681425822157012527","potions_obtained":[{"floor":5,"key":"FairyPotion"},{"floor":10,"key":"LiquidBronze"},{"floor":11,"key":"GamblersBrew"},{"floor":14,"key":"Explosive Potion"},{"floor":22,"key":"Dexterity Potion"},{"floor":23,"key":"PowerPotion"},{"floor":25,"key":"EssenceOfSteel"},{"floor":31,"key":"Swift Potion"}],"is_trial":false,"path_per_floor":["M","M","?","$","M","R","E","R","T","M","M","$","E","M","R","B",null,"M","?","?","?","M","E","R","M","T","$","R","?","M","M","R","B"],"character_chosen":"THE_SILENT","items_purchased":["Prepared","Master of Strategy","Backflip"],"campfire_rested":5,"item_purchase_floors":[12,12,27],"current_hp_per_floor":[70,70,70,70,70,70,30,51,51,51,48,48,25,25,46,17,70,70,70,70,70,70,6,27,18,18,18,39,39,43,49,49,0],"gold":38,"neow_bonus":"THREE_ENEMY_KILL","is_prod":false,"is_daily":false,"chose_seed":false,"campfire_upgraded":1,"win_rate":0.0,"timestamp":1544412566,"path_taken":["M","M","?","?","M","R","E","R","T","M","M","$","E","M","R","BOSS","M","?","?","?","?","E","R","?","T","$","R","?","M","M","R","BOSS"],"build_version":"2018-12-06","purchased_purges":0,"victory":false,"max_hp_per_floor":[70,70,70,70,70,70,70,70,70,70,70,70,70,70,70,70,70,70,70,70,70,70,70,70,70,70,70,70,49,49,49,49,49],"card_choices":[{"not_picked":["Dodge and Roll","Deflect"],"picked":"Blade Dance","floor":1},{"not_picked":["Poisoned Stab","Well Laid Plans"],"picked":"Prepared","floor":2},{"not_picked":["Distraction","Blur"],"picked":"Dagger Spray","floor":5},{"not_picked":["Dodge and Roll","Backflip"],"picked":"Bullet Time","floor":7},{"not_picked":["Bouncing Flask","Backflip"],"picked":"Deflect","floor":10},{"not_picked":["Poisoned Stab","Sucker Punch"],"picked":"Reflex","floor":11},{"not_picked":["Unload","Poisoned Stab"],"picked":"Flying Knee","floor":13},{"not_picked":["Deadly Poison","Calculated Gamble"],"picked":"Masterful Stab","floor":14},{"not_picked":["Doppelganger","Night Terror"],"picked":"Unload","floor":16},{"not_picked":["Deflect","Dagger Spray+1"],"picked":"Underhanded Strike","floor":18},{"not_picked":["Acrobatics","Poisoned Stab+1"],"picked":"Sucker Punch","floor":22},{"not_picked":["Poisoned Stab","Backflip"],"picked":"Escape Plan+1","floor":23},{"not_picked":["Flying Knee+1","After Image"],"picked":"Backstab","floor":25},{"not_picked":["Acrobatics","Flying Knee"],"picked":"Distraction+1","floor":30},{"not_picked":["Prepared","Acrobatics"],"picked":"Backstab+1","floor":31}],"player_experience":4731,"relics_obtained":[{"floor":7,"key":"Boot"},{"floor":9,"key":"Pen Nib"},{"floor":13,"key":"Bag of Preparation"},{"floor":23,"key":"Incense Burner"},{"floor":26,"key":"Mummified Hand"}],"event_choices":[{"damage_healed":0,"gold_gain":0,"player_choice":"Upgraded","damage_taken":0,"max_hp_gain":0,"max_hp_loss":0,"event_name":"Upgrade Shrine","floor":3,"gold_loss":0,"cards_upgraded":["Prepared"]},{"damage_healed":0,"gold_gain":0,"player_choice":"Paid Fearfully","damage_taken":0,"max_hp_gain":0,"max_hp_loss":0,"event_name":"Masked Bandits","floor":19,"gold_loss":190},{"damage_healed":0,"gold_gain":0,"player_choice":"Smashed Altar","damage_taken":0,"max_hp_gain":0,"max_hp_loss":0,"event_name":"Forgotten Altar","floor":20,"gold_loss":0,"cards_obtained":["Decay"]},{"cards_removed":["Decay"],"damage_healed":0,"gold_gain":0,"player_choice":"Offered Curse","damage_taken":0,"relics_obtained":["Spirit Poop"],"max_hp_gain":0,"max_hp_loss":0,"event_name":"Bonfire Elementals","floor":21,"gold_loss":0},{"damage_healed":0,"gold_gain":0,"player_choice":"Became a vampire","damage_taken":0,"max_hp_gain":0,"max_hp_loss":21,"event_name":"Vampires","floor":29,"gold_loss":0,"cards_obtained":["Bite","Bite","Bite","Bite","Bite"]}],"is_beta":false,"boss_relics":[{"not_picked":["Calling Bell","WristBlade"],"picked":"Fusion Hammer"}],"items_purged_floors":[],"is_endless":false,"potions_floor_spawned":[5,10,11,14,22,23,25,31],"killed_by":"Automaton","ascension_level":0}