{"gold_per_floor":[109,109,83,99,112,112,141,155,155,186,186,196,224,240,240,345,345,325,343,369,387,387],"floor_reached":22,"playtime":1046,"items_purged":[],"score":208,"play_id":"36be2c69-4cd9-474f-b59d-366944ef9b4b","local_time":"20180915135151","is_ascension_mode":false,"campfire_choices":[{"data":"Zap","floor":6,"key":"SMITH"},{"floor":11,"key":"REST"},{"floor":15,"key":"REST"}],"neow_cost":"NONE","seed_source_timestamp":86093968115524,"circlet_count":0,"master_deck":["Strike_B","Strike_B","Strike_B","Strike_B","Defend_B","Defend_B","Defend_B","Defend_B","Zap+1","Dualcast","Compile Driver","Stack","Melter","Barrage","Rainbow","Conserve Battery","Conserve Battery","FTL","Hello World","White Noise","Fission","Parasite","Pain","Regret","Genetic Algorithm+1","Conserve Battery","Go for the Eyes"],"relics":["Cracked Core","Anchor","Art of War","Cables","Ornamental Fan","Bag of Preparation","Calling Bell","Boot","Darkstone Periapt","Torii","Lantern"],"potions_floor_usage":[7,7,13,13,16,21,22,22],"damage_taken":[{"damage":2,"enemies":"2 Louse","floor":1,"turns":3},{"damage":0,"enemies":"Cultist","floor":4,"turns":4},{"damage":0,"enemies":"Small Slimes","floor":5,"turns":3},{"damage":21,"enemies":"Lagavulin","floor":7,"turns":4},{"damage":9,"enemies":"Exordium Thugs","floor":8,"turns":4},{"damage":15,"enemies":"3 Sentries","floor":10,"turns":8},{"damage":0,"enemies":"Lots of Slimes","floor":12,"turns":3},{"damage":11,"enemies":"Lagavulin","floor":13,"turns":5},{"damage":0,"enemies":"Red Slaver","floor":14,"turns":4},{"damage":21,"enemies":"The Guardian","floor":16,"turns":10},{"damage":23,"enemies":"2 Thieves","floor":18,"turns":4},{"damage":5,"enemies":"Spheric Guardian","floor":19,"turns":3},{"damage":9,"enemies":"Chosen and Byrds","floor":21,"turns":8},{"damage":38,"enemies":"Centurion and Healer","floor":22,"turns":6}],"seed_played":"-5363070478042344964","potions_obtained":[{"floor":2,"key":"SneckoOil"},{"floor":2,"key":"Fire Potion"},{"floor":2,"key":"FocusPotion"},{"floor":8,"key":"Energy Potion"},{"floor":12,"key":"Fire Potion"},{"floor":13,"key":"Explosive Potion"},{"floor":18,"key":"Fire Potion"},{"floor":19,"key":"SneckoOil"}],"is_trial":false,"path_per_floor":["M","?","$","M","M","R","E","M","T","E","R","M","E","M","R","B",null,"M","M","T","M"],"character_chosen":"DEFECT","items_purchased":["Stack"],"campfire_rested":2,"item_purchase_floors":[3],"current_hp_per_floor":[73,73,73,73,73,73,52,43,43,28,50,50,39,39,61,40,75,52,47,47,38,0],"gold":387,"neow_bonus":"RANDOM_COMMON_RELIC","is_prod":false,"is_daily":false,"chose_seed":false,"campfire_upgraded":1,"win_rate":0.0,"timestamp":1537033911,"path_taken":["M","?","?","M","M","R","E","M","T","E","R","M","E","?","R","BOSS","M","M","?","M","M"],"build_version":"2018-09-06","purchased_purges":0,"victory":false,"max_hp_per_floor":[75,75,75,75,75,75,75,75,75,75,75,75,75,75,75,75,75,75,75,75,75,75],"card_choices":[{"not_picked":["Go for the Eyes","Tempest"],"picked":"Compile Driver","floor":1},{"not_picked":["Sweeping Beam","Heatsinks"],"picked":"Melter","floor":4},{"not_picked":["Rebound","Stack"],"picked":"Barrage","floor":5},{"not_picked":["Conserve Battery","Streamline"],"picked":"Rainbow","floor":7},{"not_picked":["Loop","Go for the Eyes"],"picked":"Conserve Battery","floor":8},{"not_picked":["Blizzard","Heatsinks"],"picked":"Conserve Battery","floor":10},{"not_picked":["Go for the Eyes","Ball Lightning"],"picked":"FTL","floor":12},{"not_picked":["Cold Snap","Genetic Algorithm"],"picked":"Hello World","floor":13},{"not_picked":["Conserve Battery","Steam"],"picked":"White Noise","floor":14},{"not_picked":["Biased Cognition","Core Surge"],"picked":"Fission","floor":16},{"not_picked":["Leap","Coolheaded+1"],"picked":"Genetic Algorithm+1","floor":18},{"not_picked":["Gash","All For One"],"picked":"Conserve Battery","floor":19},{"not_picked":["Lockon","Turbo"],"picked":"Go for the Eyes","floor":21}],"player_experience":113229,"relics_obtained":[{"floor":7,"key":"Art of War"},{"floor":9,"key":"Cables"},{"floor":10,"key":"Ornamental Fan"},{"floor":13,"key":"Bag of Preparation"},{"floor":17,"key":"Boot"},{"floor":17,"key":"Darkstone Periapt"},{"floor":17,"key":"Torii"},{"floor":20,"key":"Lantern"}],"event_choices":[{"event_name":"The Lab","player_choice":"Got Potions","floor":2,"damage_taken":0}],"is_beta":false,"boss_relics":[{"not_picked":["Astrolabe","Coffee Dripper"],"picked":"Calling Bell"}],"items_purged_floors":[],"is_endless":false,"potions_floor_spawned":[4,8,12,13,18,19],"killed_by":"Centurion and Healer","ascension_level":0}