{"gold_per_floor":[115,125,75,91,166,166,176,176,176,176,203,214,214,28,28,28],"floor_reached":16,"playtime":828,"items_purged":[],"score":100,"play_id":"fa9fc145-beaf-454d-9686-10029b3a5a4f","local_time":"20190116135853","is_ascension_mode":false,"campfire_choices":[{"data":"Neutralize","floor":6,"key":"SMITH"},{"floor":8,"key":"REST"},{"data":"1","floor":13,"key":"LIFT"},{"data":"2","floor":15,"key":"LIFT"}],"neow_cost":"NONE","seed_source_timestamp":641778829490457,"circlet_count":0,"master_deck":["Defend_G","Defend_G","Defend_G","Defend_G","Defend_G","Strike_G","Strike_G","Strike_G","Strike_G","Survivor","Neutralize+1","PiercingWail","Poisoned Stab","Backflip","Parasite","Predator","Backflip","Blur"],"relics":["Ring of the Snake","Boot","Du-Vu Doll","Girya","Blood Vial"],"potions_floor_usage":[16,16],"damage_taken":[{"damage":0,"enemies":"2 Louse","floor":1,"turns":4},{"damage":0,"enemies":"Small Slimes","floor":2,"turns":4},{"damage":0,"enemies":"Jaw Worm","floor":4,"turns":6},{"damage":9,"enemies":"Exordium Thugs","floor":7,"turns":9},{"damage":21,"enemies":"Lagavulin","floor":11,"turns":9},{"damage":1,"enemies":"Exordium Wildlife","floor":12,"turns":4},{"damage":50,"enemies":"Hexaghost","floor":16,"turns":15}],"seed_played":"6361332058568378662","potions_obtained":[{"floor":1,"key":"SkillPotion"},{"floor":11,"key":"GamblersBrew"}],"is_trial":false,"path_per_floor":["M","M","?","M","?","R","M","R","T","?","E","M","R","$","R","B"],"character_chosen":"THE_SILENT","items_purchased":["Blood Vial","Blur"],"campfire_rested":1,"item_purchase_floors":[14,14],"current_hp_per_floor":[70,70,70,70,59,59,50,70,70,70,49,48,48,48,48,0],"gold":28,"neow_bonus":"RANDOM_COMMON_RELIC","is_prod":false,"is_daily":false,"chose_seed":false,"campfire_upgraded":1,"win_rate":0.0,"timestamp":1547665133,"path_taken":["M","M","?","M","?","R","M","R","T","?","E","M","R","?","R","BOSS"],"build_version":"2019-01-10","purchased_purges":0,"victory":false,"max_hp_per_floor":[70,70,70,70,70,70,70,70,70,70,70,70,70,70,70,70],"card_choices":[{"not_picked":["Crippling Poison","Acrobatics","Deflect"],"picked":"SKIP","floor":1},{"not_picked":["Calculated Gamble","Escape Plan"],"picked":"PiercingWail","floor":2},{"not_picked":["Slice","Calculated Gamble"],"picked":"Poisoned Stab","floor":4},{"not_picked":["Riddle With Holes","Caltrops"],"picked":"Backflip","floor":7},{"not_picked":["Deflect","Cloak And Dagger"],"picked":"Predator","floor":11},{"not_picked":["Flechettes","All Out Attack"],"picked":"Backflip","floor":12}],"player_experience":47970,"relics_obtained":[{"floor":9,"key":"Du-Vu Doll"},{"floor":11,"key":"Girya"}],"event_choices":[{"cards_removed":["Strike_G"],"damage_healed":0,"gold_gain":0,"player_choice":"Card Removal","damage_taken":0,"max_hp_gain":0,"max_hp_loss":0,"event_name":"The Cleric","floor":3,"gold_loss":50},{"damage_healed":0,"gold_gain":75,"player_choice":"Gather Gold","damage_taken":11,"max_hp_gain":0,"max_hp_loss":0,"event_name":"World of Goop","floor":5,"gold_loss":0},{"damage_healed":17,"gold_gain":0,"player_choice":"Healed and dodged fight","damage_taken":0,"max_hp_gain":0,"max_hp_loss":0,"event_name":"Mushrooms","floor":10,"gold_loss":0,"cards_obtained":["Parasite"]}],"is_beta":false,"boss_relics":[],"items_purged_floors":[],"is_endless":false,"potions_floor_spawned":[1,11],"killed_by":"Hexaghost","ascension_level":0}