{"gold_per_floor":[111,128,128,142,142,158,184,184,184,184,215,232,245,259,259,356,356,374,299,34,54,54],"floor_reached":22,"playtime":823,"items_purged":["Writhe"],"score":218,"play_id":"3c067f29-a3b2-492b-9d25-e401da4230a1","local_time":"20181015215522","is_ascension_mode":true,"campfire_choices":[{"floor":10,"key":"REST"},{"floor":15,"key":"REST"}],"neow_cost":"","seed_source_timestamp":23557215617933,"circlet_count":0,"master_deck":["Strike_R","Strike_R+1","Strike_R+1","Strike_R","Strike_R+1","Defend_R","Defend_R+1","Defend_R","Defend_R","Bash","Pommel Strike","Body Slam+1","Clothesline","Warcry","Offering","Decay","Ghostly Armor","Armaments","Metallicize+1"],"relics":["Burning Blood","Bag of Marbles","Charon\u0027s Ashes","Paper Frog","Whetstone","Calling Bell","Strawberry","Dodecahedron","Turnip","Oddly Smooth Stone"],"potions_floor_usage":[11,16,16],"damage_taken":[{"damage":6,"enemies":"Cultist","floor":1,"turns":3},{"damage":11,"enemies":"2 Louse","floor":2,"turns":2},{"damage":8,"enemies":"Jaw Worm","floor":4,"turns":4},{"damage":9,"enemies":"3 Louse","floor":6,"turns":4},{"damage":39,"enemies":"Lagavulin","floor":7,"turns":7},{"damage":25,"enemies":"3 Sentries","floor":11,"turns":6},{"damage":0,"enemies":"Exordium Wildlife","floor":12,"turns":1},{"damage":0,"enemies":"2 Fungi Beasts","floor":13,"turns":2},{"damage":0,"enemies":"Large Slime","floor":14,"turns":4},{"damage":64,"enemies":"Hexaghost","floor":16,"turns":10},{"damage":52,"enemies":"Shell Parasite","floor":18,"turns":7},{"damage":13,"enemies":"Spheric Guardian","floor":21,"turns":4},{"damage":38,"enemies":"Cultist and Chosen","floor":22,"turns":5}],"seed_played":"6095809543426139085","potions_obtained":[{"floor":6,"key":"SteroidPotion"},{"floor":7,"key":"Weak Potion"},{"floor":11,"key":"Swift Potion"},{"floor":13,"key":"Regen Potion"}],"is_trial":false,"path_per_floor":["M","M","?","M","?","M","E","?","T","R","E","M","M","M","R","B",null,"M","?","$","M"],"character_chosen":"IRONCLAD","items_purchased":["Oddly Smooth Stone","Armaments"],"campfire_rested":2,"item_purchase_floors":[20,20],"current_hp_per_floor":[80,75,75,73,66,63,30,14,14,38,19,25,31,37,61,18,87,41,41,41,34,0],"gold":54,"neow_bonus":"","is_prod":false,"is_daily":false,"chose_seed":false,"campfire_upgraded":0,"win_rate":0,"timestamp":1539651322,"path_taken":["M","M","?","M","?","M","E","?","T","R","E","M","?","M","R","BOSS","M","?","$","M","?"],"build_version":"2018-10-11","purchased_purges":1,"victory":false,"max_hp_per_floor":[80,80,80,80,80,80,80,80,80,80,80,80,80,80,80,80,87,87,87,87,87,87],"card_choices":[{"not_picked":["Twin Strike","Power Through"],"picked":"Pommel Strike","floor":1},{"not_picked":["Bloodletting","Sword Boomerang"],"picked":"Body Slam","floor":2},{"not_picked":["Corruption","Flex","Pummel"],"picked":"SKIP","floor":4},{"not_picked":["Whirlwind","Thunderclap"],"picked":"Clothesline","floor":6},{"not_picked":["Anger","Combust","Exhume"],"picked":"SKIP","floor":7},{"not_picked":["Rampage","Blood for Blood"],"picked":"Warcry","floor":11},{"not_picked":["Twin Strike","Wild Strike","Sword Boomerang"],"picked":"SKIP","floor":12},{"not_picked":["Hemokinesis","Corruption","Rampage"],"picked":"SKIP","floor":13},{"not_picked":["Blood for Blood","Corruption","Reckless Charge"],"picked":"SKIP","floor":14},{"not_picked":["Double Tap","Dark Embrace"],"picked":"Offering","floor":16},{"not_picked":["Armaments","Dual Wield+1"],"picked":"Ghostly Armor","floor":18},{"not_picked":["Whirlwind","Sever Soul+1"],"picked":"Metallicize+1","floor":21}],"player_experience":156726,"relics_obtained":[{"floor":7,"key":"Charon\u0027s Ashes"},{"floor":9,"key":"Paper Frog"},{"floor":11,"key":"Whetstone"},{"floor":17,"key":"Strawberry"},{"floor":17,"key":"Dodecahedron"},{"floor":17,"key":"Turnip"}],"event_choices":[{"event_name":"Living Wall","player_choice":"Grow","floor":3,"damage_taken":0},{"event_name":"Scrap Ooze","player_choice":"success","floor":5,"damage_taken":7},{"event_name":"Shining Light","player_choice":"Entered Light","floor":8,"damage_taken":0},{"event_name":"Beggar","player_choice":"Gave Gold","floor":19,"damage_taken":0}],"is_beta":false,"boss_relics":[{"not_picked":["Snecko Eye","Philosopher\u0027s Stone"],"picked":"Calling Bell"}],"items_purged_floors":[20],"is_endless":false,"potions_floor_spawned":[6,7,11,13],"killed_by":"Cultist and Chosen","ascension_level":2}