{"gold_per_floor":[117,128,403,423,423,449,449,65,65,83,112,124,151,151,151,256,256,271,79,0,20,20,53,53,65,65,79,10,10,22,36,36,137,137,153,163,174,3,3,3,3],"floor_reached":41,"playtime":2050,"items_purged":[],"score":595,"play_id":"0cd9a2b8-e9dd-439b-9ed5-b4833013e4b3","local_time":"20181202162633","is_ascension_mode":true,"campfire_choices":[{"floor":7,"key":"REST"},{"floor":15,"key":"REST"},{"floor":29,"key":"REST"},{"floor":32,"key":"REST"},{"data":"Enlightenment","floor":40,"key":"SMITH"}],"neow_cost":"CURSE","seed_source_timestamp":5520743875261293,"circlet_count":0,"master_deck":["Zap","Dualcast","Normality","Machine Learning","Leap","Coolheaded","Conserve Battery","Gash","Static Discharge","Gash","Ball Lightning","Coolheaded","Self Repair","Defragment","Parasite","Electrodynamics","Hologram","Ball Lightning","Leap","Redo","Rebound","Stack","Steam","Cold Snap","Gash","Static Discharge","Chaos","RitualDagger","Sweeping Beam+1","Auto Shields+1","Self Repair","Ball Lightning+1","Self Repair+1","Machine Learning","Self Repair+1","Gash","Sweeping Beam","Dramatic Entrance","Deep Breath","Enlightenment+1"],"relics":["Cracked Core","Art of War","Torii","Bottled Flame","Incense Burner","Dodecahedron","Pandora\u0027s Box","Boot","Singing Bowl","Darkstone Periapt","Sozu","DataDisk"],"potions_floor_usage":[6,13,16,16,25,25,33,36,36],"damage_taken":[{"damage":8,"enemies":"Jaw Worm","floor":1,"turns":5},{"damage":5,"enemies":"Cultist","floor":2,"turns":5},{"damage":0,"enemies":"2 Louse","floor":4,"turns":1},{"damage":30,"enemies":"3 Sentries","floor":6,"turns":12},{"damage":2,"enemies":"Blue Slaver","floor":10,"turns":3},{"damage":21,"enemies":"Gremlin Nob","floor":11,"turns":4},{"damage":0,"enemies":"Exordium Wildlife","floor":12,"turns":3},{"damage":26,"enemies":"3 Sentries","floor":13,"turns":6},{"damage":10,"enemies":"Slime Boss","floor":16,"turns":13},{"damage":6,"enemies":"3 Byrds","floor":18,"turns":2},{"damage":10,"enemies":"Shell Parasite","floor":21,"turns":5},{"damage":39,"enemies":"Slavers","floor":23,"turns":4},{"damage":2,"enemies":"Snecko","floor":25,"turns":4},{"damage":7,"enemies":"3 Cultists","floor":27,"turns":4},{"damage":14,"enemies":"Sentry and Sphere","floor":30,"turns":5},{"damage":22,"enemies":"Snake Plant","floor":31,"turns":4},{"damage":50,"enemies":"Champ","floor":33,"turns":13},{"damage":1,"enemies":"3 Darklings","floor":35,"turns":5},{"damage":12,"enemies":"3 Shapes","floor":36,"turns":3},{"damage":52,"enemies":"Maw","floor":37,"turns":9},{"damage":55,"enemies":"2 Orb Walkers","floor":41,"turns":3}],"seed_played":"-2417922599120166641","potions_obtained":[{"floor":1,"key":"SteroidPotion"},{"floor":6,"key":"LiquidBronze"},{"floor":11,"key":"SpeedPotion"},{"floor":13,"key":"Weak Potion"},{"floor":16,"key":"Swift Potion"},{"floor":18,"key":"Ancient Potion"},{"floor":23,"key":"SpeedPotion"},{"floor":27,"key":"Strength Potion"},{"floor":33,"key":"Strength Potion"}],"is_trial":false,"path_per_floor":["M","M","?","M","?","E","R","$","T","M","E","M","E","?","R","B",null,"M","$","?","M","?","E","?","M","T","M","$","R","M","M","R","B",null,"M","M","M","$","?","R","?"],"character_chosen":"DEFECT","items_purchased":["Torii","Static Discharge","Gash","Boot","Static Discharge","Self Repair","DataDisk","Sweeping Beam"],"campfire_rested":4,"item_purchase_floors":[8,8,8,19,19,28,38,38],"current_hp_per_floor":[67,62,62,62,62,32,54,54,54,52,31,31,12,30,52,49,75,69,69,69,66,60,30,30,35,35,28,28,51,51,43,66,26,77,77,75,59,59,49,49,0],"gold":3,"neow_bonus":"THREE_RARE_CARDS","is_prod":false,"is_daily":false,"chose_seed":false,"campfire_upgraded":1,"win_rate":0,"timestamp":1543785993,"path_taken":["M","M","?","?","?","E","R","$","T","M","E","M","E","?","R","BOSS","M","$","?","M","?","E","?","M","T","M","$","R","M","M","R","BOSS","M","M","M","$","?","R","?"],"build_version":"2018-11-15","purchased_purges":0,"victory":false,"max_hp_per_floor":[75,75,75,75,75,75,75,75,75,75,75,75,75,75,75,75,75,75,75,75,75,75,77,77,77,77,77,77,77,77,77,77,77,77,77,77,79,79,79,79,79],"card_choices":[{"not_picked":["Reboot","Meteor Strike"],"picked":"Machine Learning","floor":0},{"not_picked":["Compile Driver","Cold Snap"],"picked":"Leap","floor":1},{"not_picked":["Turbo","Steam"],"picked":"Coolheaded","floor":2},{"not_picked":["Hologram","Sweeping Beam"],"picked":"Conserve Battery","floor":4},{"not_picked":["Compile Driver","Fusion"],"picked":"Gash","floor":6},{"not_picked":["FTL","Chaos"],"picked":"Ball Lightning","floor":10},{"not_picked":["Meteor Strike","Reprogram"],"picked":"Coolheaded","floor":11},{"not_picked":["Fusion","Rebound"],"picked":"Self Repair","floor":12},{"not_picked":["Hologram","Streamline"],"picked":"Defragment","floor":13},{"not_picked":["Fission","Machine Learning"],"picked":"Electrodynamics","floor":16},{"not_picked":["Beam Cell","Melter"],"picked":"Gash","floor":18},{"not_picked":["Ball Lightning","Turbo"],"picked":"Chaos","floor":21},{"not_picked":["Turbo","Doom and Gloom","Undo"],"picked":"Singing Bowl","floor":23},{"not_picked":["Reprogram","Scrape"],"picked":"Sweeping Beam+1","floor":25},{"not_picked":["Steam","Redo"],"picked":"Auto Shields+1","floor":27},{"not_picked":["Go for the Eyes","Cold Snap+1"],"picked":"Ball Lightning+1","floor":30},{"not_picked":["Hologram+1","Scrape"],"picked":"Self Repair+1","floor":31},{"not_picked":["Biased Cognition","Multi-Cast"],"picked":"Machine Learning","floor":33},{"not_picked":["Redo+1","Turbo"],"picked":"Self Repair+1","floor":35},{"not_picked":["Darkness","Conserve Battery+1"],"picked":"Gash","floor":36},{"not_picked":["Recycle+1","Sweeping Beam","Barrage+1"],"picked":"Singing Bowl","floor":37},{"not_picked":["Good Instincts","Panacea"],"picked":"Dramatic Entrance","floor":39},{"not_picked":["Blind","Transmutation"],"picked":"Deep Breath","floor":39},{"not_picked":["Madness","Panacea"],"picked":"Enlightenment","floor":39}],"player_experience":238044,"relics_obtained":[{"floor":6,"key":"Art of War"},{"floor":9,"key":"Bottled Flame"},{"floor":11,"key":"Incense Burner"},{"floor":13,"key":"Dodecahedron"},{"floor":23,"key":"Singing Bowl"},{"floor":26,"key":"Darkstone Periapt"}],"event_choices":[{"damage_healed":0,"gold_gain":275,"player_choice":"Desecrate","damage_taken":0,"max_hp_gain":0,"max_hp_loss":0,"event_name":"Golden Shrine","floor":3,"gold_loss":0,"cards_obtained":["Regret"]},{"cards_removed":["Regret"],"damage_healed":0,"gold_gain":0,"player_choice":"Forget","damage_taken":0,"max_hp_gain":0,"max_hp_loss":0,"event_name":"Living Wall","floor":5,"gold_loss":0},{"damage_healed":18,"gold_gain":0,"player_choice":"Healed and dodged fight","damage_taken":0,"max_hp_gain":0,"max_hp_loss":0,"event_name":"Mushrooms","floor":14,"gold_loss":0,"cards_obtained":["Parasite"]},{"damage_healed":0,"gold_gain":0,"player_choice":"Paid Fearfully","damage_taken":0,"max_hp_gain":0,"max_hp_loss":0,"event_name":"Masked Bandits","floor":20,"gold_loss":79},{"damage_healed":0,"gold_gain":0,"player_choice":"Joined the Cult","damage_taken":6,"max_hp_gain":0,"max_hp_loss":0,"event_name":"Nest","floor":22,"gold_loss":0,"cards_obtained":["RitualDagger"]},{"damage_healed":0,"gold_gain":0,"player_choice":"Ignored","damage_taken":0,"max_hp_gain":0,"max_hp_loss":0,"event_name":"Beggar","floor":24,"gold_loss":0},{"damage_healed":0,"gold_gain":0,"player_choice":"Memory 3","damage_taken":10,"max_hp_gain":0,"max_hp_loss":0,"event_name":"SensoryStone","floor":39,"gold_loss":0},{"damage_healed":0,"gold_gain":0,"player_choice":"Fight","damage_taken":0,"max_hp_gain":0,"max_hp_loss":0,"event_name":"Mysterious Sphere","floor":41,"gold_loss":0}],"is_beta":false,"boss_relics":[{"not_picked":["Velvet Choker","Coffee Dripper"],"picked":"Pandora\u0027s Box"},{"not_picked":["Snecko Eye","FrozenCore"],"picked":"Sozu"}],"items_purged_floors":[],"is_endless":false,"potions_floor_spawned":[1,6,11,13,16,18,23,27,33,35,37],"killed_by":"2 Orb Walkers","ascension_level":4}