{"gold_per_floor":[15,15,15,34,45,45,90,90,90,90,103,114,114,127,127,127],"floor_reached":16,"playtime":1299,"items_purged":[],"score":152,"play_id":"44713d90-a365-4800-9cd5-984c5d536037","local_time":"20190614074908","is_ascension_mode":true,"campfire_choices":[{"data":"Cloak And Dagger","floor":6,"key":"SMITH"},{"data":"Survivor","floor":8,"key":"SMITH"},{"data":"Caltrops","floor":10,"key":"SMITH"},{"data":"Calculated Gamble","floor":15,"key":"SMITH"}],"neow_cost":"NO_GOLD","seed_source_timestamp":136148163979453,"circlet_count":0,"master_deck":["AscendersBane","Defend_G+1","Defend_G","Defend_G","Defend_G","Defend_G+1","Strike_G","Strike_G","Strike_G","Strike_G","Strike_G","Survivor+1","Neutralize","Caltrops+1","Cloak And Dagger+1","Dagger Throw","Calculated Gamble+1","Backflip","Underhanded Strike"],"relics":["Ring of the Snake","Tingsha","Bag of Marbles","Anchor"],"potions_floor_usage":[16,16],"damage_taken":[{"damage":6,"enemies":"Cultist","floor":1,"turns":5},{"damage":0,"enemies":"Jaw Worm","floor":4,"turns":5},{"damage":6,"enemies":"2 Louse","floor":5,"turns":4},{"damage":3,"enemies":"Lots of Slimes","floor":11,"turns":3},{"damage":4,"enemies":"Gremlin Gang","floor":12,"turns":3},{"damage":0,"enemies":"Blue Slaver","floor":14,"turns":2},{"damage":31,"enemies":"The Guardian","floor":16,"turns":7}],"seed_played":"-805378157353003334","potions_obtained":[{"floor":1,"key":"PowerPotion"},{"floor":5,"key":"Weak Potion"},{"floor":13,"key":"PowerPotion"}],"is_trial":false,"path_per_floor":["M","?","?","M","M","R","T","R","T","R","M","M","?","M","R","B"],"character_chosen":"THE_SILENT","items_purchased":[],"campfire_rested":0,"item_purchase_floors":[],"current_hp_per_floor":[57,43,43,43,37,37,37,37,37,37,34,30,30,30,30,0],"gold":127,"neow_bonus":"ONE_RARE_RELIC","is_prod":false,"is_daily":false,"chose_seed":false,"campfire_upgraded":4,"win_rate":0,"timestamp":1560469748,"path_taken":["M","?","?","M","M","R","?","R","T","R","M","M","?","?","R","BOSS"],"build_version":"2019-01-23","purchased_purges":0,"victory":false,"max_hp_per_floor":[70,70,70,70,70,70,70,70,70,70,70,70,70,70,70,70],"card_choices":[{"not_picked":["Endless Agony","Sucker Punch"],"picked":"Caltrops","floor":1},{"not_picked":["Finisher","PiercingWail"],"picked":"Cloak And Dagger","floor":4},{"not_picked":["Escape Plan","Backstab"],"picked":"Dagger Throw","floor":5},{"not_picked":["Distraction","Infinite Blades"],"picked":"Calculated Gamble","floor":11},{"not_picked":["Sucker Punch","Dagger Throw"],"picked":"Backflip","floor":12},{"not_picked":["Flying Knee","Dagger Spray"],"picked":"Underhanded Strike","floor":14}],"player_experience":819415,"relics_obtained":[{"floor":7,"key":"Bag of Marbles"},{"floor":9,"key":"Anchor"}],"event_choices":[{"damage_healed":0,"gold_gain":0,"player_choice":"Entered Light","damage_taken":14,"max_hp_gain":0,"max_hp_loss":0,"event_name":"Shining Light","floor":2,"gold_loss":0,"cards_upgraded":["Defend_G","Defend_G"]},{"damage_healed":0,"gold_gain":0,"player_choice":"Ignored","damage_taken":0,"max_hp_gain":0,"max_hp_loss":0,"event_name":"Liars Game","floor":3,"gold_loss":0},{"damage_healed":0,"gold_gain":0,"player_choice":"Got Potions","damage_taken":0,"max_hp_gain":0,"max_hp_loss":0,"event_name":"Lab","floor":13,"gold_loss":0}],"is_beta":false,"boss_relics":[],"items_purged_floors":[],"is_endless":false,"potions_floor_spawned":[1,5,14],"killed_by":"The Guardian","ascension_level":13}