{"gold_per_floor":[110,120,120,132,97,130,141,141,141,159,159,171,197,213,213,213],"floor_reached":16,"playtime":724,"items_purged":[],"score":114,"play_id":"be1e52bd-5492-4193-a2af-d1b9dd4eb48f","local_time":"20180915014200","is_ascension_mode":false,"campfire_choices":[{"floor":8,"key":"REST"},{"floor":11,"key":"REST"},{"floor":15,"key":"REST"}],"neow_cost":"NONE","seed_source_timestamp":42624427203851,"circlet_count":0,"master_deck":["Strike_B","Strike_B","Strike_B","Strike_B","Defend_B","Defend_B","Defend_B","Defend_B","Zap+1","Dualcast","Compile Driver","Chaos","Regret","Genetic Algorithm","Chaos","Self Repair","Rainbow","Redo","Recycle","FTL"],"relics":["Cracked Core","Matryoshka","Gremlin Horn","Boot","Ornamental Fan","Bottled Lightning"],"potions_floor_usage":[6,16,16],"damage_taken":[{"damage":5,"enemies":"Small Slimes","floor":1,"turns":3},{"damage":6,"enemies":"Jaw Worm","floor":2,"turns":2},{"damage":1,"enemies":"Cultist","floor":4,"turns":3},{"damage":52,"enemies":"3 Sentries","floor":6,"turns":10},{"damage":12,"enemies":"Blue Slaver","floor":7,"turns":6},{"damage":10,"enemies":"Large Slime","floor":10,"turns":5},{"damage":7,"enemies":"Looter","floor":12,"turns":3},{"damage":19,"enemies":"Lagavulin","floor":13,"turns":6},{"damage":10,"enemies":"2 Fungi Beasts","floor":14,"turns":3},{"damage":63,"enemies":"The Guardian","floor":16,"turns":10}],"seed_played":"2818591917634836255","potions_obtained":[{"floor":2,"key":"SkillPotion"},{"floor":10,"key":"SteroidPotion"},{"floor":12,"key":"Explosive Potion"}],"is_trial":false,"path_per_floor":["M","M","?","M","?","E","M","R","T","M","R","M","E","M","R"],"character_chosen":"DEFECT","items_purchased":[],"campfire_rested":3,"item_purchase_floors":[],"current_hp_per_floor":[70,64,64,63,75,23,11,33,33,30,52,52,40,37,59,0],"gold":213,"neow_bonus":"UPGRADE_CARD","is_prod":false,"is_daily":false,"chose_seed":false,"campfire_upgraded":0,"win_rate":0.0,"timestamp":1536990120,"path_taken":["M","M","?","M","?","E","?","R","T","M","R","M","E","M","R","BOSS"],"build_version":"2018-09-06","purchased_purges":0,"victory":false,"max_hp_per_floor":[75,75,75,75,75,75,75,75,75,75,75,75,75,75,75,75],"card_choices":[{"not_picked":["Streamline","Melter"],"picked":"Compile Driver","floor":1},{"not_picked":["Ball Lightning","Steam"],"picked":"Chaos","floor":2},{"not_picked":["Go for the Eyes","Chill"],"picked":"Genetic Algorithm","floor":4},{"not_picked":["Beam Cell","All For One"],"picked":"Chaos","floor":6},{"not_picked":["Beam Cell","Streamline"],"picked":"Self Repair","floor":7},{"not_picked":["Sweeping Beam","Auto Shields"],"picked":"Rainbow","floor":10},{"not_picked":["Beam Cell","Rip and Tear"],"picked":"Redo","floor":12},{"not_picked":["Heatsinks","Streamline"],"picked":"Recycle","floor":13},{"not_picked":["Consume","Reprogram"],"picked":"FTL","floor":14}],"player_experience":108094,"relics_obtained":[{"floor":6,"key":"Gremlin Horn"},{"floor":9,"key":"Boot"},{"floor":9,"key":"Ornamental Fan"},{"floor":13,"key":"Bottled Lightning"}],"event_choices":[{"event_name":"Big Fish","player_choice":"Box","floor":3,"damage_taken":0},{"event_name":"The Cleric","player_choice":"Healed","floor":5,"damage_taken":0}],"is_beta":false,"boss_relics":[],"items_purged_floors":[],"is_endless":false,"potions_floor_spawned":[2,10,12],"killed_by":"The Guardian","ascension_level":0}