{"gold_per_floor":[117,117,91,21,34,63,63,63,63,77,89,121,136,150,150,255,255,267,278,278,22,34,34,59,59,105,121,133,146,146,146,146,146],"floor_reached":33,"playtime":3590,"items_purged":[],"score":279,"play_id":"df43ab52-1204-452f-bd91-da99b1ad2177","local_time":"20190115024913","is_ascension_mode":false,"campfire_choices":[{"floor":7.0,"key":"REST"},{"floor":15,"key":"REST"},{"floor":23,"key":"REST"},{"floor":25,"key":"REST"},{"floor":30,"key":"REST"},{"floor":32,"key":"REST"}],"neow_cost":"NONE","seed_source_timestamp":0,"circlet_count":0,"master_deck":["Defend_G","Defend_G","Defend_G","Defend_G","Defend_G","Strike_G","Strike_G","Strike_G","Strike_G","Strike_G","Survivor","Neutralize","Flying Knee","Heel Hook","Expertise","Terror","Neutralize","Prepared","Enlightenment","Outmaneuver","Quick Slash","Flying Knee","Finisher","Dagger Throw","Die Die Die","Predator","Sucker Punch","Poisoned Stab+1","Unload","Outmaneuver+1","Escape Plan+1","Predator"],"special_seed":0,"relics":["Ring of the Serpent","Calipers","Ice Cream","Tough Bandages","Shuriken","Bag of Preparation","PreservedInsect","Snake Skull"],"potions_floor_usage":[24,28,28,29,29,33],"damage_taken":[{"damage":1.0,"enemies":"Cultist","floor":1.0,"turns":5.0},{"damage":3.0,"enemies":"2 Louse","floor":5.0,"turns":2.0},{"damage":30.0,"enemies":"3 Sentries","floor":6.0,"turns":13.0},{"damage":1.0,"enemies":"Jaw Worm","floor":10.0,"turns":4.0},{"damage":16,"enemies":"Lots of Slimes","floor":11,"turns":5},{"damage":18,"enemies":"Lagavulin","floor":12,"turns":6},{"damage":13,"enemies":"2 Fungi Beasts","floor":13,"turns":3},{"damage":7,"enemies":"Looter","floor":14,"turns":3},{"damage":21,"enemies":"Hexaghost","floor":16,"turns":10},{"damage":24,"enemies":"Shell Parasite","floor":18,"turns":5},{"damage":17,"enemies":"Spheric Guardian","floor":19,"turns":4},{"damage":18,"enemies":"Snake Plant","floor":22,"turns":4},{"damage":27,"enemies":"Book of Stabbing","floor":24,"turns":5},{"damage":33,"enemies":"Centurion and Healer","floor":27,"turns":5},{"damage":19,"enemies":"Shelled Parasite and Fungi","floor":28,"turns":3},{"damage":0,"enemies":"Snake Plant","floor":29,"turns":3},{"damage":72,"enemies":"Champ","floor":33,"turns":7}],"seed_played":"-3786980276986145364","potions_obtained":[{"floor":6.0,"key":"Dexterity Potion"},{"floor":12,"key":"GhostInAJar"},{"floor":13,"key":"SpeedPotion"},{"floor":14,"key":"Block Potion"},{"floor":18,"key":"Weak Potion"},{"floor":19,"key":"FearPotion"},{"floor":20,"key":"FairyPotion"},{"floor":20,"key":"Explosive Potion"},{"floor":24,"key":"EntropicBrew"},{"floor":28,"key":"Block Potion"}],"is_trial":false,"path_per_floor":["M","?","?","$","M","E","R","?","T","M","M","E","M","M","R","B",null,"M","M","?","$","M","R","E","R","T","M","M","M","R","?","R","B"],"character_chosen":"THE_SILENT","items_purchased":["Heel Hook","Shuriken"],"campfire_rested":6,"item_purchase_floors":[4,21],"current_hp_per_floor":[76,81,81,81,78,48,72,72,72,71,55,37,24,17,41,20,82,58,41,41,41,23,47,20,44,44,11,8,8,32,32,56,0],"gold":146,"neow_bonus":"TEN_PERCENT_HP_BONUS","is_prod":false,"is_daily":false,"chose_seed":false,"campfire_upgraded":0,"win_rate":0.0,"timestamp":1547538553,"path_taken":["M","?","?","$","M","E","R","?","T","M","?","E","M","M","R","BOSS","M","M","?","$","?","R","E","R","T","M","M","M","R","?","R","BOSS"],"build_version":"2019-01-10","purchased_purges":0,"victory":false,"max_hp_per_floor":[77,82,82,82,82,82,82,82,82,82,82,82,82,82,82,82,82,82,82,82,82,82,82,82,82,82,82,82,82,82,82,82,82],"card_choices":[{"not_picked":["Slice","Acrobatics"],"picked":"Flying Knee","floor":1.0},{"not_picked":["Reflex","Underhanded Strike"],"picked":"Expertise","floor":5.0},{"not_picked":["Dash","Caltrops"],"picked":"Terror","floor":6.0},{"not_picked":["Prepared","Eviscerate"],"picked":"Outmaneuver","floor":10.0},{"not_picked":["PiercingWail","Bane"],"picked":"Quick Slash","floor":11},{"not_picked":["Deflect","Prepared"],"picked":"Flying Knee","floor":12},{"not_picked":["Masterful Stab","Dagger Throw"],"picked":"Finisher","floor":13},{"not_picked":["Doppelganger","Slice"],"picked":"Dagger Throw","floor":14},{"not_picked":["Venomology","Doppelganger"],"picked":"Die Die Die","floor":16},{"not_picked":["Quick Slash","Bane"],"picked":"Predator","floor":18},{"not_picked":["PiercingWail","Eviscerate"],"picked":"Sucker Punch","floor":19},{"not_picked":["Prepared","Leg Sweep"],"picked":"Poisoned Stab+1","floor":22},{"not_picked":["Dagger Throw","Heel Hook+1"],"picked":"Unload","floor":24},{"not_picked":["Caltrops+1","Choke"],"picked":"Outmaneuver+1","floor":27},{"not_picked":["Blur+1","Choke"],"picked":"Escape Plan+1","floor":28},{"not_picked":["Endless Agony+1","Quick Slash"],"picked":"Predator","floor":29}],"player_experience":1236,"relics_obtained":[{"floor":6.0,"key":"Calipers"},{"floor":9.0,"key":"Ice Cream"},{"floor":12,"key":"Tough Bandages"},{"floor":24,"key":"Bag of Preparation"},{"floor":26,"key":"PreservedInsect"}],"event_choices":[{"damage_healed":0.0,"max_hp_gain":5.0,"max_hp_loss":0.0,"gold_gain":0.0,"event_name":"Big Fish","player_choice":"Donut","floor":2.0,"gold_loss":0.0,"damage_taken":0.0},{"damage_healed":0.0,"max_hp_gain":0.0,"max_hp_loss":0.0,"gold_gain":0.0,"event_name":"World of Goop","player_choice":"Left Gold","floor":3.0,"gold_loss":26.0,"damage_taken":0.0},{"damage_healed":0.0,"max_hp_gain":0.0,"max_hp_loss":0.0,"gold_gain":0.0,"event_name":"Match and Keep!","player_choice":"3 cards matched","floor":8.0,"gold_loss":0.0,"damage_taken":0.0,"cards_obtained":["Neutralize","Prepared","Enlightenment"]},{"damage_healed":0,"gold_gain":0,"player_choice":"Got Potions","damage_taken":0,"max_hp_gain":0,"max_hp_loss":0,"event_name":"Lab","floor":20,"gold_loss":0},{"damage_healed":0,"gold_gain":0,"player_choice":"Opened","damage_taken":0,"relics_obtained":["Snake Skull"],"max_hp_gain":0,"max_hp_loss":0,"event_name":"The Mausoleum","floor":31,"gold_loss":0}],"is_beta":false,"boss_relics":[{"not_picked":["WristBlade","Empty Cage"],"picked":"Ring of the Serpent"}],"items_purged_floors":[],"is_endless":false,"potions_floor_spawned":[6,12,13,14,18,19,24,28],"killed_by":"Champ","ascension_level":0}