{"gold_per_floor":[118,118,118,130,130,130,169,41,41,41,72,15,36,36],"floor_reached":14,"playtime":1298,"items_purged":[],"score":182,"play_id":"f11f153b-873d-478f-b1ba-023b7f82b940","local_time":"20190619235858","is_ascension_mode":true,"campfire_choices":[{"data":"Neutralize","floor":6,"key":"SMITH"},{"floor":10,"key":"REST"}],"neow_cost":"NONE","seed_source_timestamp":677793325422867,"circlet_count":0,"master_deck":["AscendersBane","Defend_G","Defend_G","Defend_G","Defend_G","Defend_G","Strike_G","Strike_G","Strike_G","Strike_G","Strike_G","Survivor","Neutralize+1","Noxious Fumes","Dagger Spray","PiercingWail","Poisoned Stab","Footwork","Predator","Noxious Fumes","Deadly Poison","Backflip"],"relics":["Ring of the Snake","Golden Idol","Orichalcum","Matryoshka","Potion Belt"],"potions_floor_usage":[7],"damage_taken":[{"damage":4,"enemies":"Jaw Worm","floor":1,"turns":6},{"damage":7,"enemies":"Small Slimes","floor":4,"turns":3},{"damage":41,"enemies":"Lagavulin","floor":7,"turns":8},{"damage":22,"enemies":"Gremlin Nob","floor":11,"turns":5},{"damage":1,"enemies":"2 Louse","floor":13,"turns":3},{"damage":4,"enemies":"Exordium Thugs","floor":14,"turns":2}],"seed_played":"-3034568060183639255","potions_obtained":[{"floor":4,"key":"SteroidPotion"},{"floor":13,"key":"Ancient Potion"}],"is_trial":false,"path_per_floor":["M","?","?","M","?","R","E","$","T","R","E","$","M","M"],"character_chosen":"THE_SILENT","items_purchased":["Footwork","Predator","Deadly Poison"],"campfire_rested":1,"item_purchase_floors":[8,8,12],"current_hp_per_floor":[55,55,55,48,48,48,7,7,7,25,3,3,2,0],"gold":36,"neow_bonus":"THREE_CARDS","is_prod":false,"is_daily":false,"chose_seed":false,"campfire_upgraded":1,"win_rate":0,"timestamp":1561003138,"path_taken":["M","?","?","M","?","R","E","?","T","R","E","?","M","M"],"build_version":"2019-01-23","purchased_purges":0,"victory":false,"max_hp_per_floor":[66,66,66,66,60,60,60,60,60,60,60,60,60,60],"card_choices":[{"not_picked":["Underhanded Strike","Deflect"],"picked":"Noxious Fumes","floor":0},{"not_picked":["Dash","Deadly Poison"],"picked":"Dagger Spray","floor":1},{"not_picked":["Concentrate","Choke"],"picked":"PiercingWail","floor":4},{"not_picked":["Escape Plan","Well Laid Plans"],"picked":"Poisoned Stab","floor":7},{"not_picked":["Poisoned Stab","Backflip"],"picked":"Noxious Fumes","floor":11},{"not_picked":["Underhanded Strike","Heel Hook"],"picked":"Backflip","floor":13}],"player_experience":837208,"relics_obtained":[{"floor":7,"key":"Orichalcum"},{"floor":9,"key":"Matryoshka"},{"floor":11,"key":"Potion Belt"}],"event_choices":[{"damage_healed":0,"gold_gain":0,"player_choice":"Leave","damage_taken":0,"max_hp_gain":0,"max_hp_loss":0,"event_name":"The Cleric","floor":2,"gold_loss":0},{"damage_healed":0,"gold_gain":0,"player_choice":"Ignored","damage_taken":0,"max_hp_gain":0,"max_hp_loss":0,"event_name":"Liars Game","floor":3,"gold_loss":0},{"damage_healed":0,"gold_gain":0,"player_choice":"Lose Max HP","damage_taken":0,"relics_obtained":["Golden Idol"],"max_hp_gain":0,"max_hp_loss":6,"event_name":"Golden Idol","floor":5,"gold_loss":0}],"is_beta":false,"boss_relics":[],"items_purged_floors":[],"is_endless":false,"potions_floor_spawned":[4,13],"killed_by":"Exordium Thugs","ascension_level":18}