{"gold_per_floor":[113,131,14,27,46,46,81,97,122,149,162,162,162,179,179,254,254,226,176,196,44,64,64,91,91],"floor_reached":25,"playtime":1528,"items_purged":["Strike_R","Strike_R"],"score":470,"play_id":"f94b0e47-cba4-4e9e-b053-6d837339ece7","local_time":"20190123210628","is_ascension_mode":true,"campfire_choices":[{"data":"Whirlwind","floor":6,"key":"SMITH"},{"data":"Flame Barrier","floor":13,"key":"SMITH"},{"data":"Armaments","floor":15,"key":"SMITH"},{"data":"Evolve","floor":23,"key":"SMITH"}],"neow_cost":"NONE","seed_source_timestamp":3127079068139,"circlet_count":0,"master_deck":["AscendersBane","Strike_R","Strike_R","Strike_R","Defend_R","Defend_R","Defend_R","Defend_R","Bash","Clothesline","Pummel","Whirlwind+1","Reckless Charge","Flame Barrier+1","Inflame+1","Headbutt","Armaments+1","Reaper","Inflame+1","Evolve+1","Wild Strike","Iron Wave"],"relics":["Burning Blood","Blood Vial","Happy Flower","Bag of Preparation","Black Star","Juzu Bracelet","Bronze Scales"],"potions_floor_usage":[10,16,20,24],"damage_taken":[{"damage":7,"enemies":"Cultist","floor":1,"turns":4},{"damage":12,"enemies":"2 Louse","floor":2,"turns":3},{"damage":2,"enemies":"Jaw Worm","floor":4,"turns":5},{"damage":16,"enemies":"Gremlin Gang","floor":5,"turns":2},{"damage":32,"enemies":"Gremlin Nob","floor":7,"turns":4},{"damage":15,"enemies":"Large Slime","floor":8,"turns":6},{"damage":25,"enemies":"3 Sentries","floor":10,"turns":5},{"damage":4,"enemies":"Looter","floor":11,"turns":4},{"damage":0,"enemies":"Lots of Slimes","floor":14,"turns":1},{"damage":7,"enemies":"The Guardian","floor":16,"turns":16},{"damage":20,"enemies":"2 Thieves","floor":18,"turns":4},{"damage":24,"enemies":"Shell Parasite","floor":20,"turns":7},{"damage":5,"enemies":"Centurion and Healer","floor":22,"turns":10},{"damage":63,"enemies":"Book of Stabbing","floor":24,"turns":5},{"damage":24,"enemies":"Snake Plant","floor":25,"turns":3}],"seed_played":"-1718603648499863627","potions_obtained":[{"floor":4,"key":"AttackPotion"},{"floor":8,"key":"AttackPotion"},{"floor":14,"key":"Dexterity Potion"},{"floor":16,"key":"Strength Potion"},{"floor":24,"key":"Ancient Potion"}],"is_trial":false,"path_per_floor":["M","M","$","M","M","R","E","M","T","E","M","?","R","M","R","B",null,"M","?","M","$","M","R","E","M"],"character_chosen":"IRONCLAD","items_purchased":["Whirlwind","Wild Strike"],"campfire_rested":0,"item_purchase_floors":[3,21],"current_hp_per_floor":[74,68,68,72,62,62,36,29,29,12,16,16,16,24,24,25,68,56,56,40,40,58,58,15,0],"gold":91,"neow_bonus":"TEN_PERCENT_HP_BONUS","is_prod":false,"is_daily":false,"chose_seed":false,"campfire_upgraded":4,"win_rate":0,"timestamp":1548288388,"path_taken":["M","M","?","M","M","R","E","M","T","E","M","?","R","M","R","BOSS","M","?","M","$","M","R","E","M"],"build_version":"2019-01-23","purchased_purges":2,"victory":false,"max_hp_per_floor":[82,82,82,82,82,82,82,82,82,82,82,82,82,82,82,82,82,82,82,82,82,82,82,82,82],"card_choices":[{"not_picked":["Thunderclap","Body Slam"],"picked":"Clothesline","floor":1},{"not_picked":["Pommel Strike","Body Slam"],"picked":"Pummel","floor":2},{"not_picked":["Cleave","Searing Blow","Sword Boomerang"],"picked":"SKIP","floor":4},{"not_picked":["Combust","Cleave"],"picked":"Reckless Charge","floor":5},{"not_picked":["Perfected Strike","Barricade","Second Wind"],"picked":"SKIP","floor":7},{"not_picked":["Blood for Blood","Perfected Strike"],"picked":"Flame Barrier","floor":8},{"not_picked":["Impervious","Double Tap"],"picked":"Inflame","floor":10},{"not_picked":["Havoc","Intimidate"],"picked":"Headbutt","floor":11},{"not_picked":["Spot Weakness","True Grit"],"picked":"Armaments","floor":14},{"not_picked":["Barricade","Impervious"],"picked":"Reaper","floor":16},{"not_picked":["Warcry","Anger"],"picked":"Inflame+1","floor":18},{"not_picked":["True Grit","Body Slam"],"picked":"Evolve","floor":20},{"not_picked":["Wild Strike","Cleave","Clash"],"picked":"SKIP","floor":22},{"not_picked":["Flex","Sentinel"],"picked":"Iron Wave","floor":24}],"player_experience":760185,"relics_obtained":[{"floor":7,"key":"Blood Vial"},{"floor":9,"key":"Happy Flower"},{"floor":10,"key":"Bag of Preparation"},{"floor":24,"key":"Juzu Bracelet"},{"floor":24,"key":"Bronze Scales"}],"event_choices":[{"damage_healed":0,"gold_gain":0,"player_choice":"Fled","damage_taken":0,"max_hp_gain":0,"max_hp_loss":0,"event_name":"Scrap Ooze","floor":12,"gold_loss":0},{"damage_healed":0,"gold_gain":0,"player_choice":"Upgrade","damage_taken":0,"max_hp_gain":0,"max_hp_loss":0,"event_name":"Designer","floor":19,"gold_loss":50,"cards_upgraded":["Inflame"]}],"is_beta":false,"boss_relics":[{"not_picked":["Eternal Feather","Black Blood"],"picked":"Black Star"}],"items_purged_floors":[3,21],"is_endless":false,"potions_floor_spawned":[4,8,14,16,24],"killed_by":"Snake Plant","ascension_level":20}