{"gold_per_floor":[115,115,127,144,158,158,177,177,227,257,257,282,282,292,292,395,395,407,285,303,316,333,333,388,155,155,155,155,70,70,100,100,100],"floor_reached":33,"playtime":1402,"items_purged":["Regret"],"score":324,"play_id":"12db2a5a-6279-4524-ac58-8e30fb4f3034","local_time":"20190530184735","is_ascension_mode":true,"campfire_choices":[{"floor":6,"key":"REST"},{"floor":11,"key":"REST"},{"data":"Zap","floor":13,"key":"SMITH"},{"data":"Coolheaded","floor":15,"key":"SMITH"},{"floor":23,"key":"REST"},{"floor":27,"key":"REST"},{"floor":32,"key":"REST"}],"neow_cost":"NONE","seed_source_timestamp":1349901296533092,"circlet_count":0,"master_deck":["Strike_B","Strike_B","Defend_B","Defend_B","Defend_B","Defend_B","Zap+1","Dualcast","Compile Driver","Coolheaded+1","Gash","Chill","Electrodynamics","Self Repair","Ball Lightning","Sweeping Beam","Buffer","Genetic Algorithm","Glacier","Cold Snap","Meteor Strike","Cold Snap","Skim","Reinforced Body"],"relics":["Cracked Core","Sundial","Ancient Tea Set","Art of War","Happy Flower","Strawberry","Nuclear Battery","Tiny Chest","Membership Card","Pear","Frozen Egg 2","Ornamental Fan"],"potions_floor_usage":[16,21,24,24,31,33],"damage_taken":[{"damage":1,"enemies":"Jaw Worm","floor":1,"turns":3},{"damage":4,"enemies":"2 Louse","floor":3,"turns":2},{"damage":0,"enemies":"Cultist","floor":4,"turns":4},{"damage":4,"enemies":"Looter","floor":5,"turns":3},{"damage":14,"enemies":"Exordium Thugs","floor":7,"turns":5},{"damage":16,"enemies":"3 Sentries","floor":12,"turns":6},{"damage":1,"enemies":"Large Slime","floor":14,"turns":4},{"damage":22,"enemies":"Slime Boss","floor":16,"turns":8},{"damage":17,"enemies":"Spheric Guardian","floor":18,"turns":4},{"damage":1,"enemies":"3 Byrds","floor":20,"turns":4},{"damage":12,"enemies":"Centurion and Healer","floor":21,"turns":7},{"damage":25,"enemies":"Chosen and Byrds","floor":22,"turns":6},{"damage":49,"enemies":"Gremlin Leader","floor":24,"turns":7},{"damage":16,"enemies":"Slavers","floor":31,"turns":5},{"damage":87,"enemies":"Collector","floor":33,"turns":15}],"seed_played":"4945130297652140531","potions_obtained":[{"floor":3,"key":"EssenceOfSteel"},{"floor":5,"key":"FearPotion"},{"floor":16,"key":"Weak Potion"},{"floor":22,"key":"GamblersBrew"},{"floor":24,"key":"Ancient Potion"}],"is_trial":false,"path_per_floor":["M","?","M","M","M","R","M","?","T","?","R","E","R","M","R","B",null,"M","$","M","M","M","R","E","$","T","R","?","?","?","E","R","B"],"character_chosen":"DEFECT","items_purchased":["Glacier","PowerPotion","Membership Card"],"campfire_rested":5,"item_purchase_floors":[19,19,25],"current_hp_per_floor":[74,41,37,37,33,55,41,41,41,41,63,61,61,67,67,52,82,72,72,78,73,55,79,37,37,47,74,74,74,74,58,85,0],"gold":100,"neow_bonus":"THREE_CARDS","is_prod":false,"is_daily":false,"chose_seed":false,"campfire_upgraded":2,"win_rate":0,"timestamp":1559256455,"path_taken":["M","?","M","M","M","R","M","?","T","?","R","E","R","M","R","BOSS","M","$","M","M","M","R","E","$","T","R","?","?","?","E","R","BOSS"],"build_version":"2019-01-23","purchased_purges":1,"victory":false,"max_hp_per_floor":[75,75,75,75,75,75,75,75,75,75,75,82,82,82,82,82,82,82,82,82,82,82,82,82,82,92,92,92,92,92,92,92,92],"card_choices":[{"not_picked":["Conserve Battery","Barrage"],"picked":"Compile Driver","floor":0},{"not_picked":["Go for the Eyes","Conserve Battery"],"picked":"Coolheaded","floor":1},{"not_picked":["Ball Lightning","Heatsinks"],"picked":"Gash","floor":3},{"not_picked":["Stack","Sweeping Beam"],"picked":"Chill","floor":4},{"not_picked":["Redo","Steam"],"picked":"Electrodynamics","floor":5},{"not_picked":["Recycle","Hologram"],"picked":"Self Repair","floor":7},{"not_picked":["Rebound","Self Repair"],"picked":"Ball Lightning","floor":12},{"not_picked":["Self Repair","Blizzard"],"picked":"Sweeping Beam","floor":14},{"not_picked":["Amplify","Multi-Cast"],"picked":"Buffer","floor":16},{"not_picked":["Skim","Rip and Tear"],"picked":"Genetic Algorithm","floor":18},{"not_picked":["Tempest","Storm+1"],"picked":"Cold Snap","floor":20},{"not_picked":["Rebound","Streamline","Steam"],"picked":"SKIP","floor":21},{"not_picked":["Undo","Reprogram+1","Recycle"],"picked":"SKIP","floor":22},{"not_picked":["Scrape","Blizzard"],"picked":"Meteor Strike","floor":24},{"not_picked":["Leap","Recycle"],"picked":"Reinforced Body","floor":31}],"player_experience":683333,"relics_obtained":[{"floor":9,"key":"Art of War"},{"floor":12,"key":"Strawberry"},{"floor":24,"key":"Tiny Chest"},{"floor":26,"key":"Pear"},{"floor":31,"key":"Ornamental Fan"}],"event_choices":[{"damage_healed":0,"gold_gain":0,"player_choice":"Success","damage_taken":33,"relics_obtained":["Sundial"],"max_hp_gain":0,"max_hp_loss":0,"event_name":"Scrap Ooze","floor":2,"gold_loss":0},{"damage_healed":0,"gold_gain":0,"player_choice":"Box","damage_taken":0,"relics_obtained":["Ancient Tea Set"],"max_hp_gain":0,"max_hp_loss":0,"event_name":"Big Fish","floor":8,"gold_loss":0,"cards_obtained":["Regret"]},{"damage_healed":0,"gold_gain":30,"player_choice":"Searched \u00272\u0027 times","damage_taken":0,"relics_obtained":["Happy Flower"],"max_hp_gain":0,"max_hp_loss":0,"event_name":"Dead Adventurer","floor":10,"gold_loss":0},{"damage_healed":0,"gold_gain":0,"player_choice":"Ignored","damage_taken":0,"max_hp_gain":0,"max_hp_loss":0,"event_name":"Beggar","floor":28,"gold_loss":0},{"damage_healed":0,"gold_gain":0,"player_choice":"Obtained Relic","damage_taken":0,"relics_obtained":["Frozen Egg 2"],"max_hp_gain":0,"max_hp_loss":0,"event_name":"Addict","floor":29,"gold_loss":85},{"damage_healed":0,"gold_gain":0,"cards_transformed":["Strike_B","Strike_B"],"player_choice":"Became Test Subject","damage_taken":0,"max_hp_gain":0,"max_hp_loss":0,"event_name":"Drug Dealer","floor":30,"gold_loss":0,"cards_obtained":["Cold Snap","Skim"]}],"is_beta":false,"boss_relics":[{"not_picked":["Coffee Dripper","Sozu"],"picked":"Nuclear Battery"}],"items_purged_floors":[25],"is_endless":false,"potions_floor_spawned":[3,5,16,20,22,24],"killed_by":"Collector","ascension_level":1}