{"gold_per_floor":[116,116,132,132,145,145,170,190,190,16,51,51,51,69,69,200,200,218,79,79,94,18,18,42,63,63,63,104,104,139,157,157,157],"floor_reached":33,"playtime":4731,"items_purged":[],"score":287,"play_id":"4b5d5c61-0acd-46d8-89fb-b6eabb749d62","local_time":"20181209180727","is_ascension_mode":false,"campfire_choices":[{"floor":6,"key":"REST"},{"data":"Iron Wave","floor":15,"key":"SMITH"},{"data":"Disarm","floor":23,"key":"SMITH"},{"floor":32,"key":"REST"}],"neow_cost":"","seed_source_timestamp":158864397449915,"circlet_count":0,"master_deck":["Strike_R+1","Strike_R+1","Strike_R+1","Strike_R+1","Strike_R+1","Defend_R+1","Defend_R+1","Defend_R+1","Defend_R+1","Bash","Iron Wave+1","Perfected Strike+1","Flame Barrier","Sword Boomerang","Twin Strike","Flame Barrier+1","Warcry","Thunderclap","Demon Form","Seeing Red+1","Flex","Impatience+1","Pommel Strike","Disarm+1","Armaments","Perfected Strike","Reaper","Perfected Strike+1","Headbutt"],"relics":["Burning Blood","Golden Idol","MawBank","Whetstone","Strawberry","Velvet Choker","War Paint","Self Forming Clay","Bag of Marbles","MutagenicStrength","Blood Vial"],"potions_floor_usage":[11,11,30,30],"damage_taken":[{"damage":2,"enemies":"2 Louse","floor":1,"turns":3},{"damage":15,"enemies":"Small Slimes","floor":3,"turns":4},{"damage":11,"enemies":"Jaw Worm","floor":5,"turns":3},{"damage":0,"enemies":"2 Fungi Beasts","floor":7,"turns":3},{"damage":5,"enemies":"Looter","floor":8,"turns":4},{"damage":2,"enemies":"Gremlin Nob","floor":11,"turns":3},{"damage":5,"enemies":"3 Louse","floor":14,"turns":3},{"damage":25,"enemies":"The Guardian","floor":16,"turns":12},{"damage":10,"enemies":"Chosen","floor":18,"turns":4},{"damage":15,"enemies":"2 Thieves","floor":21,"turns":4},{"damage":9,"enemies":"3 Cultists","floor":24,"turns":5},{"damage":15,"enemies":"Centurion and Healer","floor":25,"turns":7},{"damage":32,"enemies":"Gremlin Leader","floor":28,"turns":7},{"damage":10,"enemies":"Book of Stabbing","floor":30,"turns":4},{"damage":8,"enemies":"Snecko","floor":31,"turns":3},{"damage":113,"enemies":"Champ","floor":33,"turns":10}],"seed_played":"5045043246122492707","potions_obtained":[{"floor":5,"key":"Strength Potion"},{"floor":8,"key":"Block Potion"},{"floor":25,"key":"Poison Potion"},{"floor":28,"key":"SpeedPotion"}],"is_trial":false,"path_per_floor":["M","?","M","?","M","R","M","M","T","$","E","?","?","M","R","B",null,"M","$","?","M","$","R","M","M","T","?","E","?","E","M","R","B"],"character_chosen":"IRONCLAD","items_purchased":["Whetstone","Flame Barrier","Flex","Impatience","Disarm"],"campfire_rested":2,"item_purchase_floors":[10,10,19,19,22],"current_hp_per_floor":[80,60,51,51,46,70,76,77,77,77,87,87,92,92,92,73,92,88,88,88,79,79,79,76,67,67,67,41,41,47,53,80,0],"gold":157,"neow_bonus":"","is_prod":false,"is_daily":false,"chose_seed":false,"campfire_upgraded":2,"win_rate":0.0,"timestamp":1544407647,"path_taken":["M","?","M","?","M","R","M","M","T","?","E","?","?","M","R","BOSS","M","$","?","M","$","R","M","M","T","?","E","?","E","M","R","BOSS"],"build_version":"2018-12-06","purchased_purges":0,"victory":false,"max_hp_per_floor":[80,80,80,80,80,80,80,80,80,80,87,87,92,92,92,92,92,92,92,92,92,92,92,92,92,92,92,92,92,92,92,92,92],"card_choices":[{"not_picked":["Headbutt","Burning Pact"],"picked":"Iron Wave","floor":1},{"not_picked":["Clothesline","Feel No Pain"],"picked":"Perfected Strike","floor":3},{"not_picked":["Fire Breathing","True Grit"],"picked":"Flame Barrier","floor":5},{"not_picked":["Shrug It Off","Corruption"],"picked":"Sword Boomerang","floor":7},{"not_picked":["Berserk","Blood for Blood"],"picked":"Twin Strike","floor":8},{"not_picked":["Shrug It Off","Sword Boomerang"],"picked":"Warcry","floor":11},{"not_picked":["Flex","Perfected Strike"],"picked":"Thunderclap","floor":14},{"not_picked":["Dark Embrace","Barricade"],"picked":"Demon Form","floor":16},{"not_picked":["Headbutt","Combust"],"picked":"Seeing Red+1","floor":18},{"not_picked":["Searing Blow","Flame Barrier"],"picked":"Pommel Strike","floor":21},{"not_picked":["Cleave","Headbutt"],"picked":"Armaments","floor":24},{"not_picked":["Shrug It Off","Twin Strike"],"picked":"Perfected Strike","floor":25},{"not_picked":["Rampage","Perfected Strike"],"picked":"Reaper","floor":28},{"not_picked":["Clothesline","Body Slam+1"],"picked":"Perfected Strike+1","floor":30},{"not_picked":["Flame Barrier","Anger+1"],"picked":"Headbutt","floor":31}],"player_experience":0,"relics_obtained":[{"floor":9,"key":"MawBank"},{"floor":11,"key":"Strawberry"},{"floor":26,"key":"War Paint"},{"floor":28,"key":"Bag of Marbles"},{"floor":30,"key":"Blood Vial"}],"event_choices":[{"damage_healed":0,"gold_gain":0,"player_choice":"Take Damage","damage_taken":20,"relics_obtained":["Golden Idol"],"max_hp_gain":0,"max_hp_loss":0,"event_name":"Golden Idol","floor":2,"gold_loss":0},{"damage_healed":0,"gold_gain":0,"player_choice":"Ignored","damage_taken":0,"max_hp_gain":0,"max_hp_loss":0,"event_name":"Golden Wing","floor":4,"gold_loss":0},{"damage_healed":0,"gold_gain":0,"player_choice":"Grow","damage_taken":0,"max_hp_gain":0,"max_hp_loss":0,"event_name":"Living Wall","floor":12,"gold_loss":0,"cards_upgraded":["Perfected Strike"]},{"damage_healed":0,"gold_gain":0,"player_choice":"Donut","damage_taken":0,"max_hp_gain":5,"max_hp_loss":0,"event_name":"Big Fish","floor":13,"gold_loss":0},{"damage_healed":0,"gold_gain":0,"player_choice":"Simplicity","damage_taken":0,"max_hp_gain":0,"max_hp_loss":0,"event_name":"Back to Basics","floor":20,"gold_loss":0,"cards_upgraded":["Strike_R","Strike_R","Strike_R","Defend_R","Defend_R","Defend_R","Defend_R"]},{"damage_healed":0,"gold_gain":0,"player_choice":"Opened","damage_taken":0,"relics_obtained":["Self Forming Clay"],"max_hp_gain":0,"max_hp_loss":0,"event_name":"The Mausoleum","floor":27,"gold_loss":0},{"damage_healed":0,"gold_gain":0,"player_choice":"Inject Mutagens","damage_taken":0,"relics_obtained":["MutagenicStrength"],"max_hp_gain":0,"max_hp_loss":0,"event_name":"Drug Dealer","floor":29,"gold_loss":0}],"is_beta":false,"boss_relics":[{"not_picked":["White Beast Statue","Coffee Dripper"],"picked":"Velvet Choker"}],"items_purged_floors":[],"is_endless":false,"potions_floor_spawned":[5,8,25,28],"killed_by":"Champ","ascension_level":0}