{"gold_per_floor":[113,113,127,52,52,52,72,91,91,91,166,166,198,34,34,34],"floor_reached":16,"playtime":510,"items_purged":[],"score":196,"play_id":"13f8de21-4726-4f5d-a5ea-ca6a1851b461","local_time":"20190103152348","is_ascension_mode":true,"campfire_choices":[{"data":"Neutralize","floor":6,"key":"SMITH"},{"data":"Poisoned Stab","floor":10,"key":"SMITH"},{"data":"Dash","floor":12,"key":"SMITH"},{"data":"Flying Knee","floor":15,"key":"SMITH"}],"neow_cost":"NONE","seed_source_timestamp":12180672662798,"circlet_count":0,"master_deck":["AscendersBane","Defend_G","Defend_G","Defend_G","Defend_G","Defend_G","Strike_G","Strike_G","Strike_G","Survivor","Neutralize+1","Flying Knee+1","Dash+1","Poisoned Stab+1","Dodge and Roll"],"relics":["Ring of the Snake","NeowsBlessing","Ancient Tea Set","Mummified Hand","PreservedInsect","Oddly Smooth Stone"],"potions_floor_usage":[13],"damage_taken":[{"damage":0,"enemies":"Jaw Worm","floor":1,"turns":1},{"damage":0,"enemies":"Cultist","floor":3,"turns":1},{"damage":0,"enemies":"2 Louse","floor":7,"turns":1},{"damage":7,"enemies":"Exordium Wildlife","floor":8,"turns":6},{"damage":12,"enemies":"Lagavulin","floor":13,"turns":5},{"damage":44,"enemies":"Slime Boss","floor":16,"turns":8}],"seed_played":"-8764082197352646200","potions_obtained":[{"floor":3,"key":"SkillPotion"},{"floor":13,"key":"Energy Potion"}],"is_trial":false,"path_per_floor":["M","?","M","?","T","R","M","M","T","R","?","R","E","$","R","B"],"character_chosen":"THE_SILENT","items_purchased":["Oddly Smooth Stone"],"campfire_rested":0,"item_purchase_floors":[14],"current_hp_per_floor":[59,59,59,59,59,59,59,52,52,52,41,41,29,29,29,0],"gold":34,"neow_bonus":"THREE_ENEMY_KILL","is_prod":false,"is_daily":false,"chose_seed":false,"campfire_upgraded":4,"win_rate":0,"timestamp":1546539828,"path_taken":["M","?","?","?","?","R","M","?","T","R","?","R","E","?","R","BOSS"],"build_version":"2018-12-20","purchased_purges":0,"victory":false,"max_hp_per_floor":[66,66,66,66,66,66,66,66,66,66,66,66,66,66,66,66],"card_choices":[{"not_picked":["Dagger Spray","Terror"],"picked":"Flying Knee","floor":1},{"not_picked":["Endless Agony","All Out Attack"],"picked":"Dash","floor":3},{"not_picked":["Eviscerate","Crippling Poison"],"picked":"Poisoned Stab","floor":7},{"not_picked":["Bane","Prepared","Poisoned Stab"],"picked":"SKIP","floor":8},{"not_picked":["Concentrate","Flying Knee"],"picked":"Dodge and Roll","floor":13}],"player_experience":683442,"relics_obtained":[{"floor":5,"key":"Ancient Tea Set"},{"floor":9,"key":"Mummified Hand"},{"floor":13,"key":"PreservedInsect"}],"event_choices":[{"cards_removed":["Strike_G"],"damage_healed":0,"gold_gain":0,"player_choice":"Offered Basic","damage_taken":0,"max_hp_gain":0,"max_hp_loss":0,"event_name":"Bonfire Elementals","floor":2,"gold_loss":0},{"cards_removed":["Strike_G"],"damage_healed":0,"gold_gain":0,"player_choice":"Card Removal","damage_taken":0,"max_hp_gain":0,"max_hp_loss":0,"event_name":"The Cleric","floor":4,"gold_loss":75},{"damage_healed":0,"gold_gain":75,"player_choice":"Gather Gold","damage_taken":11,"max_hp_gain":0,"max_hp_loss":0,"event_name":"World of Goop","floor":11,"gold_loss":0}],"is_beta":false,"boss_relics":[],"items_purged_floors":[],"is_endless":false,"potions_floor_spawned":[3,13],"killed_by":"Slime Boss","ascension_level":20}