{"gold_per_floor":[114,114,28,46,46,85,112,155,167,214,249,261],"floor_reached":12,"playtime":476,"items_purged":[],"score":115,"play_id":"4ea1e04f-0728-4a93-8b32-2623652d0916","local_time":"20181029214648","is_ascension_mode":true,"campfire_choices":[],"neow_cost":"NONE","seed_source_timestamp":2600345479528986,"circlet_count":0,"master_deck":["Strike_B","Strike_B","Strike_B","Strike_B","Defend_B","Defend_B","Defend_B","Defend_B","Zap","Dualcast","Rip and Tear","Regret","Defragment","Steam","Hello World","Injury","Conserve Battery","Coolheaded","Darkness","Steam"],"relics":["Cracked Core","Cables","Golden Idol","Centennial Puzzle","MawBank","Sundial","Bottled Tornado","Pen Nib"],"potions_floor_usage":[6,6,8,8,10,10],"damage_taken":[{"damage":2,"enemies":"Jaw Worm","floor":1,"turns":4},{"damage":2,"enemies":"2 Louse","floor":4,"turns":3},{"damage":25,"enemies":"3 Sentries","floor":6,"turns":6},{"damage":31,"enemies":"Lagavulin","floor":8,"turns":7},{"damage":26,"enemies":"Gremlin Nob","floor":10,"turns":4},{"damage":3,"enemies":"Cultist","floor":11,"turns":3},{"damage":17,"enemies":"Lagavulin","floor":12,"turns":4}],"seed_played":"167569871526520840","potions_obtained":[{"floor":1,"key":"Poison Potion"},{"floor":4,"key":"Ancient Potion"},{"floor":6,"key":"EntropicBrew"}],"is_trial":false,"path_per_floor":["M","?","$","M","?","E","T","E","T","E","M"],"character_chosen":"DEFECT","items_purchased":["Defragment","Steam"],"campfire_rested":0,"item_purchase_floors":[3,3],"current_hp_per_floor":[80,80,80,78,78,53,53,34,34,8,5,0],"gold":261,"neow_bonus":"TEN_PERCENT_HP_BONUS","is_prod":false,"is_daily":false,"chose_seed":false,"campfire_upgraded":0,"win_rate":0,"timestamp":1540864008,"path_taken":["M","?","$","M","?","E","?","E","T","E","M","E"],"build_version":"2018-10-25v2","purchased_purges":0,"victory":false,"max_hp_per_floor":[82,82,82,82,82,82,82,82,82,82,82,82],"card_choices":[{"not_picked":["Storm","Scrape"],"picked":"Rip and Tear","floor":1},{"not_picked":["Stack","Barrage"],"picked":"Hello World","floor":4},{"not_picked":["Hello World","Hologram"],"picked":"Conserve Battery","floor":6},{"not_picked":["Meteor Strike","Reinforced Body"],"picked":"Coolheaded","floor":8},{"not_picked":["Meteor Strike","Rip and Tear"],"picked":"Darkness","floor":10},{"not_picked":["Scrape","Streamline"],"picked":"Steam","floor":11}],"player_experience":201701,"relics_obtained":[{"floor":6,"key":"Centennial Puzzle"},{"floor":7,"key":"MawBank"},{"floor":8,"key":"Sundial"},{"floor":9,"key":"Bottled Tornado"},{"floor":10,"key":"Pen Nib"}],"event_choices":[{"damage_healed":0,"gold_gain":0,"player_choice":"Box","damage_taken":0,"relics_obtained":["Cables"],"max_hp_gain":0,"max_hp_loss":0,"event_name":"Big Fish","floor":2,"gold_loss":0,"cards_obtained":["Regret"]},{"damage_healed":0,"gold_gain":0,"player_choice":"Take Wound","damage_taken":0,"relics_obtained":["Golden Idol"],"max_hp_gain":0,"max_hp_loss":0,"event_name":"Golden Idol","floor":5,"gold_loss":0,"cards_obtained":["Injury"]}],"is_beta":false,"boss_relics":[],"items_purged_floors":[],"is_endless":false,"potions_floor_spawned":[1,4,6],"killed_by":"Lagavulin","ascension_level":4}