{"gold_per_floor":[109,38,38,38,38,38,68,68,68,98,110,110,135,148,148,247,247,264,264,284,36,36,64,64,96,149,149,166,200,170,186,186,287,287,301,314,76,76],"floor_reached":38,"playtime":1539,"items_purged":[],"score":806,"play_id":"2d6e136b-c0ff-4ed3-a7bc-b34579c75be9","local_time":"20190503121711","is_ascension_mode":true,"campfire_choices":[{"data":"Neutralize","floor":6,"key":"SMITH"},{"data":"Quick Slash","floor":8,"key":"SMITH"},{"data":"Backstab","floor":12,"key":"SMITH"},{"data":"Terror","floor":15,"key":"SMITH"},{"floor":24,"key":"REST"},{"floor":27,"key":"REST"},{"floor":32,"key":"REST"}],"neow_cost":"NONE","seed_source_timestamp":151587385468559,"circlet_count":0,"master_deck":["AscendersBane","Survivor","Neutralize+1","Quick Slash+1","Noxious Fumes+1","Terror+1","Backstab+1","Backstab","Phantasmal Killer","Dagger Spray","Prepared+1","Well Laid Plans","Backflip","Noxious Fumes+1","Finisher","Poisoned Stab+1","Riddle With Holes+1","Finisher+1","Footwork","Finisher+1","Infinite Blades+1","Glass Knife+1","Outmaneuver","PiercingWail","Concentrate+1","Cloak And Dagger","Eviscerate+1","Dagger Spray+1","Concentrate+1","A Thousand Cuts","Slice+1","Predator+1","Dash+1","PiercingWail","Well Laid Plans"],"relics":["Ring of the Snake","NeowsBlessing","Bag of Marbles","Blood Vial","Gremlin Horn","Whetstone","Boot","Lizard Tail","Incense Burner","Bronze Scales","Girya","Molten Egg 2","Dream Catcher","Dodecahedron","Pandora\u0027s Box","War Paint"],"potions_floor_usage":[23,23,29,31,31,33],"damage_taken":[{"damage":0,"enemies":"Jaw Worm","floor":1,"turns":1},{"damage":0,"enemies":"Lagavulin","floor":7,"turns":1},{"damage":0,"enemies":"3 Sentries","floor":10,"turns":1},{"damage":0,"enemies":"2 Louse","floor":11,"turns":1},{"damage":0,"enemies":"Cultist","floor":14,"turns":2},{"damage":33,"enemies":"The Guardian","floor":16,"turns":11},{"damage":17,"enemies":"Chosen","floor":18,"turns":5},{"damage":22,"enemies":"Spheric Guardian","floor":20,"turns":4},{"damage":17,"enemies":"Book of Stabbing","floor":23,"turns":5},{"damage":17,"enemies":"Slavers","floor":25,"turns":3},{"damage":10,"enemies":"Cultist and Chosen","floor":28,"turns":4},{"damage":21,"enemies":"Book of Stabbing","floor":29,"turns":3},{"damage":2,"enemies":"Centurion and Healer","floor":31,"turns":2},{"damage":92,"enemies":"Collector","floor":33,"turns":5},{"damage":24,"enemies":"3 Darklings","floor":35,"turns":6},{"damage":22,"enemies":"3 Shapes","floor":36,"turns":4},{"damage":18,"enemies":"Spire Growth","floor":38,"turns":1}],"seed_played":"-4548957979679358483","potions_obtained":[{"floor":1,"key":"AttackPotion"},{"floor":10,"key":"SmokeBomb"},{"floor":11,"key":"Strength Potion"},{"floor":28,"key":"FearPotion"},{"floor":30,"key":"Regen Potion"},{"floor":30,"key":"Block Potion"},{"floor":31,"key":"Regen Potion"},{"floor":33,"key":"SpeedPotion"}],"is_trial":false,"path_per_floor":["M","$","?","?","?","R","E","R","T","E","M","R","T","M","R","B",null,"M","?","M","$","?","E","R","E","T","R","M","E","?","M","R","B",null,"M","M","$","M"],"character_chosen":"THE_SILENT","items_purchased":["Noxious Fumes","Bronze Scales","Well Laid Plans","Backflip","War Paint","Well Laid Plans"],"campfire_rested":3,"item_purchase_floors":[2,21,21,21,37,37],"current_hp_per_floor":[63,63,49,49,46,46,46,46,46,48,50,50,50,52,52,21,58,43,43,23,23,23,8,29,14,14,35,27,8,8,13,34,2,53,31,11,11,0],"gold":76,"neow_bonus":"THREE_ENEMY_KILL","is_prod":false,"is_daily":false,"chose_seed":false,"campfire_upgraded":4,"win_rate":0,"timestamp":1556900231,"path_taken":["M","$","?","?","?","R","E","R","T","E","M","R","?","M","R","BOSS","M","?","?","$","?","E","R","E","T","R","?","E","?","M","R","BOSS","M","M","$","?"],"build_version":"2019-01-23","purchased_purges":0,"victory":false,"max_hp_per_floor":[70,70,70,70,70,70,70,70,70,70,70,70,70,70,70,70,70,70,70,70,70,70,70,70,70,70,70,70,70,70,70,70,70,70,70,70,70,70],"card_choices":[{"not_picked":["Choke","Slice"],"picked":"Quick Slash","floor":1},{"not_picked":["Storm of Steel","Flying Knee"],"picked":"Terror","floor":7},{"not_picked":["Infinite Blades","Blade Dance"],"picked":"Backstab","floor":10},{"not_picked":["Deflect","Setup","Sucker Punch"],"picked":"SKIP","floor":11},{"not_picked":["Expertise","Flying Knee"],"picked":"Backstab","floor":14},{"not_picked":["Grand Finale","Unload"],"picked":"Phantasmal Killer","floor":16},{"not_picked":["Bane","Tactician"],"picked":"Dagger Spray","floor":18},{"not_picked":["Deflect+1","Sucker Punch"],"picked":"Prepared+1","floor":20},{"not_picked":["Backstab","Calculated Gamble"],"picked":"Finisher","floor":23},{"not_picked":["Prepared","Concentrate"],"picked":"Poisoned Stab","floor":25},{"not_picked":["Slice+1","Calculated Gamble"],"picked":"Riddle With Holes+1","floor":27},{"not_picked":["Flying Knee+1","Quick Slash+1"],"picked":"Finisher+1","floor":28},{"not_picked":["Deadly Poison","A Thousand Cuts"],"picked":"Footwork","floor":29},{"not_picked":["Reflex","Acrobatics"],"picked":"Finisher+1","floor":31},{"not_picked":["Backflip","Dagger Spray+1"],"picked":"Infinite Blades+1","floor":32},{"not_picked":["Burst","Phantasmal Killer"],"picked":"Glass Knife+1","floor":33},{"not_picked":["Dodge and Roll","Poisoned Stab+1"],"picked":"Dash+1","floor":35},{"not_picked":["Quick Slash+1","Deflect"],"picked":"PiercingWail","floor":36}],"player_experience":475184,"relics_obtained":[{"floor":7,"key":"Blood Vial"},{"floor":9,"key":"Gremlin Horn"},{"floor":10,"key":"Whetstone"},{"floor":13,"key":"Boot"},{"floor":19,"key":"Incense Burner"},{"floor":23,"key":"Girya"},{"floor":25,"key":"Molten Egg 2"},{"floor":26,"key":"Dream Catcher"},{"floor":29,"key":"Dodecahedron"}],"event_choices":[{"damage_healed":0,"gold_gain":0,"player_choice":"Entered Light","damage_taken":14,"max_hp_gain":0,"max_hp_loss":0,"event_name":"Shining Light","floor":3,"gold_loss":0,"cards_upgraded":["Defend_G","Noxious Fumes"]},{"damage_healed":0,"gold_gain":0,"player_choice":"Ignored","damage_taken":0,"max_hp_gain":0,"max_hp_loss":0,"event_name":"Golden Wing","floor":4,"gold_loss":0},{"damage_healed":0,"gold_gain":0,"player_choice":"Success","damage_taken":3,"relics_obtained":["Bag of Marbles"],"max_hp_gain":0,"max_hp_loss":0,"event_name":"Scrap Ooze","floor":5,"gold_loss":0},{"damage_healed":0,"gold_gain":0,"player_choice":"Relic","damage_taken":0,"max_hp_gain":0,"max_hp_loss":0,"event_name":"Wheel of Change","floor":19,"gold_loss":0},{"damage_healed":0,"gold_gain":0,"player_choice":"Copied","damage_taken":0,"max_hp_gain":0,"max_hp_loss":0,"event_name":"Duplicator","floor":22,"gold_loss":0,"cards_obtained":["Noxious Fumes"]},{"damage_healed":0,"gold_gain":0,"player_choice":"Bought 2 Potions","damage_taken":0,"max_hp_gain":0,"max_hp_loss":0,"event_name":"The Woman in Blue","floor":30,"gold_loss":0}],"is_beta":false,"boss_relics":[{"not_picked":["Busted Crown","Snecko Eye"],"picked":"Lizard Tail"},{"not_picked":["Empty Cage","WristBlade"],"picked":"Pandora\u0027s Box"}],"items_purged_floors":[],"is_endless":false,"potions_floor_spawned":[1,10,11,20,28,31,33],"killed_by":"Spire Growth","ascension_level":12}