{"gold_per_floor":[119,119,294,308,308,333,348,380,407,407,436,452,477,494,494,599,599,599,599,599,599,369,369,369,369,369,369,369,369,369,369,369,369,369,369,369,369,369,369,369,369],"floor_reached":41,"playtime":3057,"items_purged":["Doubt"],"score":541,"play_id":"80d06a13-8bde-4a14-85b5-e68db5cde122","local_time":"20190120201557","is_ascension_mode":true,"campfire_choices":[{"floor":10.0,"key":"REST"},{"floor":15.0,"key":"REST"},{"floor":28.0,"key":"REST"},{"floor":30.0,"key":"REST"},{"floor":32.0,"key":"REST"},{"floor":40,"key":"REST"}],"neow_cost":"NONE","seed_source_timestamp":1007632695782216,"circlet_count":0,"master_deck":["Defend_G","Defend_G","Defend_G","Defend_G","Defend_G","Strike_G","Strike_G","Strike_G","Strike_G","Strike_G+1","Survivor","Neutralize+1","Dagger Spray+1","Noxious Fumes","A Thousand Cuts+1","Deadly Poison","Acrobatics","Terror","Concentrate","Noxious Fumes","Predator+1","Glass Knife","Sucker Punch","Terror+1","Finisher","Well Laid Plans","Backstab","Wraith Form v2","A Thousand Cuts+1","Blade Dance+1","Dagger Spray+1"],"special_seed":0,"relics":["Ring of the Snake","Bag of Preparation","Bag of Marbles","Ancient Tea Set","Odd Mushroom","Du-Vu Doll","Ectoplasm","Happy Flower","Whetstone","Vajra","Black Star","The Specimen"],"potions_floor_usage":[33,33,33,41],"damage_taken":[{"damage":0.0,"enemies":"2 Louse","floor":1.0,"turns":3.0},{"damage":0.0,"enemies":"Small Slimes","floor":4.0,"turns":4.0},{"damage":32.0,"enemies":"3 Sentries","floor":6.0,"turns":8.0},{"damage":4.0,"enemies":"Jaw Worm","floor":7.0,"turns":5.0},{"damage":15.0,"enemies":"Gremlin Nob","floor":8.0,"turns":5.0},{"damage":6.0,"enemies":"The Mushroom Lair","floor":11.0,"turns":3.0},{"damage":0.0,"enemies":"Large Slime","floor":12.0,"turns":5.0},{"damage":10.0,"enemies":"3 Sentries","floor":13.0,"turns":4.0},{"damage":12.0,"enemies":"Red Slaver","floor":14.0,"turns":4.0},{"damage":18.0,"enemies":"The Guardian","floor":16.0,"turns":9.0},{"damage":5.0,"enemies":"3 Byrds","floor":18.0,"turns":3.0},{"damage":7.0,"enemies":"Chosen","floor":19.0,"turns":3.0},{"damage":12.0,"enemies":"Gremlin Leader","floor":23.0,"turns":4.0},{"damage":0.0,"enemies":"Snake Plant","floor":24.0,"turns":2.0},{"damage":10.0,"enemies":"3 Cultists","floor":25.0,"turns":3.0},{"damage":4.0,"enemies":"Cultist and Chosen","floor":27.0,"turns":4.0},{"damage":11.0,"enemies":"Shelled Parasite and Fungi","floor":29.0,"turns":3.0},{"damage":6.0,"enemies":"Snake Plant","floor":31.0,"turns":3.0},{"damage":83,"enemies":"Automaton","floor":33,"turns":10},{"damage":21,"enemies":"3 Shapes","floor":35,"turns":5},{"damage":9,"enemies":"Orb Walker","floor":38,"turns":4},{"damage":20,"enemies":"2 Orb Walkers","floor":39,"turns":4},{"damage":56,"enemies":"Giant Head","floor":41,"turns":6}],"seed_played":"7398386021464175445","potions_obtained":[{"floor":6.0,"key":"GamblersBrew"},{"floor":7.0,"key":"Block Potion"},{"floor":8.0,"key":"Weak Potion"},{"floor":12.0,"key":"EssenceOfSteel"},{"floor":14.0,"key":"SpeedPotion"},{"floor":18.0,"key":"EssenceOfSteel"},{"floor":25.0,"key":"GhostInAJar"},{"floor":27.0,"key":"Regen Potion"},{"floor":31.0,"key":"Fire Potion"},{"floor":39,"key":"Dexterity Potion"}],"is_trial":false,"path_per_floor":["M","?","?","M","?","E","M","E","T","R","?","M","E","M","R","B",null,"M","M","?","?","$","E","M","M","T","M","R","M","R","M","R","B",null,"M","?","?","M","?","R","E"],"character_chosen":"THE_SILENT","items_purchased":["Happy Flower"],"campfire_rested":6,"item_purchase_floors":[22],"current_hp_per_floor":[70,70,70,70,75,43,39,24,24,46,40,40,30,18,40,22,62,57,50,50,50,50,38,38,28,28,24,46,35,57,51,73,5,58,37,66,66,57,37,56,0],"gold":369,"neow_bonus":"UPGRADE_CARD","is_prod":false,"is_daily":false,"chose_seed":false,"campfire_upgraded":0,"win_rate":0,"timestamp":1548033357,"path_taken":["M","?","?","M","?","E","M","E","T","R","?","M","E","M","R","BOSS","M","M","?","?","$","E","M","M","T","?","R","M","R","M","R","BOSS","M","?","?","?","?","R","E"],"build_version":"2019-01-17v2","purchased_purges":1,"victory":false,"max_hp_per_floor":[70,70,70,70,75,75,75,75,75,75,75,75,75,75,75,75,75,75,75,75,75,75,75,75,75,75,75,75,75,75,75,75,75,75,75,66,66,66,66,66,66],"card_choices":[{"not_picked":["Blade Dance","Dagger Throw"],"picked":"Dagger Spray","floor":1.0},{"not_picked":["Bane","Slice"],"picked":"Noxious Fumes","floor":4.0},{"not_picked":["Heel Hook","Distraction"],"picked":"A Thousand Cuts","floor":6.0},{"not_picked":["All Out Attack","Slice"],"picked":"Deadly Poison","floor":7.0},{"not_picked":["Slice","Calculated Gamble"],"picked":"Acrobatics","floor":8.0},{"not_picked":["Slice","Distraction"],"picked":"Terror","floor":11.0},{"not_picked":["Poisoned Stab","Riddle With Holes"],"picked":"Concentrate","floor":12.0},{"not_picked":["Flying Knee","Grand Finale"],"picked":"Noxious Fumes","floor":13.0},{"not_picked":["PiercingWail","Slice"],"picked":"Predator","floor":14.0},{"not_picked":["Night Terror","Burst"],"picked":"Glass Knife","floor":16.0},{"not_picked":["All Out Attack","Quick Slash"],"picked":"Sucker Punch","floor":18.0},{"not_picked":["Prepared","Heel Hook","Distraction"],"picked":"SKIP","floor":19.0},{"not_picked":["Deadly Poison","Sucker Punch"],"picked":"Terror+1","floor":23.0},{"not_picked":["Flechettes+1","Dagger Throw+1"],"picked":"Finisher","floor":24.0},{"not_picked":["Backflip","Blade Dance"],"picked":"Well Laid Plans","floor":25.0},{"not_picked":["Prepared","Skewer","Bouncing Flask"],"picked":"SKIP","floor":27.0},{"not_picked":["Outmaneuver+1","Grand Finale","Dodge and Roll+1"],"picked":"SKIP","floor":29.0},{"not_picked":["Slice","Deadly Poison"],"picked":"Backstab","floor":31.0},{"not_picked":["Corpse Explosion","Unload"],"picked":"Wraith Form v2","floor":33},{"not_picked":["Sucker Punch","Bane+1","Endless Agony+1"],"picked":"SKIP","floor":35},{"not_picked":["Poisoned Stab","PiercingWail"],"picked":"Blade Dance+1","floor":38},{"not_picked":["Dagger Throw+1","Sucker Punch"],"picked":"Dagger Spray+1","floor":39}],"player_experience":145707,"relics_obtained":[{"floor":6.0,"key":"Bag of Preparation"},{"floor":8.0,"key":"Bag of Marbles"},{"floor":9.0,"key":"Ancient Tea Set"},{"floor":11.0,"key":"Odd Mushroom"},{"floor":13.0,"key":"Du-Vu Doll"},{"floor":23.0,"key":"Whetstone"},{"floor":26.0,"key":"Vajra"},{"floor":39,"key":"The Specimen"}],"event_choices":[{"damage_healed":0.0,"max_hp_gain":0.0,"max_hp_loss":0.0,"gold_gain":0.0,"event_name":"Living Wall","player_choice":"Grow","floor":2.0,"gold_loss":0.0,"damage_taken":0.0,"cards_upgraded":["Dagger Spray"]},{"damage_healed":0.0,"max_hp_gain":0.0,"max_hp_loss":0.0,"gold_gain":175.0,"event_name":"Liars Game","player_choice":"AGREE","floor":3.0,"gold_loss":0.0,"damage_taken":0.0,"cards_obtained":["Doubt"]},{"damage_healed":0.0,"max_hp_gain":5.0,"max_hp_loss":0.0,"gold_gain":0.0,"event_name":"Big Fish","player_choice":"Donut","floor":5.0,"gold_loss":0.0,"damage_taken":0.0},{"damage_healed":0.0,"max_hp_gain":0.0,"max_hp_loss":0.0,"gold_gain":0.0,"event_name":"Mushrooms","player_choice":"Fought Mushrooms","floor":11.0,"gold_loss":0.0,"damage_taken":0.0},{"damage_healed":0.0,"max_hp_gain":0.0,"max_hp_loss":0.0,"gold_gain":0.0,"event_name":"Ghosts","player_choice":"Ignored","floor":20.0,"gold_loss":0.0,"damage_taken":0.0},{"damage_healed":0.0,"max_hp_gain":0.0,"max_hp_loss":0.0,"gold_gain":0.0,"event_name":"Upgrade Shrine","player_choice":"Upgraded","floor":21.0,"gold_loss":0.0,"damage_taken":0.0,"cards_upgraded":["A Thousand Cuts"]},{"damage_healed":66,"gold_gain":0,"player_choice":"Heal","damage_taken":0,"max_hp_gain":0,"max_hp_loss":9,"event_name":"The Moai Head","floor":36,"gold_loss":0},{"damage_healed":0,"gold_gain":0,"player_choice":"Copied","damage_taken":0,"max_hp_gain":0,"max_hp_loss":0,"event_name":"Duplicator","floor":37,"gold_loss":0,"cards_obtained":["A Thousand Cuts"]},{"damage_healed":0,"gold_gain":0,"player_choice":"Fight","damage_taken":0,"max_hp_gain":0,"max_hp_loss":0,"event_name":"Mysterious Sphere","floor":39,"gold_loss":0}],"is_beta":false,"boss_relics":[{"not_picked":["Runic Pyramid","Philosopher\u0027s Stone"],"picked":"Ectoplasm"},{"not_picked":["White Beast Statue","Empty Cage"],"picked":"Black Star"}],"items_purged_floors":[22],"is_endless":false,"potions_floor_spawned":[6,7,8,12,14,18,25,27,29,31,39],"killed_by":"Giant Head","ascension_level":5}