{"gold_per_floor":[114,114,124,140,29,29,48,48,95,115,149,164,164,177,177,276,276,287,306,105,115,115,115,140,140,140,140,160,160,175,208,208,303,303,320,170,170,188,200,217,248,248,321,321,107,119,131,160,160,160],"floor_reached":51,"playtime":4369,"items_purged":["Strike_B"],"score":786,"play_id":"7ed27d32-55c0-4862-8309-91fa176aacf9","local_time":"20190530155349","is_ascension_mode":true,"campfire_choices":[{"data":"Echo Form","floor":6,"key":"SMITH"},{"floor":8,"key":"REST"},{"floor":13,"key":"REST"},{"floor":15,"key":"REST"},{"floor":23,"key":"REST"},{"floor":25,"key":"REST"},{"floor":27,"key":"REST"},{"data":"Echo Form","floor":32,"key":"SMITH"},{"floor":42,"key":"RECALL"},{"floor":49,"key":"REST"}],"neow_cost":"PERCENT_DAMAGE","seed_source_timestamp":1336508407848256,"circlet_count":0,"master_deck":["Strike_B","Strike_B","Strike_B","Defend_B","Defend_B","Defend_B","Defend_B","Zap","Dualcast","Echo Form+1","Cold Snap","Coolheaded","Loop","FTL","Compile Driver","White Noise","Sunder","Core Surge","Ball Lightning","Seek","Self Repair","Hologram","Go for the Eyes+1","BootSequence+1","Echo Form+1","Hyperbeam","Hologram+1","Self Repair+1","Hologram+1","Conserve Battery+1","Conserve Battery+1","Loop","Consume+1","Hologram+1","Seek+1"],"relics":["Cracked Core","Happy Flower","Vajra","Blood Vial","Inserter","Toy Ornithopter","Toxic Egg 2","Pear","Orichalcum","Philosopher\u0027s Stone","DataDisk","Ice Cream","Cables","Bottled Flame"],"potions_floor_usage":[16,18,21,24,30,31,41,50,50],"damage_taken":[{"damage":3,"enemies":"Small Slimes","floor":1,"turns":3},{"damage":6,"enemies":"Jaw Worm","floor":3,"turns":3},{"damage":0,"enemies":"2 Louse","floor":4,"turns":2},{"damage":17,"enemies":"2 Fungi Beasts","floor":7,"turns":3},{"damage":0,"enemies":"3 Louse","floor":10,"turns":3},{"damage":14,"enemies":"3 Sentries","floor":11,"turns":8},{"damage":2,"enemies":"Looter","floor":12,"turns":3},{"damage":11,"enemies":"Exordium Thugs","floor":14,"turns":4},{"damage":38,"enemies":"Hexaghost","floor":16,"turns":8},{"damage":10,"enemies":"Chosen","floor":18,"turns":4},{"damage":29,"enemies":"Spheric Guardian","floor":19,"turns":5},{"damage":23,"enemies":"Snecko","floor":21,"turns":5},{"damage":52,"enemies":"Book of Stabbing","floor":24,"turns":5},{"damage":35,"enemies":"Snake Plant","floor":28,"turns":6},{"damage":3,"enemies":"Centurion and Healer","floor":30,"turns":8},{"damage":21,"enemies":"Gremlin Leader","floor":31,"turns":8},{"damage":34,"enemies":"Automaton","floor":33,"turns":12},{"damage":6,"enemies":"Orb Walker","floor":35,"turns":4},{"damage":36,"enemies":"3 Shapes","floor":38,"turns":4},{"damage":43,"enemies":"3 Darklings","floor":39,"turns":4},{"damage":27,"enemies":"4 Shapes","floor":40,"turns":5},{"damage":16,"enemies":"Giant Head","floor":41,"turns":11},{"damage":7,"enemies":"Sphere and 2 Shapes","floor":46,"turns":6},{"damage":30,"enemies":"Spire Growth","floor":47,"turns":5},{"damage":28,"enemies":"Reptomancer","floor":48,"turns":8},{"damage":58,"enemies":"Awakened One","floor":50,"turns":12}],"seed_played":"-8852136916697013513","potions_obtained":[{"floor":4,"key":"SneckoOil"},{"floor":7,"key":"LiquidBronze"},{"floor":11,"key":"FocusPotion"},{"floor":16,"key":"Swift Potion"},{"floor":18,"key":"Energy Potion"},{"floor":28,"key":"Regen Potion"},{"floor":33,"key":"LiquidBronze"},{"floor":38,"key":"GamblersBrew"},{"floor":40,"key":"Strength Potion"},{"floor":41,"key":"FocusPotion"},{"floor":44,"key":"FairyPotion"}],"is_trial":false,"path_per_floor":["M","?","M","M","$","R","M","R","T","M","E","M","R","M","R","B",null,"M","M","$","M","?","R","E","R","T","R","M","?","M","E","R","B",null,"M","$","?","M","M","M","E","R","T","?","$","M","M","E","R","B",null],"character_chosen":"DEFECT","items_purchased":["Loop","FTL","Toy Ornithopter","DataDisk","Loop","Consume+1"],"campfire_rested":7,"item_purchase_floors":[5,5,20,36,45,45],"current_hp_per_floor":[51,48,42,42,42,42,25,47,47,47,33,33,55,46,68,32,75,65,38,38,29,29,51,20,42,52,77,44,44,70,70,70,45,85,85,85,81,59,45,30,55,55,55,55,55,60,66,64,81,23],"gold":160,"neow_bonus":"THREE_RARE_CARDS","is_prod":false,"is_daily":false,"chose_seed":false,"campfire_upgraded":2,"win_rate":0,"timestamp":1559246029,"path_taken":["M","?","M","M","?","R","M","R","T","M","E","M","R","M","R","BOSS","M","M","$","M","?","R","E","R","T","R","M","?","M","E","R","BOSS","M","$","?","M","M","M","E","R","T","?","$","M","M","E","R","BOSS"],"build_version":"2019-01-23","purchased_purges":1,"victory":true,"max_hp_per_floor":[75,75,75,75,75,75,75,75,75,75,75,75,75,75,75,75,75,75,75,75,75,75,75,75,75,85,85,85,85,85,85,85,85,85,85,85,81,81,81,81,81,81,81,81,81,81,81,81,81,81],"card_choices":[{"not_picked":["Electrodynamics","Seek"],"picked":"Echo Form","floor":0},{"not_picked":["Sweeping Beam","Hello World"],"picked":"Cold Snap","floor":1},{"not_picked":["Stack","Reprogram","Steam"],"picked":"SKIP","floor":3},{"not_picked":["Hologram","Streamline"],"picked":"Coolheaded","floor":4},{"not_picked":["Steam Power","Redo"],"picked":"Compile Driver","floor":7},{"not_picked":["Scrape","Conserve Battery"],"picked":"White Noise","floor":10},{"not_picked":["FTL","Turbo"],"picked":"Sunder","floor":11},{"not_picked":["Cold Snap","Lockon"],"picked":"Core Surge","floor":12},{"not_picked":["Auto Shields","Barrage"],"picked":"Ball Lightning","floor":14},{"not_picked":["Machine Learning","Hyperbeam"],"picked":"Seek","floor":16},{"not_picked":["Force Field","Redo","Beam Cell"],"picked":"SKIP","floor":18},{"not_picked":["Sweeping Beam","Fusion+1"],"picked":"Self Repair","floor":19},{"not_picked":["Lockon","Sweeping Beam"],"picked":"Hologram","floor":21},{"not_picked":["Leap","Streamline"],"picked":"Go for the Eyes+1","floor":24},{"not_picked":["Hyperbeam","Leap+1"],"picked":"BootSequence+1","floor":28},{"not_picked":["Cold Snap","Gash","Barrage"],"picked":"SKIP","floor":30},{"not_picked":["Sweeping Beam","Scrape"],"picked":"Echo Form","floor":31},{"not_picked":["Rainbow+1","Thunder Strike"],"picked":"Hyperbeam","floor":33},{"not_picked":["Leap+1","Recycle+1"],"picked":"Hologram+1","floor":35},{"not_picked":["Cold Snap+1","Fusion+1"],"picked":"Self Repair+1","floor":38},{"not_picked":["Redo+1","Static Discharge+1"],"picked":"Hologram+1","floor":39},{"not_picked":["Compile Driver+1","Streamline+1"],"picked":"Conserve Battery+1","floor":40},{"not_picked":["Barrage+1","Sweeping Beam"],"picked":"Conserve Battery+1","floor":41},{"not_picked":["Genetic Algorithm+1","Electrodynamics","Lockon"],"picked":"SKIP","floor":46},{"not_picked":["Gash","Conserve Battery+1"],"picked":"Hologram+1","floor":47},{"not_picked":["Hologram+1","Cold Snap+1"],"picked":"Seek+1","floor":48}],"player_experience":675419,"relics_obtained":[{"floor":9,"key":"Vajra"},{"floor":11,"key":"Blood Vial"},{"floor":24,"key":"Toxic Egg 2"},{"floor":26,"key":"Pear"},{"floor":31,"key":"Orichalcum"},{"floor":41,"key":"Ice Cream"},{"floor":43,"key":"Cables"},{"floor":48,"key":"Bottled Flame"}],"event_choices":[{"damage_healed":0,"gold_gain":0,"player_choice":"Success","damage_taken":3,"relics_obtained":["Happy Flower"],"max_hp_gain":0,"max_hp_loss":0,"event_name":"Scrap Ooze","floor":2,"gold_loss":0},{"damage_healed":0,"gold_gain":0,"player_choice":"Ignored","damage_taken":0,"max_hp_gain":0,"max_hp_loss":0,"event_name":"Ghosts","floor":22,"gold_loss":0},{"damage_healed":0,"gold_gain":0,"player_choice":"Ignored","damage_taken":0,"max_hp_gain":0,"max_hp_loss":0,"event_name":"The Mausoleum","floor":29,"gold_loss":0},{"damage_healed":0,"gold_gain":0,"player_choice":"Max HP","damage_taken":0,"max_hp_gain":0,"max_hp_loss":4,"event_name":"Winding Halls","floor":37,"gold_loss":0},{"damage_healed":0,"gold_gain":0,"player_choice":"Got Potions","damage_taken":0,"max_hp_gain":0,"max_hp_loss":0,"event_name":"Lab","floor":44,"gold_loss":0}],"is_beta":false,"boss_relics":[{"not_picked":["Astrolabe","Ectoplasm"],"picked":"Inserter"},{"not_picked":["Calling Bell","Eternal Feather"],"picked":"Philosopher\u0027s Stone"}],"items_purged_floors":[45],"is_endless":false,"potions_floor_spawned":[4,7,11,12,16,18,28,33,38,40,41,46],"ascension_level":1}