{"gold_per_floor":[218,228,378,428,0,25,36,36,118,118,133,133,149,167,167,242,242,254,254,265,265],"floor_reached":21,"playtime":1055,"items_purged":["Doubt"],"score":362,"play_id":"0f1b6400-d012-4aba-a0a3-33d5743b20d7","local_time":"20190103172011","is_ascension_mode":true,"campfire_choices":[{"floor":8,"key":"REST"},{"data":"Bouncing Flask","floor":10,"key":"SMITH"},{"floor":12,"key":"REST"},{"floor":15,"key":"REST"}],"neow_cost":"NONE","seed_source_timestamp":18616448638774,"circlet_count":0,"master_deck":["AscendersBane","Defend_G","Defend_G","Defend_G","Defend_G","Defend_G","Strike_G","Strike_G","Strike_G","Strike_G","Strike_G","Survivor","Neutralize","Quick Slash","Bouncing Flask+1","Skewer+1","Dagger Spray+1","Bane+1","Backflip","Burst","Backflip+1","Backflip"],"relics":["Ring of the Snake","Molten Egg 2","Orichalcum","Dodecahedron","Eternal Feather"],"potions_floor_usage":[16,16,20],"damage_taken":[{"damage":13,"enemies":"Jaw Worm","floor":1,"turns":6},{"damage":10,"enemies":"Small Slimes","floor":2,"turns":4},{"damage":22,"enemies":"Lagavulin","floor":6,"turns":6},{"damage":0,"enemies":"Cultist","floor":7,"turns":3},{"damage":6,"enemies":"Exordium Thugs","floor":11,"turns":4},{"damage":0,"enemies":"Gremlin Gang","floor":13,"turns":2},{"damage":6,"enemies":"Blue Slaver","floor":14,"turns":3},{"damage":43,"enemies":"Slime Boss","floor":16,"turns":10},{"damage":22,"enemies":"3 Byrds","floor":18,"turns":6},{"damage":19,"enemies":"Spheric Guardian","floor":20,"turns":4},{"damage":11,"enemies":"Centurion and Healer","floor":21,"turns":2}],"seed_played":"7961805299698944755","potions_obtained":[{"floor":7,"key":"Ancient Potion"},{"floor":11,"key":"Weak Potion"},{"floor":13,"key":"SkillPotion"},{"floor":18,"key":"SkillPotion"}],"is_trial":false,"path_per_floor":["M","M","?","?","$","E","M","R","T","R","M","R","M","M","R","B",null,"M","?","M","M"],"character_chosen":"THE_SILENT","items_purchased":["Molten Egg 2","Skewer+1"],"campfire_rested":3,"item_purchase_floors":[5,5],"current_hp_per_floor":[46,36,36,30,30,8,8,27,27,27,21,40,40,34,53,10,52,30,30,11,0],"gold":265,"neow_bonus":"HUNDRED_GOLD","is_prod":false,"is_daily":false,"chose_seed":false,"campfire_upgraded":1,"win_rate":0,"timestamp":1546546811,"path_taken":["M","M","?","?","$","E","?","R","T","R","M","R","M","M","R","BOSS","M","?","M","M"],"build_version":"2018-12-20","purchased_purges":1,"victory":false,"max_hp_per_floor":[66,66,66,66,66,66,66,66,66,66,66,66,66,66,66,66,66,66,66,66,66],"card_choices":[{"not_picked":["Leg Sweep","Bane"],"picked":"Quick Slash","floor":1},{"not_picked":["Bane","Dagger Spray"],"picked":"Bouncing Flask","floor":2},{"not_picked":["Caltrops","Setup","Accuracy"],"picked":"SKIP","floor":6},{"not_picked":["Prepared","Choke+1"],"picked":"Dagger Spray+1","floor":7},{"not_picked":["Quick Slash+1","Predator+1"],"picked":"Bane+1","floor":11},{"not_picked":["Blade Dance","Dagger Throw+1","Slice+1"],"picked":"SKIP","floor":13},{"not_picked":["Tactician","Eviscerate+1"],"picked":"Backflip","floor":14},{"not_picked":["Unload+1","After Image"],"picked":"Burst","floor":16},{"not_picked":["Bane+1","Bouncing Flask"],"picked":"Backflip+1","floor":18},{"not_picked":["Slice+1","Sucker Punch+1"],"picked":"Backflip","floor":20}],"player_experience":685932,"relics_obtained":[{"floor":6,"key":"Orichalcum"},{"floor":9,"key":"Dodecahedron"}],"event_choices":[{"damage_healed":0,"gold_gain":150,"player_choice":"AGREE","damage_taken":0,"max_hp_gain":0,"max_hp_loss":0,"event_name":"Liars Game","floor":3,"gold_loss":0,"cards_obtained":["Doubt"]},{"damage_healed":0,"gold_gain":50,"player_choice":"Touch","damage_taken":6,"max_hp_gain":0,"max_hp_loss":0,"event_name":"FaceTrader","floor":4,"gold_loss":0},{"damage_healed":0,"gold_gain":0,"player_choice":"0 cards matched","damage_taken":0,"max_hp_gain":0,"max_hp_loss":0,"event_name":"Match and Keep!","floor":19,"gold_loss":0,"cards_obtained":[]}],"is_beta":false,"boss_relics":[{"not_picked":["Busted Crown","Tiny House"],"picked":"Eternal Feather"}],"items_purged_floors":[5],"is_endless":false,"potions_floor_spawned":[7,11,13,14,18],"killed_by":"Centurion and Healer","ascension_level":20}