{"path_per_floor":["M","?","M","?","?","R","T","R","T","M","E","M","M","?","R","B",null,"M","?","M","$","M","R","?","M","T"],"character_chosen":"THE_SILENT","items_purchased":["Blood Vial"],"gold_per_floor":[118,118,133,133,133,133,157,157,157,177,234,249,261,261,261,359,359,377,377,391,239,252,252,252,272,295],"floor_reached":27,"campfire_rested":3,"playtime":1132,"current_hp_per_floor":[72,57,57,57,57,77,77,77,77,77,61,24,13,13,36,3,77,64,64,42,42,34,57,57,26,26],"items_purged":[],"gold":295,"score":213,"play_id":"f6e2fa4b-d26e-44d2-b863-9a7be300b66f","is_prod":false,"is_daily":false,"is_ascension_mode":false,"campfire_upgraded":1,"path_taken":["M","?","M","?","?","R","?","R","T","M","E","?","M","?","R","BOSS","M","?","?","$","M","R","?","?","T","E"],"build_version":"2018-02-08-PROD1","purchased_purges":0,"victory":false,"master_deck":["Defend_G","Defend_G","Defend_G","Defend_G+1","Strike_G","Strike_G","Strike_G+1","Strike_G","Strike_G","Survivor","Neutralize+1","Flying Knee","Infinite Blades+1","Skewer","Bouncing Flask","Deflect","Deflect","Phantasmal Killer","Flying Knee","Poisoned Stab","Well Laid Plans","Dagger Spray"],"max_hp_per_floor":[77,77,77,77,77,77,77,77,77,77,77,77,77,77,77,77,77,77,77,77,77,77,77,77,77,77],"relics":["Ring of the Snake","Bag of Marbles","Ice Cream","Tiny Chest","Sozu","Blood Vial","Oddly Smooth Stone","Juzu Bracelet"],"card_choices":[{"not_picked":["Bane","Endless Agony"],"picked":"Burst"},{"not_picked":["Dagger Throw","Prepared"],"picked":"Flying Knee"},{"not_picked":["Catalyst","Deflect"],"picked":"Skewer"},{"not_picked":["Unload","Acrobatics"],"picked":"Bouncing Flask"},{"not_picked":["Poisoned Stab","Dodge and Roll"],"picked":"Deflect"},{"not_picked":["Catalyst","Distraction"],"picked":"Deflect"},{"not_picked":["Glass Knife","Venomology"],"picked":"Phantasmal Killer"},{"not_picked":["Dodge and Roll","Calculated Gamble"],"picked":"Flying Knee"},{"not_picked":["Prepared","Dodge and Roll"],"picked":"Poisoned Stab"},{"not_picked":["Quick Slash","Slice"],"picked":"Well Laid Plans"},{"not_picked":["Skewer","Backflip"],"picked":"Dagger Spray"}],"player_experience":18928,"potions_floor_usage":[12,16,16],"damage_taken":[{"damage":5,"enemies":"Small Slimes","floor":1,"turns":5},{"damage":0,"enemies":"Blue Slaver","floor":3,"turns":6},{"damage":0,"enemies":"2 Louse","floor":10,"turns":3},{"damage":16,"enemies":"3 Sentries","floor":11,"turns":7},{"damage":46,"enemies":"Gremlin Gang","floor":12,"turns":5},{"damage":11,"enemies":"Looter","floor":13,"turns":3},{"damage":33,"enemies":"Slime Boss","floor":16,"turns":10},{"damage":13,"enemies":"3 Byrds","floor":18,"turns":5},{"damage":22,"enemies":"Spheric Guardian","floor":20,"turns":4},{"damage":10,"enemies":"Cultist and Chosen","floor":22,"turns":4},{"damage":33,"enemies":"Centurion and Healer","floor":25,"turns":5},{"damage":28,"enemies":"Gremlin Leader","floor":27,"turns":3}],"event_choices":[{"event_name":"Shining Light","player_choice":"Entered Light","floor":2,"damage_taken":0},{"event_name":"Transmorgrifier","player_choice":"Transform","floor":4,"damage_taken":0},{"event_name":"Golden Wing","player_choice":"Ignored","floor":5,"damage_taken":0},{"event_name":"Living Wall","player_choice":"Grow","floor":14,"damage_taken":0},{"event_name":"Purifier","player_choice":"One Purge","floor":19,"damage_taken":0},{"event_name":"The Mausoleum","player_choice":"Yes","floor":24,"damage_taken":0}],"boss_relics":[{"not_picked":["The Specimen","Lizard Tail"],"picked":"Sozu"}],"potions_floor_spawned":[1,11,13,16,25],"seed_played":"555347166115779268","killed_by":"Gremlin Leader","ascension_level":0,"is_trial":false}