{"gold_per_floor":[17,28,28,48,61,93,108,108,108,121,121,137,137,169,169,272,272,261,275,306,318,147,147,163,195,249,249,266,282,282,582,582,582],"floor_reached":33,"playtime":1296,"items_purged":[],"score":323,"play_id":"f8a7c1ca-8893-4b99-825a-3fd8f8e7b6d1","local_time":"20180920234941","is_ascension_mode":true,"campfire_choices":[{"floor":8,"key":"REST"},{"floor":11,"key":"REST"},{"floor":13,"key":"REST"},{"data":"Loop","floor":15,"key":"SMITH"},{"floor":23,"key":"REST"},{"floor":32,"key":"REST"}],"neow_cost":"NO_GOLD","seed_source_timestamp":553711097805043,"circlet_count":0,"master_deck":["Strike_B","Strike_B","Strike_B","Strike_B","Defend_B","Defend_B","Defend_B","Defend_B","Zap","Dualcast","Rainbow","Redo","Rainbow","White Noise","Sunder","Loop+1","Steam","Steam","Beam Cell","Stack","Buffer","Rebound","Hologram","Streamline","Force Field","Dramatic Entrance","Static Discharge","Beam Cell","Lockon","Chaos","Fusion","Writhe"],"relics":["Cracked Core","Oddly Smooth Stone","Ancient Tea Set","Regal Pillow","Cables","Busted Crown","Red Mask","Dodecahedron","Juzu Bracelet","Enchiridion","Old Coin"],"potions_floor_usage":[6,16,20,24,25,28,33],"damage_taken":[{"damage":0,"enemies":"Cultist","floor":1,"turns":4},{"damage":0,"enemies":"Small Slimes","floor":2,"turns":3},{"damage":10,"enemies":"Jaw Worm","floor":4,"turns":3},{"damage":9,"enemies":"Looter","floor":5,"turns":2},{"damage":44,"enemies":"Lagavulin","floor":6,"turns":7},{"damage":6,"enemies":"3 Louse","floor":7,"turns":2},{"damage":10,"enemies":"Red Slaver","floor":10,"turns":4},{"damage":1,"enemies":"Blue Slaver","floor":12,"turns":2},{"damage":7,"enemies":"3 Sentries","floor":14,"turns":7},{"damage":17,"enemies":"Hexaghost","floor":16,"turns":9},{"damage":16,"enemies":"2 Thieves","floor":18,"turns":4},{"damage":11,"enemies":"Shell Parasite","floor":19,"turns":6},{"damage":32,"enemies":"Masked Bandits","floor":20,"turns":5},{"damage":0,"enemies":"Centurion and Healer","floor":21,"turns":4},{"damage":12,"enemies":"Snecko","floor":24,"turns":3},{"damage":3,"enemies":"Slavers","floor":25,"turns":4},{"damage":6,"enemies":"Cultist and Chosen","floor":28,"turns":4},{"damage":12,"enemies":"Centurion and Healer","floor":29,"turns":7},{"damage":44,"enemies":"Collector","floor":33,"turns":4}],"seed_played":"-1012825862276879593","potions_obtained":[{"floor":2,"key":"Regen Potion"},{"floor":5,"key":"SteroidPotion"},{"floor":6,"key":"LiquidBronze"},{"floor":10,"key":"SteroidPotion"},{"floor":18,"key":"Dexterity Potion"},{"floor":20,"key":"Block Potion"},{"floor":29,"key":"SpeedPotion"}],"is_trial":false,"path_per_floor":["M","M","?","M","M","E","M","R","T","M","R","M","R","E","R","B",null,"M","M","?","M","$","R","M","E","T","?","M","M","?","?","R"],"character_chosen":"DEFECT","items_purchased":["Dramatic Entrance","Static Discharge","PowerPotion"],"campfire_rested":5,"item_purchase_floors":[22,22,22],"current_hp_per_floor":[75,75,75,65,56,12,6,28,28,18,55,54,75,68,68,51,75,59,48,16,16,16,53,41,38,38,22,16,4,4,4,41,0],"gold":582,"neow_bonus":"THREE_RARE_CARDS","is_prod":false,"is_daily":false,"chose_seed":false,"campfire_upgraded":1,"win_rate":0,"timestamp":1537501781,"path_taken":["M","M","?","?","?","E","?","R","T","M","R","M","R","E","R","BOSS","M","M","?","?","$","R","M","E","T","?","M","M","?","?","R","BOSS"],"build_version":"2018-09-20","purchased_purges":0,"victory":false,"max_hp_per_floor":[75,75,75,75,75,75,75,75,75,75,75,75,75,75,75,75,75,75,75,75,75,75,75,75,75,75,75,75,75,75,75,75,75],"card_choices":[{"not_picked":["Echo Form","Thunder Strike"],"picked":"Rainbow","floor":0},{"not_picked":["Coolheaded","Streamline"],"picked":"Redo","floor":1},{"not_picked":["Streamline","Ball Lightning"],"picked":"Rainbow","floor":2},{"not_picked":["Defragment","Ball Lightning"],"picked":"White Noise","floor":4},{"not_picked":["Steam","Compile Driver"],"picked":"Sunder","floor":5},{"not_picked":["Darkness","Conserve Battery"],"picked":"Loop","floor":6},{"not_picked":["Coolheaded","Undo"],"picked":"Steam","floor":7},{"not_picked":["Skim","Reboot"],"picked":"Steam","floor":10},{"not_picked":["Hologram","Barrage"],"picked":"Beam Cell","floor":12},{"not_picked":["Conserve Battery","Doom and Gloom"],"picked":"Stack","floor":14},{"not_picked":["Thunder Strike","Reboot"],"picked":"Buffer","floor":16},{"not_picked":[],"picked":"Rebound","floor":18},{"not_picked":[],"picked":"Hologram","floor":19},{"not_picked":[],"picked":"Streamline","floor":20},{"not_picked":[],"picked":"Force Field","floor":21},{"not_picked":[],"picked":"Beam Cell","floor":24},{"not_picked":[],"picked":"Lockon","floor":25},{"not_picked":[],"picked":"Chaos","floor":28},{"not_picked":[],"picked":"Fusion","floor":29}],"player_experience":161886,"relics_obtained":[{"floor":6,"key":"Ancient Tea Set"},{"floor":9,"key":"Regal Pillow"},{"floor":14,"key":"Cables"},{"floor":20,"key":"Red Mask"},{"floor":25,"key":"Dodecahedron"},{"floor":26,"key":"Juzu Bracelet"},{"floor":27,"key":"Enchiridion"}],"event_choices":[{"event_name":"WeMeetAgain","player_choice":"Potion","floor":3,"damage_taken":0},{"event_name":"Masked Bandits","player_choice":"Fought Bandits","floor":20,"damage_taken":0},{"event_name":"Cursed Tome","player_choice":"Obtained Book","floor":27,"damage_taken":0},{"event_name":"Beggar","player_choice":"Ignored","floor":30,"damage_taken":0},{"event_name":"The Mausoleum","player_choice":"Yes","floor":31,"damage_taken":0}],"is_beta":false,"boss_relics":[{"not_picked":["Philosopher\u0027s Stone","Orrery"],"picked":"Busted Crown"}],"items_purged_floors":[],"is_endless":false,"potions_floor_spawned":[2,5,6,10,18,20,29],"killed_by":"Collector","ascension_level":3}