{"path_per_floor":["M","M","?","M","M","R","E","R","T","M","R","E","M","M","R"],"character_chosen":"IRONCLAD","items_purchased":[],"gold_per_floor":[117,137,217,227,239,239,267,267,267,282,282,312,331,344,344],"floor_reached":16,"campfire_rested":2,"playtime":715,"current_hp_per_floor":[79,82,82,82,59,85,62,62,62,62,62,45,29,14,42],"items_purged":[],"gold":344,"score":139,"play_id":"83fd54c8-f272-4443-9b16-e00853b6da18","is_prod":false,"is_daily":false,"is_ascension_mode":false,"campfire_upgraded":2,"path_taken":["M","M","?","M","M","R","E","R","T","M","R","E","M","M","R","BOSS"],"build_version":"2018-02-12-PROD1","purchased_purges":0,"victory":false,"master_deck":["Strike_R","Strike_R","Strike_R","Strike_R","Strike_R","Defend_R","Defend_R","Defend_R","Defend_R","Bash","Wild Strike","Rampage+1","Pommel Strike","Thunderclap","Sentinel","Infernal Blade+1","Anger","Havoc","Sword Boomerang"],"max_hp_per_floor":[88,88,88,88,88,88,95,95,95,95,95,95,95,95,95],"relics":["Burning Blood","Strawberry","Sundial","Gremlin Horn"],"card_choices":[{"not_picked":["Hemokinesis","Bloodletting"],"picked":"Wild Strike"},{"not_picked":["Searing Blow","Twin Strike"],"picked":"Rampage"},{"not_picked":["Cleave","True Grit"],"picked":"Pommel Strike"},{"not_picked":["Evolve","Cleave"],"picked":"Thunderclap"},{"not_picked":["Headbutt","Pummel"],"picked":"Sentinel"},{"not_picked":["Twin Strike","Sentinel"],"picked":"Infernal Blade"},{"not_picked":["Brutality","Headbutt"],"picked":"Anger"},{"not_picked":["Dropkick","Shrug It Off"],"picked":"Havoc"},{"not_picked":["Havoc","Iron Wave"],"picked":"Sword Boomerang"}],"player_experience":84714,"potions_floor_usage":[7,14,16,16,16],"damage_taken":[{"damage":15,"enemies":"Cultist","floor":1,"turns":4},{"damage":3,"enemies":"2 Louse","floor":2,"turns":3},{"damage":6,"enemies":"Jaw Worm","floor":4,"turns":3},{"damage":29,"enemies":"Lots of Slimes","floor":5,"turns":6},{"damage":36,"enemies":"Lagavulin","floor":7,"turns":5},{"damage":6,"enemies":"Red Slaver","floor":10,"turns":4},{"damage":23,"enemies":"3 Sentries","floor":12,"turns":8},{"damage":22,"enemies":"Exordium Thugs","floor":13,"turns":4},{"damage":21,"enemies":"Large Slime","floor":14,"turns":6},{"damage":42,"enemies":"Hexaghost","floor":16,"turns":7}],"event_choices":[{"event_name":"Golden Wing","player_choice":"Gained Gold","floor":3,"damage_taken":0}],"boss_relics":[],"potions_floor_spawned":[4,5,12,13,14],"seed_played":"6521607700435403731","killed_by":"Hexaghost","ascension_level":0,"is_trial":false}