{"gold_per_floor":[114,289,289,28,40,52,105,141,153,199,211,223,250,281,293,430,442,479,504,591,603,55,124,149,149,196,196,196,214,214,233,233,352,352,367,13,13,13],"floor_reached":38,"playtime":2096,"items_purged":["Doubt","Flechettes"],"score":514,"play_id":"56b37e7f-47a4-4adc-abc1-81fb716ae2ba","local_time":"20181020192024","is_ascension_mode":true,"campfire_choices":[{"data":"Infinite Blades","floor":6,"key":"SMITH"},{"data":"Distraction","floor":11,"key":"SMITH"},{"floor":15,"key":"REST"},{"floor":28,"key":"REST"},{"floor":32,"key":"REST"}],"neow_cost":"NONE","seed_source_timestamp":12146909910909,"circlet_count":0,"master_deck":["Defend_G","Defend_G","Defend_G","Defend_G","Defend_G","Strike_G","Strike_G","Strike_G","Survivor","Neutralize","Prepared","Infinite Blades+1","Distraction+1","Leg Sweep","Dagger Spray","Adrenaline","Blade Dance","A Thousand Cuts","Accuracy","Cloak And Dagger","Dodge and Roll","Well Laid Plans","Dagger Throw+1","Endless Agony","Footwork","Finisher","Endless Agony","Distraction+1","After Image+1","Dash","Doppelganger"],"relics":["Ring of the Snake","NeowsBlessing","Golden Idol","MawBank","Dodecahedron","Gambling Chip","Pantograph","Orrery","Lee\u0027s Waffle","Paper Crane","Tiny Chest","Vajra","Eternal Feather","Shuriken"],"potions_floor_usage":[16,16,16,29,33,35,38],"damage_taken":[{"damage":0,"enemies":"2 Louse","floor":1,"turns":1},{"damage":0,"enemies":"3 Sentries","floor":7,"turns":1},{"damage":0,"enemies":"Small Slimes","floor":8,"turns":1},{"damage":25,"enemies":"Lagavulin","floor":10,"turns":10},{"damage":0,"enemies":"Jaw Worm","floor":13,"turns":4},{"damage":3,"enemies":"Looter","floor":14,"turns":4},{"damage":58,"enemies":"Hexaghost","floor":16,"turns":16},{"damage":0,"enemies":"3 Byrds","floor":18,"turns":4},{"damage":22,"enemies":"Spheric Guardian","floor":19,"turns":4},{"damage":22,"enemies":"Gremlin Leader","floor":23,"turns":9},{"damage":12,"enemies":"Centurion and Healer","floor":24,"turns":5},{"damage":0,"enemies":"Snecko","floor":29,"turns":5},{"damage":13,"enemies":"Colosseum Slavers","floor":30,"turns":3},{"damage":20,"enemies":"Snake Plant","floor":31,"turns":5},{"damage":27,"enemies":"Collector","floor":33,"turns":13},{"damage":47,"enemies":"3 Darklings","floor":35,"turns":7},{"damage":26,"enemies":"3 Shapes","floor":38,"turns":3}],"seed_played":"-5262013812624398072","potions_obtained":[{"floor":7,"key":"Regen Potion"},{"floor":8,"key":"Fire Potion"},{"floor":13,"key":"Block Potion"},{"floor":18,"key":"Swift Potion"},{"floor":29,"key":"EssenceOfSteel"},{"floor":31,"key":"SneckoOil"},{"floor":33,"key":"PowerPotion"},{"floor":35,"key":"Explosive Potion"}],"is_trial":false,"path_per_floor":["M","?","?","$","?","R","E","M","T","E","R","?","M","M","R","B",null,"M","M","?","?","$","E","M","?","T","?","R","M","?","M","R","B",null,"M","$","?"],"character_chosen":"THE_SILENT","items_purchased":["Infinite Blades","MawBank","Footwork","Lee\u0027s Waffle","Paper Crane","Finisher","Shuriken"],"campfire_rested":3,"item_purchase_floors":[4,4,22,22,22,22,36],"current_hp_per_floor":[70,70,65,65,65,65,65,65,65,40,40,40,40,37,56,20,65,65,43,37,37,72,50,38,38,38,38,59,59,46,26,47,45,72,25,25,25,0],"gold":13,"neow_bonus":"THREE_ENEMY_KILL","is_prod":false,"is_daily":false,"chose_seed":false,"campfire_upgraded":2,"win_rate":0,"timestamp":1540074024,"path_taken":["M","?","?","$","?","R","E","M","T","E","R","?","M","M","R","BOSS","M","M","?","?","$","E","?","?","T","?","R","M","?","M","R","BOSS","M","$","?","M"],"build_version":"2018-10-18","purchased_purges":2,"victory":false,"max_hp_per_floor":[70,70,65,65,65,65,65,65,65,65,65,65,65,65,65,65,65,65,65,65,65,72,72,72,72,72,72,72,72,72,72,72,72,72,72,72,72,72],"card_choices":[{"not_picked":["Underhanded Strike","Deflect"],"picked":"Prepared","floor":1},{"not_picked":["Bouncing Flask","PiercingWail"],"picked":"Distraction","floor":7},{"not_picked":["Setup","Outmaneuver"],"picked":"Leg Sweep","floor":8},{"not_picked":["Quick Slash","Dagger Throw"],"picked":"Dagger Spray","floor":10},{"not_picked":["Slice","Dagger Throw"],"picked":"Adrenaline","floor":13},{"not_picked":["Underhanded Strike","Flying Knee"],"picked":"Blade Dance","floor":14},{"not_picked":["Doppelganger","Glass Knife"],"picked":"A Thousand Cuts","floor":16},{"not_picked":["Flying Knee","Underhanded Strike"],"picked":"Accuracy","floor":17},{"not_picked":["Underhanded Strike","Slice"],"picked":"Cloak And Dagger","floor":17},{"not_picked":["Deflect","Skewer"],"picked":"Dodge and Roll","floor":17},{"not_picked":["Setup","Backflip"],"picked":"Well Laid Plans","floor":17},{"not_picked":["Grand Finale","Concentrate"],"picked":"Dagger Throw+1","floor":18},{"not_picked":["PiercingWail","Bane","Sucker Punch"],"picked":"SKIP","floor":19},{"not_picked":["Tactician+1","PiercingWail"],"picked":"Endless Agony","floor":23},{"not_picked":["Dagger Spray","Well Laid Plans"],"picked":"Distraction+1","floor":24},{"not_picked":["Flying Knee","Prepared","Bouncing Flask"],"picked":"SKIP","floor":29},{"not_picked":["Grand Finale","PiercingWail"],"picked":"Dash","floor":31},{"not_picked":["Glass Knife","Bullet Time"],"picked":"Doppelganger","floor":33},{"not_picked":["Tactician+1","Predator+1","Poisoned Stab"],"picked":"SKIP","floor":35}],"player_experience":175533,"relics_obtained":[{"floor":7,"key":"Dodecahedron"},{"floor":9,"key":"Gambling Chip"},{"floor":10,"key":"Pantograph"},{"floor":23,"key":"Tiny Chest"},{"floor":26,"key":"Vajra"}],"event_choices":[{"damage_healed":0,"gold_gain":175,"player_choice":"AGREE","damage_taken":0,"max_hp_gain":0,"max_hp_loss":0,"event_name":"Liars Game","floor":2,"gold_loss":0,"cards_obtained":["Doubt"]},{"damage_healed":0,"gold_gain":0,"player_choice":"Lose Max HP","damage_taken":0,"relics_obtained":["Golden Idol"],"max_hp_gain":0,"max_hp_loss":5,"event_name":"Golden Idol","floor":3,"gold_loss":0},{"damage_healed":0,"gold_gain":0,"player_choice":"Leave","damage_taken":0,"max_hp_gain":0,"max_hp_loss":0,"event_name":"The Cleric","floor":5,"gold_loss":0},{"damage_healed":0,"gold_gain":0,"player_choice":"Ignored","damage_taken":0,"max_hp_gain":0,"max_hp_loss":0,"event_name":"Golden Wing","floor":12,"gold_loss":0},{"damage_healed":0,"gold_gain":75,"player_choice":"Touch","damage_taken":6,"max_hp_gain":0,"max_hp_loss":0,"event_name":"FaceTrader","floor":20,"gold_loss":0},{"damage_healed":0,"gold_gain":0,"cards_transformed":["Strike_G","Strike_G"],"player_choice":"Became Test Subject","damage_taken":0,"max_hp_gain":0,"max_hp_loss":0,"event_name":"Drug Dealer","floor":21,"gold_loss":0,"cards_obtained":["Flechettes","Endless Agony"]},{"damage_healed":0,"gold_gain":0,"player_choice":"Read","damage_taken":0,"max_hp_gain":0,"max_hp_loss":0,"event_name":"The Library","floor":25,"gold_loss":0,"cards_obtained":["After Image"]},{"damage_healed":0,"gold_gain":0,"player_choice":"Ignored","damage_taken":0,"max_hp_gain":0,"max_hp_loss":0,"event_name":"Cursed Tome","floor":27,"gold_loss":0},{"damage_healed":0,"gold_gain":0,"player_choice":"Fight","damage_taken":0,"max_hp_gain":0,"max_hp_loss":0,"event_name":"Colosseum","floor":30,"gold_loss":0},{"damage_healed":0,"gold_gain":0,"player_choice":"Fled From Nobs","damage_taken":0,"max_hp_gain":0,"max_hp_loss":0,"event_name":"Colosseum","floor":30,"gold_loss":0},{"damage_healed":0,"gold_gain":0,"player_choice":"Upgraded","damage_taken":0,"max_hp_gain":0,"max_hp_loss":0,"event_name":"Upgrade Shrine","floor":37,"gold_loss":0,"cards_upgraded":["After Image"]}],"is_beta":false,"boss_relics":[{"not_picked":["Empty Cage","HoveringKite"],"picked":"Orrery"},{"not_picked":["Runic Pyramid","Busted Crown"],"picked":"Eternal Feather"}],"items_purged_floors":[4,36],"is_endless":false,"potions_floor_spawned":[7,8,13,14,18,29,31,33,35],"killed_by":"3 Shapes","ascension_level":3}