{"gold_per_floor":[209,284,559,578,753,753,781,811,876,598,608,608,628,628,628,628],"floor_reached":16,"playtime":382,"items_purged":[],"score":100,"play_id":"ac633fac-7476-4b1e-a73d-cef849fafec5","local_time":"20180915131622","is_ascension_mode":false,"campfire_choices":[{"data":"Conserve Battery","floor":6,"key":"SMITH"},{"floor":12,"key":"REST"},{"floor":15,"key":"REST"}],"neow_cost":"NONE","seed_source_timestamp":84628303890906,"circlet_count":0,"master_deck":["Strike_B","Strike_B","Strike_B","Strike_B","Defend_B","Defend_B","Defend_B","Defend_B","Zap","Dualcast","Conserve Battery+1","Regret","Cold Snap","Doubt","Loop","Doom and Gloom","Fission","Capacitor"],"relics":["Cracked Core","MawBank","Boot","Ice Cream","Unceasing Top"],"potions_floor_usage":[16,16,16,16],"damage_taken":[{"damage":5,"enemies":"Small Slimes","floor":1,"turns":3},{"damage":1,"enemies":"2 Louse","floor":4,"turns":3},{"damage":31,"enemies":"Gremlin Nob","floor":7,"turns":5},{"damage":2,"enemies":"Cultist","floor":8,"turns":4},{"damage":12,"enemies":"Red Slaver","floor":11,"turns":4},{"damage":12,"enemies":"3 Louse","floor":13,"turns":2},{"damage":45,"enemies":"Slime Boss","floor":16,"turns":6}],"seed_played":"-6349546988916210514","potions_obtained":[{"floor":4,"key":"SmokeBomb"},{"floor":7,"key":"FocusPotion"},{"floor":13,"key":"EntropicBrew"}],"is_trial":false,"path_per_floor":["M","?","?","M","?","R","E","M","T","$","M","R","M","T","R"],"character_chosen":"DEFECT","items_purchased":["Ice Cream"],"campfire_rested":2,"item_purchase_floors":[10],"current_hp_per_floor":[70,59,59,58,58,58,27,25,25,25,13,35,23,23,45,0],"gold":628,"neow_bonus":"HUNDRED_GOLD","is_prod":false,"is_daily":false,"chose_seed":false,"campfire_upgraded":1,"win_rate":0.0,"timestamp":1537031782,"path_taken":["M","?","?","M","?","R","E","?","T","$","?","R","M","?","R","BOSS"],"build_version":"2018-09-06","purchased_purges":0,"victory":false,"max_hp_per_floor":[75,75,75,75,75,75,75,75,75,75,75,75,75,75,75,75],"card_choices":[{"not_picked":["Compile Driver","Hologram"],"picked":"Conserve Battery","floor":1},{"not_picked":["Beam Cell","Steam"],"picked":"Cold Snap","floor":4},{"not_picked":["Reprogram","Go for the Eyes"],"picked":"Loop","floor":7},{"not_picked":["Barrage","Steam"],"picked":"Doom and Gloom","floor":8},{"not_picked":["Steam","Recycle"],"picked":"Fission","floor":11},{"not_picked":["Stack","Rebound"],"picked":"Capacitor","floor":13}],"player_experience":111787,"relics_obtained":[{"floor":7,"key":"MawBank"},{"floor":9,"key":"Boot"},{"floor":14,"key":"Unceasing Top"}],"event_choices":[{"event_name":"World of Goop","player_choice":"Gather Gold","floor":2,"damage_taken":0},{"event_name":"Golden Shrine","player_choice":"Desecrate","floor":3,"damage_taken":0},{"event_name":"Liars Game","player_choice":"agreed","floor":5,"damage_taken":0}],"is_beta":false,"boss_relics":[],"items_purged_floors":[],"is_endless":false,"potions_floor_spawned":[4,7,13],"killed_by":"Slime Boss","ascension_level":0}