{"gold_per_floor":[11,31,42,61,12,12,44,60,105,105,116,116,147,147,147,244,244,261,277,202,202,218,218,229,242,269,35,35,54,54,82,82,181,181,201,258,68,86,86,86,117,117],"floor_reached":42,"playtime":3493,"items_purged":[],"score":618,"play_id":"1b6b1625-c84b-49ff-bbd4-402e425bffb0","local_time":"20190121211921","is_ascension_mode":true,"campfire_choices":[{"data":"Neutralize","floor":6,"key":"SMITH"},{"floor":10,"key":"REST"},{"floor":12,"key":"REST"},{"floor":15,"key":"REST"},{"floor":23,"key":"REST"},{"floor":32,"key":"REST"},{"floor":40,"key":"REST"}],"neow_cost":"NO_GOLD","seed_source_timestamp":1097536935677600,"circlet_count":0,"master_deck":["Defend_G","Defend_G","Defend_G","Defend_G","Strike_G","Strike_G","Strike_G","Strike_G","Strike_G","Survivor","Neutralize+1","Predator","Dagger Spray","PiercingWail","Cloak And Dagger","Escape Plan","Cloak And Dagger","Caltrops","Well Laid Plans","A Thousand Cuts","Terror","Crippling Poison+1","Dagger Throw","Noxious Fumes","Footwork","Backstab","A Thousand Cuts","Blade Dance","Dash","Dagger Spray+1","Caltrops+1"],"relics":["Ring of the Serpent","Pen Nib","Blood Vial","Matryoshka","Philosopher\u0027s Stone","MawBank","Regal Pillow","OrangePellets","Happy Flower","PreservedInsect","Tiny Chest","Anchor","Blue Candle"],"potions_floor_usage":[7,8,13,16,19,33,33,41],"damage_taken":[{"damage":6,"enemies":"Small Slimes","floor":1,"turns":8},{"damage":0,"enemies":"2 Louse","floor":2,"turns":3},{"damage":0,"enemies":"Cultist","floor":3,"turns":3},{"damage":4,"enemies":"Blue Slaver","floor":4,"turns":6},{"damage":37,"enemies":"Lagavulin","floor":7,"turns":7},{"damage":6,"enemies":"Exordium Thugs","floor":8,"turns":6},{"damage":12,"enemies":"Red Slaver","floor":11,"turns":5},{"damage":20,"enemies":"Gremlin Nob","floor":13,"turns":4},{"damage":18,"enemies":"The Guardian","floor":16,"turns":14},{"damage":5,"enemies":"3 Byrds","floor":18,"turns":4},{"damage":2,"enemies":"Chosen","floor":19,"turns":6},{"damage":50,"enemies":"Shelled Parasite and Fungi","floor":22,"turns":6},{"damage":24,"enemies":"Sentry and Sphere","floor":24,"turns":5},{"damage":8,"enemies":"Chosen and Byrds","floor":25,"turns":4},{"damage":10,"enemies":"3 Cultists","floor":29,"turns":4},{"damage":26,"enemies":"Book of Stabbing","floor":31,"turns":6},{"damage":48,"enemies":"Automaton","floor":33,"turns":9},{"damage":35,"enemies":"3 Darklings","floor":35,"turns":7},{"damage":2,"enemies":"3 Shapes","floor":38,"turns":6},{"damage":59,"enemies":"Reptomancer","floor":41,"turns":5},{"damage":31,"enemies":"Writhing Mass","floor":42,"turns":3}],"seed_played":"5840296739308455052","potions_obtained":[{"floor":1,"key":"Ancient Potion"},{"floor":3,"key":"Dexterity Potion"},{"floor":7,"key":"GhostInAJar"},{"floor":8,"key":"EssenceOfSteel"},{"floor":18,"key":"GhostInAJar"},{"floor":19,"key":"Swift Potion"},{"floor":25,"key":"Swift Potion"},{"floor":29,"key":"SkillPotion"},{"floor":33,"key":"FearPotion"},{"floor":35,"key":"LiquidBronze"}],"is_trial":false,"path_per_floor":["M","M","M","M","?","R","E","M","T","R","M","R","E","?","R","B",null,"M","M","?","?","M","R","M","M","T","$","?","M","$","E","R","B",null,"M","T","$","M","$","R","E","M"],"character_chosen":"THE_SILENT","items_purchased":["OrangePellets","Weak Potion","Anchor","Dash"],"campfire_rested":6,"item_purchase_floors":[27,27,37,37],"current_hp_per_floor":[71,71,71,67,67,67,30,24,24,49,39,64,46,46,71,55,77,74,74,74,74,26,51,29,23,23,23,84,74,74,50,84,36,72,39,39,39,39,39,79,22,0],"gold":117,"neow_bonus":"TWENTY_PERCENT_HP_BONUS","is_prod":false,"is_daily":false,"chose_seed":false,"campfire_upgraded":1,"win_rate":0,"timestamp":1548123561,"path_taken":["M","M","M","M","?","R","E","M","T","R","M","R","E","?","R","BOSS","M","M","?","?","M","R","?","M","T","$","?","M","?","E","R","BOSS","M","?","$","?","?","R","E","M"],"build_version":"2019-01-17v2","purchased_purges":0,"victory":false,"max_hp_per_floor":[84,84,84,84,84,84,84,84,84,84,84,84,84,84,84,84,84,84,84,84,84,84,84,84,84,84,84,84,84,84,84,84,84,84,84,84,84,84,84,84,84,84],"card_choices":[{"not_picked":["Dagger Throw","Accuracy"],"picked":"Predator","floor":1},{"not_picked":["Deadly Poison","Heel Hook"],"picked":"Dagger Spray","floor":2},{"not_picked":["Outmaneuver","Riddle With Holes"],"picked":"PiercingWail","floor":3},{"not_picked":["Heel Hook","Flechettes"],"picked":"Cloak And Dagger","floor":4},{"not_picked":["Tools of the Trade","Accuracy"],"picked":"Escape Plan","floor":7},{"not_picked":["Masterful Stab","Infinite Blades"],"picked":"Cloak And Dagger","floor":8},{"not_picked":["Bouncing Flask","Flying Knee"],"picked":"Caltrops","floor":11},{"not_picked":["Prepared","Underhanded Strike"],"picked":"Well Laid Plans","floor":13},{"not_picked":["Bullet Time","Doppelganger"],"picked":"A Thousand Cuts","floor":16},{"not_picked":["Distraction","Flying Knee"],"picked":"Terror","floor":18},{"not_picked":["Quick Slash+1","Prepared"],"picked":"Crippling Poison+1","floor":19},{"not_picked":["Dagger Spray","Distraction"],"picked":"Dagger Throw","floor":22},{"not_picked":["Reflex","Slice"],"picked":"Crippling Poison+1","floor":24},{"not_picked":["Bane","Calculated Gamble+1"],"picked":"Noxious Fumes","floor":25},{"not_picked":["Noxious Fumes+1","Dodge and Roll"],"picked":"Footwork","floor":29},{"not_picked":["Caltrops","Reflex"],"picked":"Backstab","floor":31},{"not_picked":["Die Die Die","Adrenaline"],"picked":"A Thousand Cuts","floor":33},{"not_picked":["Choke","Flying Knee"],"picked":"Blade Dance","floor":35},{"not_picked":["Finisher","Terror+1"],"picked":"Dagger Spray+1","floor":38},{"not_picked":["Dagger Spray+1","Acrobatics"],"picked":"Caltrops+1","floor":41}],"player_experience":163438,"relics_obtained":[{"floor":7,"key":"Pen Nib"},{"floor":9,"key":"Blood Vial"},{"floor":13,"key":"Matryoshka"},{"floor":26,"key":"MawBank"},{"floor":26,"key":"Regal Pillow"},{"floor":31,"key":"Happy Flower"},{"floor":36,"key":"PreservedInsect"},{"floor":36,"key":"Tiny Chest"},{"floor":41,"key":"Blue Candle"}],"event_choices":[{"damage_healed":0,"gold_gain":0,"player_choice":"Left Gold","damage_taken":0,"max_hp_gain":0,"max_hp_loss":0,"event_name":"World of Goop","floor":5,"gold_loss":49},{"damage_healed":0,"gold_gain":0,"player_choice":"Ignored","damage_taken":0,"max_hp_gain":0,"max_hp_loss":0,"event_name":"Shining Light","floor":14,"gold_loss":0},{"cards_removed":["Defend_G"],"damage_healed":0,"gold_gain":0,"player_choice":"Gave Gold","damage_taken":0,"max_hp_gain":0,"max_hp_loss":0,"event_name":"Beggar","floor":20,"gold_loss":75},{"damage_healed":0,"gold_gain":0,"player_choice":"Ignored","damage_taken":0,"max_hp_gain":0,"max_hp_loss":0,"event_name":"N\u0027loth","floor":21,"gold_loss":0},{"cards_removed":["Crippling Poison"],"damage_healed":61,"gold_gain":0,"player_choice":"Offered Uncommon","damage_taken":0,"max_hp_gain":0,"max_hp_loss":0,"event_name":"Bonfire Elementals","floor":28,"gold_loss":0}],"is_beta":false,"boss_relics":[{"not_picked":["Fusion Hammer","Lizard Tail"],"picked":"Philosopher\u0027s Stone"},{"not_picked":["Pandora\u0027s Box","HoveringKite"],"picked":"Ring of the Serpent"}],"items_purged_floors":[],"is_endless":false,"potions_floor_spawned":[1,3,7,8,18,19,25,29,33,35,38],"killed_by":"Writhing Mass","ascension_level":7}