{"gold_per_floor":[114,114,114,129,129,159,159,189,189,219,144,174,189,249,249,349,349,364,64,64,79,94,424,439,439,464,494,509,509,524,9,9,109,159,174,189,189,189,289,289,289,319,319,349,99,114,144,144,144,144],"floor_reached":51,"playtime":4075,"items_purged":["Regret"],"score":1034,"play_id":"85c445a3-6781-418e-a298-a833a1d1212e","local_time":"20190301234115","daily_mods":["Insanity","Green Cards","Elite Swarm"],"is_ascension_mode":false,"campfire_choices":[{"floor":7.0,"key":"REST"},{"floor":15.0,"key":"REST"},{"floor":32.0,"key":"REST"},{"data":"Buffer","floor":40,"key":"SMITH"},{"data":"Burst","floor":49,"key":"SMITH"}],"neow_cost":"","seed_source_timestamp":0,"circlet_count":0,"master_deck":["Ball Lightning","Poisoned Stab","Go for the Eyes","Loop","White Noise","Barrage","Sucker Punch","Cold Snap","Dodge and Roll","Redo","Gash","Fusion","Acrobatics","Dagger Spray","Redo","Dagger Throw","BootSequence","Beam Cell","Hello World","Acrobatics","Deadly Poison","Backflip","Doom and Gloom","Gash","Rebound","Turbo","Fusion","Rip and Tear","Consume","Prepared","Stack","Turbo","Rebound","Cloak And Dagger","Melter","Gash","Rebound","Loop","Dodge and Roll","Go for the Eyes","Blade Dance+1","Cloak And Dagger","Stack","Hologram","Go for the Eyes","Prepared","Gash","Backflip","PiercingWail","Echo Form","Venomology","Die Die Die","Crippling Poison","Electrodynamics","All For One","Streamline+1","Acrobatics","Gash","Concentrate","Burst+1","Gash+1","Buffer+1","Streamline+1","Mind Blast+1","Slice+1","Riddle With Holes+1","Hello World+1","Dash+1","Flash of Steel+1","Violence","Writhe","White Noise+1","All For One+1","Aggregate+1","Die Die Die+1"],"special_seed":17942,"relics":["Cracked Core","Bag of Preparation","Matryoshka","Bottled Lightning","Blood Vial","Lantern","Sundial","Pocketwatch","Letter Opener","Tiny Chest","Inserter","Ice Cream","Old Coin","Molten Egg 2","Symbiotic Virus","Bag of Marbles","Singing Bowl","Unceasing Top","Tiny House","Thread and Needle","Incense Burner","Question Card","Centennial Puzzle","Kunai","Regal Pillow"],"potions_floor_usage":[39,39,42,46,46,46,47,47,47,50],"damage_taken":[{"damage":0.0,"enemies":"Jaw Worm","floor":1.0,"turns":3.0},{"damage":0.0,"enemies":"2 Louse","floor":4.0,"turns":2.0},{"damage":13.0,"enemies":"Lagavulin","floor":6.0,"turns":8.0},{"damage":1.0,"enemies":"3 Sentries","floor":8.0,"turns":6.0},{"damage":10.0,"enemies":"Gremlin Nob","floor":10.0,"turns":3.0},{"damage":14.0,"enemies":"3 Sentries","floor":12.0,"turns":3.0},{"damage":0.0,"enemies":"Cultist","floor":13.0,"turns":3.0},{"damage":22.0,"enemies":"Gremlin Nob","floor":14.0,"turns":4.0},{"damage":0.0,"enemies":"Slime Boss","floor":16.0,"turns":5.0},{"damage":18.0,"enemies":"3 Byrds","floor":18.0,"turns":4.0},{"damage":10.0,"enemies":"2 Thieves","floor":21.0,"turns":3.0},{"damage":16.0,"enemies":"Centurion and Healer","floor":22.0,"turns":4.0},{"damage":14.0,"enemies":"Slavers","floor":23.0,"turns":4.0},{"damage":4.0,"enemies":"Cultist and Chosen","floor":24.0,"turns":4.0},{"damage":10.0,"enemies":"Book of Stabbing","floor":27.0,"turns":4.0},{"damage":11.0,"enemies":"Snake Plant","floor":28.0,"turns":4.0},{"damage":2.0,"enemies":"Snecko","floor":30.0,"turns":5.0},{"damage":10.0,"enemies":"Automaton","floor":33.0,"turns":6.0},{"damage":20.0,"enemies":"3 Darklings","floor":35.0,"turns":4.0},{"damage":0,"enemies":"Orb Walker","floor":36,"turns":1},{"damage":22,"enemies":"Mind Bloom Boss Battle","floor":39,"turns":4},{"damage":35,"enemies":"Nemesis","floor":42,"turns":7},{"damage":63,"enemies":"Reptomancer","floor":44,"turns":6},{"damage":0,"enemies":"4 Shapes","floor":46,"turns":3},{"damage":0,"enemies":"Giant Head","floor":47,"turns":7},{"damage":32,"enemies":"Time Eater","floor":50,"turns":11}],"seed_played":"344696707600403155","potions_obtained":[{"floor":4.0,"key":"Dexterity Potion"},{"floor":6.0,"key":"PowerPotion"},{"floor":13.0,"key":"GamblersBrew"},{"floor":21.0,"key":"SpeedPotion"},{"floor":24.0,"key":"FocusPotion"},{"floor":30.0,"key":"EssenceOfSteel"},{"floor":33.0,"key":"Poison Potion"},{"floor":34.0,"key":"PowerPotion"},{"floor":44,"key":"Dexterity Potion"},{"floor":46,"key":"Dexterity Potion"},{"floor":47,"key":"Block Potion"}],"is_trial":false,"path_per_floor":["M","?","?","M","?","E","R","E","T","E","$","E","M","E","R","B",null,"M","$","?","M","M","E","M","T","T","E","M","?","M","$","R","B",null,"M","M","?","?","?","R","?","E","T","E","$","M","E","?","R","B",null],"character_chosen":"DEFECT","items_purchased":["Ice Cream","Unceasing Top","Mind Blast+1","Slice+1","Regen Potion","Kunai"],"campfire_rested":3,"item_purchase_floors":[19,31,31,31,31,45],"current_hp_per_floor":[75,75,63,63,63,50,72,71,71,63,63,51,53,38,60,62,75,57,57,57,49,35,23,21,21,21,13,6,31,31,31,54,63,84,64,66,58,80,60,60,96,63,63,2,2,4,6,86,86,54],"gold":144,"neow_bonus":"","is_prod":false,"is_daily":true,"chose_seed":false,"campfire_upgraded":2,"win_rate":0,"timestamp":1551501675,"path_taken":["M","?","?","M","?","E","R","E","T","E","$","E","?","E","R","BOSS","M","$","?","M","M","E","?","?","T","E","M","?","M","?","R","BOSS","M","M","?","?","?","R","?","E","T","E","$","?","E","?","R","BOSS"],"build_version":"2019-01-23","purchased_purges":1,"victory":true,"max_hp_per_floor":[75,75,75,75,75,75,75,75,75,75,75,75,75,75,75,75,75,75,75,75,75,75,75,75,75,75,75,77,77,77,77,77,79,84,84,84,86,86,86,86,96,98,98,98,98,98,98,86,86,86],"card_choices":[{"not_picked":["Terror","Steam","Calculated Gamble"],"picked":"SKIP","floor":1.0},{"not_picked":["Turbo","Underhanded Strike"],"picked":"PiercingWail","floor":4.0},{"not_picked":["Hyperbeam","Seek"],"picked":"Echo Form","floor":6.0},{"not_picked":["Wraith Form v2","Meteor Strike"],"picked":"Bullet Time","floor":8.0},{"not_picked":["Malaise","Die Die Die"],"picked":"Venomology","floor":10.0},{"not_picked":["Thunder Strike","Envenom"],"picked":"Die Die Die","floor":12.0},{"not_picked":["Caltrops","PiercingWail"],"picked":"Crippling Poison","floor":13.0},{"not_picked":["Biased Cognition","Corpse Explosion"],"picked":"Electrodynamics","floor":14.0},{"not_picked":["Storm of Steel","Adrenaline"],"picked":"All For One","floor":16.0},{"not_picked":["Skewer+1","Prepared+1"],"picked":"Streamline+1","floor":18.0},{"not_picked":["Storm","Steam"],"picked":"Gash","floor":21.0},{"not_picked":["Sucker Punch","Consume+1"],"picked":"Concentrate","floor":22.0},{"not_picked":["Amplify","Fission"],"picked":"Burst","floor":23.0},{"not_picked":["Redo","Stack"],"picked":"Gash+1","floor":24.0},{"not_picked":["Multi-Cast","Unload+1"],"picked":"Buffer","floor":27.0},{"not_picked":["Barrage+1","Leap","Dodge and Roll"],"picked":"Singing Bowl","floor":28.0},{"not_picked":["Dash+1","Dodge and Roll"],"picked":"Streamline+1","floor":30.0},{"not_picked":["Fission","Multi-Cast","Adrenaline"],"picked":"Singing Bowl","floor":33.0},{"not_picked":["Stack","Dodge and Roll"],"picked":"Riddle With Holes+1","floor":34.0},{"not_picked":["Gash+1","Reprogram"],"picked":"Hello World+1","floor":35},{"not_picked":["Chaos+1","Tempest"],"picked":"Dash+1","floor":36},{"not_picked":["Good Instincts","Blind","Forethought"],"picked":"Singing Bowl","floor":37},{"not_picked":["Swift Strike+1","Dark Shackles"],"picked":"Flash of Steel+1","floor":37},{"not_picked":["The Bomb","Finesse"],"picked":"Violence","floor":37},{"not_picked":["Sweeping Beam+1","Streamline+1"],"picked":"White Noise+1","floor":39},{"not_picked":["Rainbow","Amplify","Glass Knife+1"],"picked":"Singing Bowl","floor":42},{"not_picked":["Electrodynamics","Phantasmal Killer","Amplify"],"picked":"All For One+1","floor":44},{"not_picked":["Streamline+1","Infinite Blades+1","Blizzard+1"],"picked":"Aggregate+1","floor":46},{"not_picked":["Glass Knife+1","A Thousand Cuts","Seek"],"picked":"Die Die Die+1","floor":47}],"player_experience":374616,"relics_obtained":[{"floor":6.0,"key":"Bottled Lightning"},{"floor":8.0,"key":"Blood Vial"},{"floor":9.0,"key":"Lantern"},{"floor":9.0,"key":"Sundial"},{"floor":10.0,"key":"Pocketwatch"},{"floor":12.0,"key":"Letter Opener"},{"floor":14.0,"key":"Tiny Chest"},{"floor":23.0,"key":"Old Coin"},{"floor":25.0,"key":"Molten Egg 2"},{"floor":25.0,"key":"Symbiotic Virus"},{"floor":26.0,"key":"Bag of Marbles"},{"floor":27.0,"key":"Singing Bowl"},{"floor":39,"key":"Thread and Needle"},{"floor":42,"key":"Incense Burner"},{"floor":43,"key":"Question Card"},{"floor":44,"key":"Centennial Puzzle"},{"floor":47,"key":"Regal Pillow"}],"event_choices":[{"damage_healed":0.0,"max_hp_gain":0.0,"max_hp_loss":0.0,"gold_gain":0.0,"event_name":"Big Fish","player_choice":"Box","floor":2.0,"gold_loss":0.0,"damage_taken":0.0,"relics_obtained":["Bag of Preparation"],"cards_obtained":["Regret"]},{"damage_healed":0.0,"max_hp_gain":0.0,"max_hp_loss":0.0,"gold_gain":0.0,"event_name":"Scrap Ooze","player_choice":"Success","floor":3.0,"gold_loss":0.0,"damage_taken":12.0,"relics_obtained":["Matryoshka"]},{"cards_removed":["Calculated Gamble"],"damage_healed":0.0,"max_hp_gain":0.0,"max_hp_loss":0.0,"gold_gain":0.0,"event_name":"Purifier","player_choice":"Purged","floor":5.0,"gold_loss":0.0,"damage_taken":0.0},{"damage_healed":0.0,"max_hp_gain":0.0,"max_hp_loss":0.0,"gold_gain":0.0,"cards_transformed":["Sucker Punch"],"event_name":"Transmorgrifier","player_choice":"Transformed","floor":20.0,"gold_loss":0.0,"damage_taken":0.0,"cards_obtained":["Acrobatics"]},{"damage_healed":25.0,"max_hp_gain":0.0,"max_hp_loss":0.0,"gold_gain":0.0,"event_name":"The Library","player_choice":"Heal","floor":29.0,"gold_loss":0.0,"damage_taken":0.0},{"damage_healed":0,"gold_gain":0,"player_choice":"Memory 3","damage_taken":10,"max_hp_gain":0,"max_hp_loss":0,"event_name":"SensoryStone","floor":37,"gold_loss":0},{"damage_healed":22,"gold_gain":0,"player_choice":"Writhe","damage_taken":0,"max_hp_gain":0,"max_hp_loss":0,"event_name":"Winding Halls","floor":38,"gold_loss":0,"cards_obtained":["Writhe"]},{"damage_healed":0,"gold_gain":0,"player_choice":"Fight","damage_taken":0,"max_hp_gain":0,"max_hp_loss":0,"event_name":"MindBloom","floor":39,"gold_loss":0},{"cards_removed":["Bullet Time"],"damage_healed":26,"gold_gain":0,"player_choice":"Offered Rare","damage_taken":0,"max_hp_gain":10,"max_hp_loss":0,"event_name":"Bonfire Elementals","floor":41,"gold_loss":0},{"damage_healed":86,"gold_gain":0,"player_choice":"Heal","damage_taken":0,"max_hp_gain":0,"max_hp_loss":12,"event_name":"The Moai Head","floor":48,"gold_loss":0}],"is_beta":false,"boss_relics":[{"not_picked":["Runic Pyramid","Velvet Choker"],"picked":"Inserter"},{"not_picked":["Coffee Dripper","Astrolabe"],"picked":"Tiny House"}],"items_purged_floors":[11],"is_endless":false,"potions_floor_spawned":[4,6,13,16,21,24,30,33,36,44,46,47],"ascension_level":0}