{"gold_per_floor":[114,189,204,260,275,305,320,320,320,97,112,127,127,127,127,227,277,292,292,391,409,409,439,454,469,519,519,534,549,458,383,383,383],"floor_reached":33,"playtime":1214,"items_purged":[],"score":317,"play_id":"3de2cf18-64bc-4ec3-9d1e-e7a6e7e3df88","local_time":"20180917181102","daily_mods":["Specialized","Lethality","Terminal"],"is_ascension_mode":false,"campfire_choices":[{"floor":8,"key":"REST"},{"data":"Zap","floor":15,"key":"SMITH"},{"floor":27,"key":"REST"},{"floor":32,"key":"REST"}],"neow_cost":"","seed_source_timestamp":0,"circlet_count":0,"master_deck":["Strike_B+1","Strike_B+1","Strike_B+1","Strike_B+1","Defend_B+1","Defend_B+1","Defend_B+1","Defend_B+1","Zap+1","Dualcast","All For One","All For One","All For One","All For One","All For One","Leap","Chaos","Streamline","Buffer","Stack","Gash","FTL","BootSequence","Regret","Buffer","Conserve Battery","White Noise","Ball Lightning","Capacitor+1","Compile Driver+1","Rip and Tear+1","Glacier+1","Defragment","Sunder"],"special_seed":17791,"relics":["Cracked Core","Cables","Happy Flower","Gambling Chip","Runic Capacitor","Ice Cream","WarpedTongs","Tiny House","Red Mask","MutagenicStrength","FossilizedHelix","Art of War"],"potions_floor_usage":[16,18,23,25,28,33,33],"damage_taken":[{"damage":0,"enemies":"Cultist","floor":1,"turns":3},{"damage":6,"enemies":"2 Louse","floor":3,"turns":2},{"damage":0,"enemies":"Small Slimes","floor":5,"turns":2},{"damage":27,"enemies":"Gremlin Nob","floor":6,"turns":4},{"damage":3,"enemies":"Looter","floor":7,"turns":3},{"damage":0,"enemies":"2 Fungi Beasts","floor":11,"turns":2},{"damage":0,"enemies":"Large Slime","floor":12,"turns":4},{"damage":44,"enemies":"Hexaghost","floor":16,"turns":7},{"damage":13,"enemies":"2 Thieves","floor":18,"turns":4},{"damage":12,"enemies":"Masked Bandits","floor":21,"turns":3},{"damage":0,"enemies":"Gremlin Leader","floor":23,"turns":4},{"damage":7,"enemies":"3 Byrds","floor":24,"turns":3},{"damage":14,"enemies":"Snake Plant","floor":25,"turns":3},{"damage":0,"enemies":"3 Cultists","floor":28,"turns":4},{"damage":11,"enemies":"Cultist and Chosen","floor":29,"turns":4},{"damage":55,"enemies":"Automaton","floor":33,"turns":6}],"seed_played":"2472854970281595153","potions_obtained":[{"floor":3,"key":"GamblersBrew"},{"floor":11,"key":"SteroidPotion"},{"floor":16,"key":"Energy Potion"},{"floor":17,"key":"GamblersBrew"},{"floor":21,"key":"Block Potion"},{"floor":24,"key":"EssenceOfSteel"},{"floor":28,"key":"Dexterity Potion"},{"floor":29,"key":"Explosive Potion"}],"is_trial":false,"path_per_floor":["M","T","M","?","M","E","M","R","T","$","M","M","?","?","R","B",null,"M","?","?","?","?","E","M","M","T","R","M","M","$","?","R"],"character_chosen":"DEFECT","items_purchased":["Runic Capacitor","Gash","Dexterity Potion","Sunder"],"campfire_rested":3,"item_purchase_floors":[10,10,30,30],"current_hp_per_floor":[73,72,66,66,66,39,36,56,56,56,56,56,56,56,56,12,62,49,49,49,37,37,37,30,16,16,31,31,20,20,20,34,0],"gold":383,"neow_bonus":"","is_prod":false,"is_daily":true,"chose_seed":false,"campfire_upgraded":1,"win_rate":0,"timestamp":1537222262,"path_taken":["M","?","M","?","M","E","M","R","T","$","M","M","?","?","R","BOSS","M","?","?","?","?","E","M","?","T","R","M","?","$","?","R","BOSS"],"build_version":"2018-09-06","purchased_purges":0,"victory":false,"max_hp_per_floor":[73,72,71,70,69,68,67,66,65,64,63,62,61,60,59,58,62,61,60,59,58,57,56,55,54,53,52,51,50,49,48,47,47],"card_choices":[{"not_picked":["Steam","Undo"],"picked":"Leap","floor":1},{"not_picked":["Streamline","Coolheaded"],"picked":"Chaos","floor":3},{"not_picked":["Leap","Undo"],"picked":"Streamline","floor":5},{"not_picked":["Storm","Hologram"],"picked":"Buffer","floor":6},{"not_picked":["Reinforced Body","Heatsinks"],"picked":"Stack","floor":7},{"not_picked":["Sweeping Beam","Scrape"],"picked":"FTL","floor":11},{"not_picked":["Stack","Compile Driver"],"picked":"BootSequence","floor":12},{"not_picked":["All For One","Machine Learning"],"picked":"Buffer","floor":16},{"not_picked":["Ball Lightning","Stack"],"picked":"Conserve Battery","floor":17},{"not_picked":["Fusion","Scrape"],"picked":"White Noise","floor":18},{"not_picked":["Redo","Rebound"],"picked":"Ball Lightning","floor":21},{"not_picked":["Streamline+1","Hologram+1"],"picked":"Capacitor+1","floor":23},{"not_picked":["Hologram","White Noise+1"],"picked":"Compile Driver+1","floor":24},{"not_picked":["Ball Lightning","Hologram+1"],"picked":"Rip and Tear+1","floor":25},{"not_picked":["Heatsinks","Scrape"],"picked":"Glacier+1","floor":28},{"not_picked":["Doom and Gloom","Rebound+1"],"picked":"Defragment","floor":29}],"player_experience":124140,"relics_obtained":[{"floor":2,"key":"Cables"},{"floor":6,"key":"Happy Flower"},{"floor":9,"key":"Gambling Chip"},{"floor":21,"key":"Red Mask"},{"floor":23,"key":"FossilizedHelix"},{"floor":26,"key":"Art of War"}],"event_choices":[{"event_name":"Golden Wing","player_choice":"Gained Gold","floor":4,"damage_taken":0},{"event_name":"Big Fish","player_choice":"Box","floor":13,"damage_taken":0},{"event_name":"Accursed Blacksmith","player_choice":"Rummage","floor":14,"damage_taken":0},{"event_name":"Back to Basics","player_choice":"Simplicity","floor":19,"damage_taken":0},{"event_name":"Nest","player_choice":"Stole From Cult","floor":20,"damage_taken":0},{"event_name":"Masked Bandits","player_choice":"Fought Bandits","floor":21,"damage_taken":0},{"event_name":"Drug Dealer","player_choice":"Inject Mutagens","floor":22,"damage_taken":0},{"event_name":"Beggar","player_choice":"Gave Gold","floor":31,"damage_taken":0}],"is_beta":false,"boss_relics":[{"not_picked":["Empty Cage","Runic Pyramid"],"picked":"Tiny House"}],"items_purged_floors":[],"is_endless":false,"potions_floor_spawned":[3,11,16,21,24,28,29],"killed_by":"Automaton","ascension_level":0}