{"gold_per_floor":[119,119,119,194,210,243,243,78,78,103,121,46,71,87,87,176,176,197,211,235,235,235,235,270,270,270,270,270,295,311,6,6,99,99,119,134,158,283,307,350,350,350,350,350,68,68,87,101,101,101],"floor_reached":51,"playtime":4115,"items_purged":["Strike_G","Strike_G","Strike_G"],"score":1376,"play_id":"a62f51aa-53be-4b2c-96f4-2699f8c12d8c","local_time":"20181223002810","is_ascension_mode":true,"campfire_choices":[{"floor":7,"key":"REST"},{"data":"Deadly Poison","floor":15,"key":"SMITH"},{"floor":23,"key":"REST"},{"floor":25,"key":"REST"},{"data":"After Image","floor":27,"key":"SMITH"},{"data":"Blade Dance","floor":32,"key":"SMITH"},{"data":"Well Laid Plans","floor":41,"key":"SMITH"},{"data":"Envenom","floor":44,"key":"SMITH"},{"floor":46,"key":"REST"},{"floor":49,"key":"REST"}],"neow_cost":"NONE","seed_source_timestamp":8986410978806,"circlet_count":0,"master_deck":["AscendersBane","Defend_G","Defend_G","Defend_G","Defend_G","Defend_G","Survivor","Neutralize+1","Cloak And Dagger+1","Flying Knee","Backflip","Adrenaline","PiercingWail","Cloak And Dagger","Deadly Poison+1","After Image+1","Corpse Explosion","Well Laid Plans+1","Outmaneuver","Dagger Throw","After Image+1","Blade Dance+1","Footwork+1","Infinite Blades","Adrenaline","Envenom+1","Blade Dance+1","Acrobatics","Escape Plan"],"relics":["Ring of the Snake","NeowsBlessing","Golden Idol","Regal Pillow","Singing Bowl","Sozu","Question Card","Kunai","Lizard Tail","Tough Bandages","Omamori","Ornamental Fan","Boot"],"potions_floor_usage":[18,18],"damage_taken":[{"damage":0,"enemies":"Small Slimes","floor":1,"turns":1},{"damage":0,"enemies":"2 Louse","floor":5,"turns":1},{"damage":0,"enemies":"3 Sentries","floor":6,"turns":1},{"damage":0,"enemies":"Jaw Worm","floor":10,"turns":3},{"damage":0,"enemies":"Lots of Slimes","floor":11,"turns":6},{"damage":0,"enemies":"Blue Slaver","floor":13,"turns":3},{"damage":3,"enemies":"Looter","floor":14,"turns":5},{"damage":30,"enemies":"The Guardian","floor":16,"turns":14},{"damage":1,"enemies":"2 Thieves","floor":18,"turns":3},{"damage":7,"enemies":"3 Byrds","floor":19,"turns":3},{"damage":12,"enemies":"Shelled Parasite and Fungi","floor":20,"turns":6},{"damage":47,"enemies":"Gremlin Leader","floor":24,"turns":8},{"damage":0,"enemies":"Chosen and Byrds","floor":29,"turns":9},{"damage":6,"enemies":"Centurion and Healer","floor":30,"turns":7},{"damage":27,"enemies":"Collector","floor":33,"turns":15},{"damage":0,"enemies":"Orb Walker","floor":35,"turns":5},{"damage":2,"enemies":"3 Shapes","floor":36,"turns":5},{"damage":0,"enemies":"Maw","floor":37,"turns":9},{"damage":0,"enemies":"Mind Bloom Boss Battle","floor":38,"turns":9},{"damage":17,"enemies":"3 Darklings","floor":39,"turns":4},{"damage":0,"enemies":"Giant Head","floor":40,"turns":12},{"damage":24,"enemies":"Transient","floor":47,"turns":6},{"damage":0,"enemies":"Sphere and 2 Shapes","floor":48,"turns":8},{"damage":23,"enemies":"Donu and Deca","floor":50,"turns":10}],"seed_played":"-7222335786486786457","potions_obtained":[{"floor":1,"key":"Swift Potion"},{"floor":11,"key":"Swift Potion"},{"floor":16,"key":"SpeedPotion"}],"is_trial":false,"path_per_floor":["M","?","?","?","M","E","R","$","T","M","M","$","M","M","R","B",null,"M","M","M","?","?","R","E","R","T","R","?","M","M","$","R","B",null,"M","M","M","?","M","E","R","?","T","R","$","R","M","M","R","B",null],"character_chosen":"THE_SILENT","items_purchased":["Adrenaline","Infinite Blades","Adrenaline","Boot"],"campfire_rested":5,"item_purchase_floors":[8,31,31,45],"current_hp_per_floor":[59,39,39,28,28,28,60,60,60,60,60,60,60,57,57,27,52,53,46,36,36,36,64,19,53,53,53,53,53,47,47,47,20,55,57,57,59,59,42,44,44,44,44,44,44,70,46,48,72,49],"gold":101,"neow_bonus":"THREE_ENEMY_KILL","is_prod":false,"is_daily":false,"chose_seed":false,"campfire_upgraded":5,"win_rate":0,"timestamp":1545535690,"path_taken":["M","?","?","?","M","E","R","?","T","M","M","$","?","M","R","BOSS","M","M","?","?","?","R","E","R","T","R","?","?","?","$","R","BOSS","M","M","M","?","M","E","R","?","T","R","$","R","M","M","R","BOSS"],"build_version":"2018-12-20","purchased_purges":3,"victory":true,"max_hp_per_floor":[66,66,60,60,60,60,60,60,60,60,60,60,60,60,60,60,60,62,62,64,64,64,64,66,66,66,66,66,66,66,66,66,66,66,68,70,72,72,72,74,74,70,70,70,70,70,70,72,72,72],"card_choices":[{"not_picked":["Finisher","Dodge and Roll"],"picked":"Cloak And Dagger","floor":1},{"not_picked":["Deflect","Outmaneuver"],"picked":"Flying Knee","floor":5},{"not_picked":["Quick Slash","Masterful Stab"],"picked":"Backflip","floor":6},{"not_picked":["Heel Hook","Blur"],"picked":"PiercingWail","floor":10},{"not_picked":["Underhanded Strike","Poisoned Stab"],"picked":"Cloak And Dagger","floor":11},{"not_picked":["Bouncing Flask","Deflect"],"picked":"Deadly Poison","floor":13},{"not_picked":["Bane","Escape Plan"],"picked":"After Image","floor":14},{"not_picked":["Unload","Glass Knife"],"picked":"Corpse Explosion","floor":16},{"not_picked":["Reflex+1","PiercingWail","Flying Knee"],"picked":"Singing Bowl","floor":18},{"not_picked":["Prepared","Acrobatics"],"picked":"Well Laid Plans","floor":19},{"not_picked":["Underhanded Strike","Quick Slash","Poisoned Stab"],"picked":"Singing Bowl","floor":20},{"not_picked":["Flechettes","Accuracy","Flying Knee"],"picked":"Singing Bowl","floor":24},{"not_picked":["Deadly Poison","Backflip","Dagger Throw"],"picked":"Blade Dance","floor":29},{"not_picked":["Deflect","Flying Knee","Grand Finale"],"picked":"Footwork+1","floor":30},{"not_picked":["Die Die Die","Glass Knife","Venomology"],"picked":"Envenom","floor":33},{"not_picked":["Poisoned Stab","Slice","Cloak And Dagger","Flechettes+1"],"picked":"Singing Bowl","floor":35},{"not_picked":["Underhanded Strike","Dagger Throw","Prepared","Choke"],"picked":"Singing Bowl","floor":36},{"not_picked":["Acrobatics","Well Laid Plans","Catalyst","Masterful Stab"],"picked":"Singing Bowl","floor":37},{"not_picked":["Quick Slash","Masterful Stab+1","Outmaneuver"],"picked":"Blade Dance+1","floor":38},{"not_picked":["Burst","Backstab+1","Quick Slash+1"],"picked":"Acrobatics","floor":39},{"not_picked":["Heel Hook","A Thousand Cuts","Dodge and Roll","Deadly Poison+1"],"picked":"Singing Bowl","floor":40},{"not_picked":["Eviscerate","Expertise","Skewer+1"],"picked":"Escape Plan","floor":47},{"not_picked":["Backstab+1","Sucker Punch","Tactician","Flechettes+1"],"picked":"Singing Bowl","floor":48}],"player_experience":606235,"relics_obtained":[{"floor":6,"key":"Regal Pillow"},{"floor":9,"key":"Singing Bowl"},{"floor":24,"key":"Question Card"},{"floor":26,"key":"Kunai"},{"floor":38,"key":"Tough Bandages"},{"floor":40,"key":"Omamori"},{"floor":43,"key":"Ornamental Fan"}],"event_choices":[{"damage_healed":0,"gold_gain":0,"player_choice":"Entered Light","damage_taken":20,"max_hp_gain":0,"max_hp_loss":0,"event_name":"Shining Light","floor":2,"gold_loss":0,"cards_upgraded":["Neutralize","Cloak And Dagger"]},{"damage_healed":0,"gold_gain":0,"player_choice":"Lose Max HP","damage_taken":0,"relics_obtained":["Golden Idol"],"max_hp_gain":0,"max_hp_loss":6,"event_name":"Golden Idol","floor":3,"gold_loss":0},{"damage_healed":0,"gold_gain":75,"player_choice":"Gather Gold","damage_taken":11,"max_hp_gain":0,"max_hp_loss":0,"event_name":"World of Goop","floor":4,"gold_loss":0},{"damage_healed":0,"gold_gain":0,"cards_transformed":["Strike_G","Strike_G"],"player_choice":"Became Test Subject","damage_taken":0,"max_hp_gain":0,"max_hp_loss":0,"event_name":"Drug Dealer","floor":21,"gold_loss":0,"cards_obtained":["Outmaneuver","Dagger Throw"]},{"damage_healed":0,"gold_gain":0,"player_choice":"Ignored","damage_taken":0,"max_hp_gain":0,"max_hp_loss":0,"event_name":"The Mausoleum","floor":22,"gold_loss":0},{"damage_healed":0,"gold_gain":0,"player_choice":"Copied","damage_taken":0,"max_hp_gain":0,"max_hp_loss":0,"event_name":"Duplicator","floor":28,"gold_loss":0,"cards_obtained":["After Image"]},{"damage_healed":0,"gold_gain":0,"player_choice":"Fight","damage_taken":0,"max_hp_gain":0,"max_hp_loss":0,"event_name":"MindBloom","floor":38,"gold_loss":0},{"damage_healed":0,"gold_gain":0,"player_choice":"Max HP","damage_taken":0,"max_hp_gain":0,"max_hp_loss":4,"event_name":"Winding Halls","floor":42,"gold_loss":0}],"is_beta":false,"boss_relics":[{"not_picked":["Busted Crown","Calling Bell"],"picked":"Sozu"},{"not_picked":["White Beast Statue","Orrery"],"picked":"Lizard Tail"}],"items_purged_floors":[12,31,45],"is_endless":false,"potions_floor_spawned":[1,11,16,19,30,36,38,39,40,48],"ascension_level":18}