{"gold_per_floor":[111,127,138,149,149,149,192,192,192,207,231,231],"floor_reached":12,"playtime":471,"items_purged":[],"score":144,"play_id":"4c91471e-5cae-4d17-b9c8-014185be602c","local_time":"20190508155708","is_ascension_mode":true,"campfire_choices":[{"data":"Footwork","floor":6,"key":"SMITH"}],"neow_cost":"NONE","seed_source_timestamp":597848862423717,"circlet_count":0,"master_deck":["AscendersBane","Defend_G","Defend_G","Defend_G","Defend_G","Defend_G","Strike_G","Strike_G","Strike_G","Strike_G","Strike_G","Survivor","Neutralize","Poisoned Stab","Footwork+1","PiercingWail","Injury","Tools of the Trade","Leg Sweep","PiercingWail"],"relics":["Runic Pyramid","Golden Idol","Pocketwatch","StoneCalendar","Du-Vu Doll"],"potions_floor_usage":[7],"damage_taken":[{"damage":2,"enemies":"2 Louse","floor":1,"turns":4},{"damage":5,"enemies":"Small Slimes","floor":2,"turns":3},{"damage":0,"enemies":"Cultist","floor":3,"turns":4},{"damage":2,"enemies":"Looter","floor":4,"turns":4},{"damage":43,"enemies":"Lagavulin","floor":7,"turns":8},{"damage":0,"enemies":"3 Louse","floor":10,"turns":4},{"damage":6,"enemies":"Exordium Thugs","floor":11,"turns":7},{"damage":1,"enemies":"2 Fungi Beasts","floor":12,"turns":1}],"seed_played":"-8651653978531188903","potions_obtained":[{"floor":1,"key":"Fire Potion"},{"floor":11,"key":"Poison Potion"}],"is_trial":false,"path_per_floor":["M","M","M","M","?","R","E","?","T","M","M","M"],"character_chosen":"THE_SILENT","items_purchased":[],"campfire_rested":0,"item_purchase_floors":[],"current_hp_per_floor":[57,52,52,50,50,50,7,7,7,7,1,0],"gold":231,"neow_bonus":"BOSS_RELIC","is_prod":false,"is_daily":false,"chose_seed":false,"campfire_upgraded":1,"win_rate":0,"timestamp":1557345428,"path_taken":["M","M","M","M","?","R","E","?","T","M","M","?"],"build_version":"2019-01-23","purchased_purges":0,"victory":false,"max_hp_per_floor":[66,66,66,66,66,66,66,66,66,66,66,66],"card_choices":[{"not_picked":["Acrobatics","Prepared"],"picked":"Poisoned Stab","floor":1},{"not_picked":["Blade Dance","Bane","Slice"],"picked":"SKIP","floor":2},{"not_picked":["Acrobatics","Quick Slash"],"picked":"Footwork","floor":3},{"not_picked":["Dagger Spray","Bouncing Flask"],"picked":"PiercingWail","floor":4},{"not_picked":["Flying Knee","Reflex"],"picked":"Tools of the Trade","floor":7},{"not_picked":["Underhanded Strike","Backflip"],"picked":"Leg Sweep","floor":10},{"not_picked":["Deadly Poison","Outmaneuver"],"picked":"PiercingWail","floor":11}],"player_experience":503438,"relics_obtained":[{"floor":7,"key":"Pocketwatch"},{"floor":8,"key":"StoneCalendar"},{"floor":9,"key":"Du-Vu Doll"}],"event_choices":[{"damage_healed":0,"gold_gain":0,"player_choice":"Take Wound","damage_taken":0,"relics_obtained":["Golden Idol"],"max_hp_gain":0,"max_hp_loss":0,"event_name":"Golden Idol","floor":5,"gold_loss":0,"cards_obtained":["Injury"]},{"damage_healed":0,"gold_gain":0,"player_choice":"Relic","damage_taken":0,"max_hp_gain":0,"max_hp_loss":0,"event_name":"Wheel of Change","floor":8,"gold_loss":0}],"is_beta":false,"boss_relics":[],"items_purged_floors":[],"is_endless":false,"potions_floor_spawned":[1,11],"killed_by":"2 Fungi Beasts","ascension_level":15}