{"gold_per_floor":[112,112,37,37,48,48,66,66,92,12,22,22,34,51,51,125,125,141,141,141,160,30,30,60,60,85,185,185,31,31,43,43,43],"floor_reached":33,"playtime":1525,"items_purged":["Strike_G"],"score":430,"play_id":"14c99013-7480-4e36-9092-ce50b21dd44c","local_time":"20181203010324","is_ascension_mode":true,"campfire_choices":[{"data":"Well Laid Plans","floor":6,"key":"SMITH"},{"data":"Neutralize","floor":8,"key":"SMITH"},{"floor":15,"key":"REST"},{"data":"After Image","floor":23,"key":"SMITH"},{"floor":28,"key":"REST"},{"floor":30,"key":"REST"},{"data":"Cloak And Dagger","floor":32,"key":"SMITH"}],"neow_cost":"NONE","seed_source_timestamp":28123657860156,"circlet_count":0,"master_deck":["AscendersBane","Defend_G","Defend_G","Defend_G","Defend_G","Defend_G","Strike_G","Strike_G","Strike_G","Strike_G","Survivor","Neutralize+1","After Image+1","Well Laid Plans+1","Dagger Throw","Poisoned Stab","Footwork","Dodge and Roll","Cloak And Dagger","Bouncing Flask","After Image+1","PiercingWail","Panacea","Dodge and Roll","Footwork","Backflip","Deflect","Cloak And Dagger+1"],"relics":["Ring of the Snake","Art of War","Pen Nib","Runic Dome","Strawberry","Ancient Tea Set","Vajra","Anchor"],"potions_floor_usage":[11,24,33],"damage_taken":[{"damage":0,"enemies":"Jaw Worm","floor":1,"turns":8},{"damage":0,"enemies":"Small Slimes","floor":5,"turns":5},{"damage":2,"enemies":"Cultist","floor":7,"turns":5},{"damage":0,"enemies":"3 Louse","floor":11,"turns":3},{"damage":18,"enemies":"Gremlin Gang","floor":13,"turns":7},{"damage":15,"enemies":"Exordium Thugs","floor":14,"turns":7},{"damage":7,"enemies":"The Guardian","floor":16,"turns":10},{"damage":2,"enemies":"Shell Parasite","floor":18,"turns":9},{"damage":9,"enemies":"3 Byrds","floor":21,"turns":9},{"damage":49,"enemies":"Book of Stabbing","floor":24,"turns":11},{"damage":0,"enemies":"Shelled Parasite and Fungi","floor":31,"turns":9},{"damage":50,"enemies":"Collector","floor":33,"turns":20}],"seed_played":"-630752815420470191","potions_obtained":[{"floor":5,"key":"Ancient Potion"},{"floor":7,"key":"Fire Potion"},{"floor":11,"key":"Strength Potion"},{"floor":18,"key":"FearPotion"},{"floor":24,"key":"GhostInAJar"}],"is_trial":false,"path_per_floor":["M","?","$","?","M","R","M","R","T","$","M","?","M","M","R","B",null,"M","?","?","M","$","R","E","$","T","?","R","$","R","M","R","B"],"character_chosen":"THE_SILENT","items_purchased":["Footwork","Footwork","Backflip","Anchor"],"campfire_rested":3,"item_purchase_floors":[10,22,22,29],"current_hp_per_floor":[59,56,56,56,56,56,54,54,54,54,54,54,36,21,40,33,58,56,63,63,54,54,54,5,5,5,5,26,26,47,47,47,0],"gold":43,"neow_bonus":"ONE_RANDOM_RARE_CARD","is_prod":false,"is_daily":false,"chose_seed":false,"campfire_upgraded":4,"win_rate":0,"timestamp":1543809804,"path_taken":["M","?","$","?","M","R","?","R","T","$","M","?","M","M","R","BOSS","M","?","?","?","$","R","E","$","T","?","R","?","R","M","R","BOSS"],"build_version":"2018-11-15","purchased_purges":1,"victory":false,"max_hp_per_floor":[66,66,66,66,66,66,66,66,66,66,66,66,66,66,66,66,66,66,73,73,73,73,73,73,73,73,73,73,73,73,73,73,73],"card_choices":[{"not_picked":["Poisoned Stab","Blade Dance"],"picked":"Well Laid Plans","floor":1},{"not_picked":["Acrobatics","PiercingWail"],"picked":"Dagger Throw","floor":5},{"not_picked":["Flying Knee","Glass Knife"],"picked":"Poisoned Stab","floor":7},{"not_picked":["PiercingWail","Underhanded Strike"],"picked":"Dodge and Roll","floor":11},{"not_picked":["Tactician","Acrobatics"],"picked":"Cloak And Dagger","floor":13},{"not_picked":["Adrenaline","Finisher"],"picked":"Bouncing Flask","floor":14},{"not_picked":["Adrenaline","Venomology"],"picked":"After Image","floor":16},{"not_picked":["Finisher","Quick Slash+1"],"picked":"PiercingWail","floor":18},{"not_picked":["Dodge and Roll","Underhanded Strike","Bullet Time"],"picked":"SKIP","floor":21},{"not_picked":["Backflip","Blade Dance"],"picked":"Deflect","floor":24},{"not_picked":["Quick Slash","Bane"],"picked":"Cloak And Dagger","floor":31}],"player_experience":476788,"relics_obtained":[{"floor":9,"key":"Pen Nib"},{"floor":24,"key":"Ancient Tea Set"},{"floor":26,"key":"Vajra"}],"event_choices":[{"damage_healed":0,"gold_gain":0,"player_choice":"Success","damage_taken":3,"relics_obtained":["Art of War"],"max_hp_gain":0,"max_hp_loss":0,"event_name":"Scrap Ooze","floor":2,"gold_loss":0},{"damage_healed":0,"gold_gain":0,"player_choice":"Upgraded","damage_taken":0,"max_hp_gain":0,"max_hp_loss":0,"event_name":"Upgrade Shrine","floor":4,"gold_loss":0,"cards_upgraded":["After Image"]},{"damage_healed":0,"gold_gain":0,"player_choice":"Leave","damage_taken":0,"max_hp_gain":0,"max_hp_loss":0,"event_name":"The Cleric","floor":12,"gold_loss":0},{"damage_healed":0,"gold_gain":0,"player_choice":"Opened","damage_taken":0,"relics_obtained":["Strawberry"],"max_hp_gain":0,"max_hp_loss":0,"event_name":"The Mausoleum","floor":19,"gold_loss":0},{"damage_healed":0,"gold_gain":0,"player_choice":"2 cards matched","damage_taken":0,"max_hp_gain":0,"max_hp_loss":0,"event_name":"Match and Keep!","floor":20,"gold_loss":0,"cards_obtained":["Panacea","Dodge and Roll"]},{"damage_healed":0,"gold_gain":100,"player_choice":"Pray","damage_taken":0,"max_hp_gain":0,"max_hp_loss":0,"event_name":"Golden Shrine","floor":27,"gold_loss":0}],"is_beta":false,"boss_relics":[{"not_picked":["WristBlade","Astrolabe"],"picked":"Runic Dome"}],"items_purged_floors":[3],"is_endless":false,"potions_floor_spawned":[5,7,11,18,24],"killed_by":"Collector","ascension_level":14}