{"gold_per_floor":[111,111,122,122,137,137,163,163,163,182,71,90,90,123,123,228,228,248,259,259,259,269,269,287,300,323,343,343,343,359,59,59,59],"floor_reached":33,"playtime":1801,"items_purged":[],"score":426,"play_id":"893b7652-d127-4400-9820-cca050eb6fa0","local_time":"20181122234904","is_ascension_mode":true,"campfire_choices":[{"data":"Streamline","floor":6,"key":"SMITH"},{"data":"Hologram","floor":8,"key":"SMITH"},{"floor":13,"key":"REST"},{"data":"Loop","floor":15,"key":"SMITH"},{"data":"Dualcast","floor":23,"key":"SMITH"},{"floor":28,"key":"REST"},{"floor":32,"key":"REST"}],"neow_cost":"NONE","seed_source_timestamp":20858799741071,"circlet_count":0,"master_deck":["AscendersBane","Defend_B+1","Defend_B","Defend_B","Defend_B","Zap+1","Dualcast+1","Conserve Battery","Cold Snap","Streamline+1","Hologram+1","Chaos+1","Fusion+1","Loop+1","Redo+1","Reboot+1","Multi-Cast+1","Conserve Battery+1","Conserve Battery+1","Bite","Bite","Bite","Bite","Bite","Streamline+1","Skim+1","Defragment"],"relics":["Cracked Core","War Paint","Darkstone Periapt","Nunchaku","Ginger","Toxic Egg 2","Symbiotic Virus","Nuclear Battery","Pen Nib","Shovel"],"potions_floor_usage":[2,33,33],"damage_taken":[{"damage":1,"enemies":"Cultist","floor":1,"turns":3},{"damage":0,"enemies":"Jaw Worm","floor":3,"turns":2},{"damage":0,"enemies":"2 Louse","floor":5,"turns":2},{"damage":21,"enemies":"3 Sentries","floor":7,"turns":6},{"damage":0,"enemies":"Large Slime","floor":10,"turns":4},{"damage":13,"enemies":"Exordium Wildlife","floor":12,"turns":4},{"damage":12,"enemies":"Gremlin Nob","floor":14,"turns":4},{"damage":10,"enemies":"The Guardian","floor":16,"turns":11},{"damage":15,"enemies":"2 Thieves","floor":18,"turns":5},{"damage":12,"enemies":"Shell Parasite","floor":19,"turns":4},{"damage":23,"enemies":"3 Cultists","floor":22,"turns":5},{"damage":17,"enemies":"Shelled Parasite and Fungi","floor":24,"turns":6},{"damage":16,"enemies":"Cultist and Chosen","floor":25,"turns":6},{"damage":0,"enemies":"3 Cultists","floor":27,"turns":4},{"damage":31,"enemies":"Colosseum Slavers","floor":29,"turns":3},{"damage":17,"enemies":"Snecko","floor":30,"turns":4},{"damage":69,"enemies":"Collector","floor":33,"turns":14}],"seed_played":"2125286866598396894","potions_obtained":[{"floor":1,"key":"Fruit Juice"},{"floor":7,"key":"Dexterity Potion"},{"floor":12,"key":"LiquidBronze"},{"floor":30,"key":"SteroidPotion"}],"is_trial":false,"path_per_floor":["M","T","M","?","M","R","E","R","T","M","$","M","R","E","R","B",null,"M","M","?","?","M","R","M","M","T","M","R","?","M","$","R","B"],"character_chosen":"DEFECT","items_purchased":["Fusion+1","Loop","Shovel"],"campfire_rested":3,"item_purchase_floors":[11,11,31],"current_hp_per_floor":[67,72,72,72,72,72,51,51,51,51,51,38,62,50,50,40,70,55,43,43,43,30,30,25,21,21,31,47,28,19,19,35,0],"gold":59,"neow_bonus":"RANDOM_COMMON_RELIC","is_prod":false,"is_daily":false,"chose_seed":false,"campfire_upgraded":4,"win_rate":0,"timestamp":1542941344,"path_taken":["M","?","?","?","M","R","E","R","T","M","$","M","R","E","R","BOSS","M","M","?","?","M","R","M","M","T","M","R","?","M","$","R","BOSS"],"build_version":"2018-11-15","purchased_purges":0,"victory":false,"max_hp_per_floor":[75,80,80,80,80,80,80,80,80,80,80,80,80,80,80,80,80,80,80,56,56,56,56,56,56,56,56,56,56,56,56,56,56],"card_choices":[{"not_picked":["Lockon","Tempest"],"picked":"Conserve Battery","floor":1},{"not_picked":["Conserve Battery","Coolheaded"],"picked":"Cold Snap","floor":3},{"not_picked":["Barrage","Coolheaded"],"picked":"Streamline","floor":5},{"not_picked":["Fission","Loop"],"picked":"Hologram","floor":7},{"not_picked":["Barrage","Streamline"],"picked":"Chaos+1","floor":10},{"not_picked":["Beam Cell","Gash"],"picked":"Redo+1","floor":12},{"not_picked":["Gash","Redo+1"],"picked":"Reboot+1","floor":14},{"not_picked":["Meteor Strike","All For One"],"picked":"Multi-Cast+1","floor":16},{"not_picked":["Storm","Consume+1"],"picked":"Conserve Battery+1","floor":18},{"not_picked":["Leap+1","Rebound"],"picked":"Conserve Battery+1","floor":19},{"not_picked":["Turbo+1","Cold Snap","Ball Lightning"],"picked":"SKIP","floor":22},{"not_picked":["Steam Power+1","Redo+1"],"picked":"Streamline+1","floor":24},{"not_picked":["Storm+1","Scrape"],"picked":"Skim+1","floor":25},{"not_picked":["Redo+1","Sunder","Blizzard"],"picked":"SKIP","floor":27},{"not_picked":["Sweeping Beam","Redo+1"],"picked":"Defragment","floor":30}],"player_experience":398962,"relics_obtained":[{"floor":2,"key":"Darkstone Periapt"},{"floor":4,"key":"Nunchaku"},{"floor":7,"key":"Ginger"},{"floor":9,"key":"Toxic Egg 2"},{"floor":14,"key":"Symbiotic Virus"},{"floor":26,"key":"Pen Nib"}],"event_choices":[{"damage_healed":0,"gold_gain":0,"player_choice":"Relic","damage_taken":0,"max_hp_gain":0,"max_hp_loss":0,"event_name":"Wheel of Change","floor":4,"gold_loss":0},{"damage_healed":0,"gold_gain":0,"player_choice":"Became a vampire","damage_taken":0,"max_hp_gain":0,"max_hp_loss":24,"event_name":"Vampires","floor":20,"gold_loss":0,"cards_obtained":["Bite","Bite","Bite","Bite","Bite"]},{"damage_healed":0,"gold_gain":0,"player_choice":"Ignored","damage_taken":0,"max_hp_gain":0,"max_hp_loss":0,"event_name":"Ghosts","floor":21,"gold_loss":0},{"damage_healed":0,"gold_gain":0,"player_choice":"Fight","damage_taken":0,"max_hp_gain":0,"max_hp_loss":0,"event_name":"Colosseum","floor":29,"gold_loss":0},{"damage_healed":0,"gold_gain":0,"player_choice":"Fled From Nobs","damage_taken":0,"max_hp_gain":0,"max_hp_loss":0,"event_name":"Colosseum","floor":29,"gold_loss":0}],"is_beta":false,"boss_relics":[{"not_picked":["Fusion Hammer","Ectoplasm"],"picked":"Nuclear Battery"}],"items_purged_floors":[],"is_endless":false,"potions_floor_spawned":[1,7,12,14,16,18,24,30],"killed_by":"Collector","ascension_level":11}