{"gold_per_floor":[112,124,52,52,28,28,39,64,64,82,97,111,111,125,125,225,225,237,237,237,83,96,96],"floor_reached":23,"playtime":1109,"items_purged":[],"score":222,"play_id":"4f6ac66c-59d2-4020-912a-4c455ed875cb","local_time":"20180921183744","is_ascension_mode":true,"campfire_choices":[{"data":"Defragment","floor":6,"key":"SMITH"},{"floor":15,"key":"REST"}],"neow_cost":"","seed_source_timestamp":621582236518711,"circlet_count":0,"master_deck":["Strike_B","Strike_B","Strike_B","Strike_B","Defend_B","Defend_B","Defend_B","Defend_B","Zap","Dualcast","Ball Lightning","Conserve Battery","Defragment+1","Sweeping Beam","Hologram","Go for the Eyes","Self Repair","Cold Snap","White Noise","Leap","Creative AI","Stack","RitualDagger","Rip and Tear"],"relics":["Cracked Core","Question Card","Bottled Lightning","Nuclear Battery","Centennial Puzzle"],"potions_floor_usage":[8,14,16,16,22,22,23],"damage_taken":[{"damage":0,"enemies":"Cultist","floor":1,"turns":3},{"damage":0,"enemies":"2 Louse","floor":2,"turns":2},{"damage":7,"enemies":"Jaw Worm","floor":7,"turns":3},{"damage":17,"enemies":"Lagavulin","floor":8,"turns":6},{"damage":7,"enemies":"3 Louse","floor":10,"turns":2},{"damage":12,"enemies":"Exordium Wildlife","floor":11,"turns":3},{"damage":0,"enemies":"2 Fungi Beasts","floor":12,"turns":3},{"damage":0,"enemies":"Looter","floor":14,"turns":1},{"damage":19,"enemies":"Hexaghost","floor":16,"turns":10},{"damage":0,"enemies":"Chosen","floor":18,"turns":4},{"damage":9,"enemies":"2 Thieves","floor":22,"turns":4},{"damage":61,"enemies":"Gremlin Leader","floor":23,"turns":4}],"seed_played":"-899465184794100825","potions_obtained":[{"floor":2,"key":"EssenceOfSteel"},{"floor":7,"key":"SkillPotion"},{"floor":8,"key":"Fire Potion"},{"floor":12,"key":"SpeedPotion"},{"floor":18,"key":"Explosive Potion"},{"floor":20,"key":"SpeedPotion"},{"floor":20,"key":"Explosive Potion"}],"is_trial":false,"path_per_floor":["M","M","$","?","$","R","M","E","T","M","M","M","?","M","R","B",null,"M","?","?","$","M"],"character_chosen":"DEFECT","items_purchased":["Defragment","Sweeping Beam","Centennial Puzzle"],"campfire_rested":1,"item_purchase_floors":[3,5,21],"current_hp_per_floor":[75,75,75,75,75,75,68,51,51,44,39,46,46,46,68,56,75,75,69,69,69,60,0],"gold":96,"neow_bonus":"","is_prod":false,"is_daily":false,"chose_seed":false,"campfire_upgraded":1,"win_rate":0,"timestamp":1537569464,"path_taken":["M","M","?","?","?","R","M","E","T","M","M","M","?","?","R","BOSS","M","?","?","$","M","E"],"build_version":"2018-09-20","purchased_purges":0,"victory":false,"max_hp_per_floor":[75,75,75,75,75,75,75,75,75,75,75,75,75,75,75,75,75,75,75,75,75,75,75],"card_choices":[{"not_picked":["Streamline","Conserve Battery"],"picked":"Ball Lightning","floor":1},{"not_picked":["Beam Cell","Skim"],"picked":"Conserve Battery","floor":2},{"not_picked":["Rebound","Consume"],"picked":"Hologram","floor":7},{"not_picked":["Fusion","Conserve Battery"],"picked":"Go for the Eyes","floor":8},{"not_picked":["Go for the Eyes","Sweeping Beam","Cold Snap"],"picked":"Self Repair","floor":10},{"not_picked":["Scrape","Barrage","Recycle"],"picked":"Cold Snap","floor":11},{"not_picked":["Double Energy","Ball Lightning","Self Repair"],"picked":"White Noise","floor":12},{"not_picked":["Coolheaded","Beam Cell","Double Energy"],"picked":"Leap","floor":14},{"not_picked":["All For One","Rainbow","Machine Learning"],"picked":"Creative AI","floor":16},{"not_picked":["Steam","Ball Lightning","Reinforced Body"],"picked":"Stack","floor":18},{"not_picked":["Cold Snap","Rebound","Stack"],"picked":"Rip and Tear","floor":22}],"player_experience":166289,"relics_obtained":[{"floor":8,"key":"Question Card"},{"floor":9,"key":"Bottled Lightning"}],"event_choices":[{"event_name":"The Cleric","player_choice":"Leave","floor":4,"damage_taken":0},{"event_name":"Golden Wing","player_choice":"Ignored","floor":13,"damage_taken":0},{"event_name":"Nest","player_choice":"Joined the Cult","floor":19,"damage_taken":0},{"event_name":"The Lab","player_choice":"Got Potions","floor":20,"damage_taken":0}],"is_beta":false,"boss_relics":[{"not_picked":["Lizard Tail","Sozu"],"picked":"Nuclear Battery"}],"items_purged_floors":[],"is_endless":false,"potions_floor_spawned":[2,7,8,12,18],"killed_by":"Gremlin Leader","ascension_level":3}