{"gold_per_floor":[114,114,129,129,144,174,174,204,204,234,249,279,279,43,43,43],"floor_reached":16,"playtime":833,"items_purged":[],"score":153,"play_id":"fff9a014-18d3-4eb6-886d-40882ff8a116","local_time":"20180916132119","daily_mods":["Shiny","Elite Swarm","Vintage"],"is_ascension_mode":false,"campfire_choices":[{"floor":7,"key":"REST"},{"floor":15,"key":"REST"}],"neow_cost":"","seed_source_timestamp":0,"circlet_count":0,"master_deck":["Multi-Cast","Hyperbeam","Thunder Strike","Biased Cognition","Machine Learning","Electrodynamics","Buffer","Rainbow","Seek","Echo Form","All For One","Reboot","Amplify","Creative AI","Fission","Core Surge","Meteor Strike+1","Echo Form","Core Surge+1","Core Surge+1","Chaos","Defragment","Redo"],"special_seed":17790,"relics":["Cracked Core","Shuriken","Molten Egg 2","Omamori","Ice Cream","Incense Burner","Singing Bowl","Bottled Flame","Kunai","Bottled Tornado","Anchor"],"potions_floor_usage":[6,8,12],"damage_taken":[{"damage":11,"enemies":"Jaw Worm","floor":1,"turns":2},{"damage":0,"enemies":"Small Slimes","floor":3,"turns":2},{"damage":6,"enemies":"2 Louse","floor":5,"turns":2},{"damage":18,"enemies":"Lagavulin","floor":6,"turns":3},{"damage":14,"enemies":"Gremlin Nob","floor":8,"turns":4},{"damage":35,"enemies":"3 Sentries","floor":10,"turns":5},{"damage":6,"enemies":"Lots of Slimes","floor":11,"turns":3},{"damage":0,"enemies":"Gremlin Nob","floor":12,"turns":4},{"damage":34,"enemies":"Hexaghost","floor":16,"turns":5}],"seed_played":"-2272757281198237477","potions_obtained":[{"floor":1,"key":"Ancient Potion"},{"floor":6,"key":"FocusPotion"},{"floor":11,"key":"Weak Potion"}],"is_trial":false,"path_per_floor":["M","?","M","?","M","E","R","E","T","E","M","E","?","$","R"],"character_chosen":"DEFECT","items_purchased":["Anchor","Defragment","Redo"],"campfire_rested":2,"item_purchase_floors":[14,14,14],"current_hp_per_floor":[64,64,64,64,58,40,62,48,48,13,7,7,7,7,29,0],"gold":43,"neow_bonus":"","is_prod":false,"is_daily":true,"chose_seed":false,"campfire_upgraded":0,"win_rate":0.0,"timestamp":1537118479,"path_taken":["M","?","?","?","M","E","R","E","T","E","?","E","?","?","R","BOSS"],"build_version":"2018-09-06","purchased_purges":0,"victory":false,"max_hp_per_floor":[75,75,75,75,75,75,75,75,75,75,75,75,75,75,75,75],"card_choices":[{"not_picked":["Creative AI","Seek"],"picked":"Meteor Strike+1","floor":6},{"not_picked":["Fission","Multi-Cast"],"picked":"Echo Form","floor":8},{"not_picked":["Seek","Fission"],"picked":"Core Surge+1","floor":10},{"not_picked":["Electrodynamics","Hyperbeam+1"],"picked":"Core Surge+1","floor":12}],"player_experience":119997,"relics_obtained":[{"floor":1,"key":"Shuriken"},{"floor":3,"key":"Molten Egg 2"},{"floor":5,"key":"Omamori"},{"floor":6,"key":"Ice Cream"},{"floor":8,"key":"Incense Burner"},{"floor":9,"key":"Singing Bowl"},{"floor":10,"key":"Bottled Flame"},{"floor":11,"key":"Kunai"},{"floor":12,"key":"Bottled Tornado"}],"event_choices":[{"event_name":"Liars Game","player_choice":"disagreed","floor":2,"damage_taken":0},{"event_name":"Scrap Ooze","player_choice":"unsuccessful","floor":4,"damage_taken":0},{"event_name":"Living Wall","player_choice":"Change","floor":13,"damage_taken":0}],"is_beta":false,"boss_relics":[],"items_purged_floors":[],"is_endless":false,"potions_floor_spawned":[1,6,11],"killed_by":"Hexaghost","ascension_level":0}