{"gold_per_floor":[110,110,124,124,124,167,248,248,248,60,60,80,101,135,135,265,265,278,23,39,64,64,64,64,88,88,88],"floor_reached":27,"playtime":958,"items_purged":["Injury","Strike_G"],"score":394,"play_id":"1a720c6f-98d8-4644-912a-e21303e42b4a","local_time":"20190329002201","is_ascension_mode":true,"campfire_choices":[{"data":"Neutralize","floor":8,"key":"SMITH"},{"data":"1","floor":11,"key":"LIFT"},{"floor":15,"key":"REST"},{"floor":23,"key":"REST"}],"neow_cost":"NONE","seed_source_timestamp":1321941899404342,"circlet_count":0,"master_deck":["AscendersBane","Defend_G","Defend_G","Defend_G","Defend_G","Defend_G","Strike_G","Strike_G","Survivor","Neutralize+1","All Out Attack","Cloak And Dagger+1","Acrobatics+1","Noxious Fumes","Skewer","Dash","PiercingWail+1","Infinite Blades","Bullet Time+1","Blade Dance+1","Malaise+1","Leg Sweep+1","PiercingWail+1"],"relics":["Ring of the Snake","NeowsBlessing","Toxic Egg 2","Golden Idol","Unceasing Top","Tiny Chest","Girya","Tough Bandages","Empty Cage","Potion Belt","Mercury Hourglass"],"potions_floor_usage":[16,25],"damage_taken":[{"damage":0,"enemies":"Cultist","floor":1,"turns":1},{"damage":0,"enemies":"Jaw Worm","floor":3,"turns":1},{"damage":0,"enemies":"Lagavulin","floor":6,"turns":1},{"damage":0,"enemies":"2 Louse","floor":12,"turns":2},{"damage":2,"enemies":"Looter","floor":13,"turns":2},{"damage":27,"enemies":"3 Sentries","floor":14,"turns":5},{"damage":38,"enemies":"The Guardian","floor":16,"turns":13},{"damage":14,"enemies":"Chosen","floor":18,"turns":6},{"damage":5,"enemies":"3 Byrds","floor":20,"turns":4},{"damage":28,"enemies":"Centurion and Healer","floor":21,"turns":9},{"damage":26,"enemies":"Snecko","floor":25,"turns":7},{"damage":3,"enemies":"Slavers","floor":27,"turns":2}],"seed_played":"-8562997142631249009","potions_obtained":[{"floor":1,"key":"Fire Potion"},{"floor":6,"key":"SpeedPotion"},{"floor":12,"key":"SteroidPotion"},{"floor":16,"key":"Strength Potion"},{"floor":25,"key":"Poison Potion"}],"is_trial":false,"path_per_floor":["M","?","M","?","?","E","T","R","T","$","R","M","M","E","R","B",null,"M","$","M","M","?","R","?","M","T","E"],"character_chosen":"THE_SILENT","items_purchased":["Noxious Fumes","Skewer","Malaise+1"],"campfire_rested":2,"item_purchase_floors":[10,10,19],"current_hp_per_floor":[63,63,63,56,56,56,56,56,56,56,56,56,54,27,48,10,55,41,41,36,8,8,29,29,3,3,0],"gold":88,"neow_bonus":"THREE_ENEMY_KILL","is_prod":false,"is_daily":false,"chose_seed":false,"campfire_upgraded":1,"win_rate":0,"timestamp":1553833321,"path_taken":["M","?","M","?","?","E","?","R","T","$","R","M","M","E","R","BOSS","M","$","M","M","?","R","?","M","T","E"],"build_version":"2019-01-23","purchased_purges":2,"victory":false,"max_hp_per_floor":[70,70,70,70,70,70,70,70,70,70,70,70,70,70,70,70,70,70,70,70,70,70,70,70,70,70,70],"card_choices":[{"not_picked":["Expertise","Deadly Poison"],"picked":"All Out Attack","floor":1},{"not_picked":["PiercingWail+1","All Out Attack"],"picked":"Cloak And Dagger+1","floor":3},{"not_picked":["Bane","Setup+1"],"picked":"Acrobatics+1","floor":6},{"not_picked":["Deadly Poison+1","Slice"],"picked":"Dash","floor":12},{"not_picked":["Blade Dance+1","Skewer"],"picked":"PiercingWail+1","floor":13},{"not_picked":["Sucker Punch","All Out Attack"],"picked":"Infinite Blades","floor":14},{"not_picked":["Tools of the Trade","Storm of Steel+1"],"picked":"Bullet Time+1","floor":16},{"not_picked":["Prepared+1","Eviscerate"],"picked":"Blade Dance+1","floor":18},{"not_picked":["Dagger Spray","Underhanded Strike"],"picked":"Leg Sweep+1","floor":20},{"not_picked":["Sucker Punch","Dagger Throw","Slice"],"picked":"SKIP","floor":21},{"not_picked":["Underhanded Strike+1","Backstab"],"picked":"PiercingWail+1","floor":25}],"player_experience":424186,"relics_obtained":[{"floor":6,"key":"Unceasing Top"},{"floor":7,"key":"Tiny Chest"},{"floor":9,"key":"Girya"},{"floor":14,"key":"Tough Bandages"},{"floor":26,"key":"Mercury Hourglass"}],"event_choices":[{"damage_healed":0,"gold_gain":0,"player_choice":"Box","damage_taken":0,"relics_obtained":["Toxic Egg 2"],"max_hp_gain":0,"max_hp_loss":0,"event_name":"Big Fish","floor":2,"gold_loss":0,"cards_obtained":["Regret"]},{"cards_removed":["Regret"],"damage_healed":0,"gold_gain":0,"player_choice":"Card Removal","damage_taken":7,"max_hp_gain":0,"max_hp_loss":0,"event_name":"Golden Wing","floor":4,"gold_loss":0},{"damage_healed":0,"gold_gain":0,"player_choice":"Take Wound","damage_taken":0,"relics_obtained":["Golden Idol"],"max_hp_gain":0,"max_hp_loss":0,"event_name":"Golden Idol","floor":5,"gold_loss":0,"cards_obtained":["Injury"]},{"damage_healed":0,"gold_gain":0,"player_choice":"Stole Relic","damage_taken":0,"relics_obtained":["Potion Belt"],"max_hp_gain":0,"max_hp_loss":0,"event_name":"Addict","floor":22,"gold_loss":0,"cards_obtained":["Shame"]},{"cards_removed":["Shame"],"damage_healed":0,"gold_gain":0,"player_choice":"Removed Curses","damage_taken":0,"max_hp_gain":0,"max_hp_loss":0,"event_name":"Fountain of Cleansing","floor":24,"gold_loss":0}],"is_beta":false,"boss_relics":[{"not_picked":["Coffee Dripper","White Beast Statue"],"picked":"Empty Cage"}],"items_purged_floors":[10,19],"is_endless":false,"potions_floor_spawned":[1,6,12,16,20,25],"killed_by":"Slavers","ascension_level":12}