{"gold_per_floor":[117,149,96,122,38,38,71,234,234,265,265,283,283,299,299,299],"floor_reached":16,"playtime":503,"items_purged":[],"score":106,"play_id":"94506bd6-5d57-4c51-bdfd-dc955122a477","local_time":"20190130005209","is_ascension_mode":false,"campfire_choices":[{"floor":6,"key":"RECALL"},{"data":"Crystallizer","floor":13,"key":"SMITH"},{"floor":15,"key":"DIG"}],"neow_cost":"NONE","seed_source_timestamp":2119305437259077,"circlet_count":0,"master_deck":["Strike_B","Strike_B+1","Strike_B","Strike_B","Defend_B","Defend_B","Defend_B","Zap","Dualcast","White Noise","Go for the Eyes","Sunder","Gash","Crystallizer+1","Ball Lightning","Hyperbeam","strawberrySpire:NeonFlight","Gash","Leap","Compile Driver"],"relics":["Cracked Core","infinitespire:BottledMercury","Mirror","Bag of Marbles","infinitespire:EmpoweringShard","Snack Pack"],"potions_floor_usage":[7,8,16,16],"damage_taken":[{"damage":0,"enemies":"2 Louse","floor":1,"turns":2},{"damage":17,"enemies":"3 Sentries","floor":7,"turns":4},{"damage":18,"enemies":"Lagavulin Event","floor":8,"turns":4},{"damage":6,"enemies":"Lagavulin","floor":10,"turns":7},{"damage":0,"enemies":"Cultist","floor":12,"turns":1},{"damage":0,"enemies":"Small Slimes","floor":14,"turns":1},{"damage":36,"enemies":"The Guardian","floor":16,"turns":6}],"seed_played":"6632572640559735106","potions_obtained":[{"floor":2,"key":"Death Potion"},{"floor":2,"key":"Venom Potion"},{"floor":2,"key":"Adrenaline Potion"},{"floor":7,"key":"SteroidPotion"},{"floor":14,"key":"Toxic Potion"}],"is_trial":false,"path_per_floor":["M","?","$","T","$","R","E","?","T","E","?","M","R","M","R","B"],"character_chosen":"DEFECT","items_purchased":["Gash","Crystallizer","Ball Lightning"],"campfire_rested":0,"item_purchase_floors":[3,5,5],"current_hp_per_floor":[75,75,75,75,75,75,58,40,40,34,34,34,34,34,34,0],"gold":299,"neow_bonus":"TRANSFORM_CARD","is_prod":false,"is_daily":false,"chose_seed":false,"campfire_upgraded":1,"win_rate":0,"timestamp":1548827529,"path_taken":["M","?","$","?","$","R","E","?","T","E","?","M","R","?","R","BOSS"],"build_version":"2019-01-23","purchased_purges":0,"victory":false,"max_hp_per_floor":[75,75,75,75,75,75,75,75,75,75,75,75,75,75,75,75],"card_choices":[{"not_picked":["Panic Button","Glacier"],"picked":"Go for the Eyes","floor":1},{"not_picked":["Coolheaded","Streamline"],"picked":"Sunder","floor":2},{"not_picked":["Leap","Redo"],"picked":"Hyperbeam","floor":7},{"not_picked":["Force Field","FIFO Queue"],"picked":"strawberrySpire:NeonFlight","floor":8},{"not_picked":["ReplayTheSpireMod:Reroute Power","Beam Cell"],"picked":"Gash","floor":10},{"not_picked":["strawberrySpire:Disconnect","Force Field"],"picked":"Leap","floor":12},{"not_picked":["BasicCrystalCard","strawberrySpire:DataDump"],"picked":"Compile Driver","floor":14}],"player_experience":381482,"relics_obtained":[{"floor":7,"key":"infinitespire:BottledMercury"},{"floor":8,"key":"Mirror"},{"floor":9,"key":"Bag of Marbles"},{"floor":10,"key":"infinitespire:EmpoweringShard"},{"floor":15,"key":"Snack Pack"}],"event_choices":[{"damage_healed":0,"gold_gain":0,"player_choice":"Searched \u00271\u0027 times","damage_taken":0,"max_hp_gain":0,"max_hp_loss":0,"event_name":"Dead Adventurer","floor":8,"gold_loss":0}],"is_beta":false,"boss_relics":[],"items_purged_floors":[],"is_endless":false,"potions_floor_spawned":[7,14],"killed_by":"The Guardian","ascension_level":0}