{"gold_per_floor":[20,30,30,205,221,254,254,264,264,292,292,292,292,348,348,448,498,508,508,458,151,169,196,196,209,256,291,306,306,334,29,29,29],"floor_reached":33,"playtime":1285,"items_purged":["Regret"],"score":374,"play_id":"063040d8-78af-467e-9966-8fc9d18b068a","local_time":"20190108204356","is_ascension_mode":true,"campfire_choices":[{"data":"Zap","floor":7,"key":"SMITH"},{"floor":11,"key":"REST"},{"data":"Conserve Battery","floor":15,"key":"SMITH"},{"data":"Mind Blast","floor":29,"key":"SMITH"},{"floor":32,"key":"REST"}],"neow_cost":"NO_GOLD","seed_source_timestamp":289235989664068,"circlet_count":0,"master_deck":["Strike_B","Strike_B","Strike_B+1","Strike_B","Defend_B+1","Defend_B","Defend_B","Defend_B","Zap+1","Dualcast","Beam Cell","Ball Lightning","Self Repair","Conserve Battery+1","Go for the Eyes+1","Hello World","Auto Shields","Buffer","Double Energy","Mind Blast+1","Capacitor+1","Auto Shields+1","Streamline","Turbo"],"relics":["Cracked Core","Question Card","Bag of Preparation","Bottled Lightning","Singing Bowl","Mercury Hourglass","Blood Vial","Tiny House","MutagenicStrength","Dream Catcher","Regal Pillow","DataDisk","Whetstone","PreservedInsect","Emotion Chip"],"potions_floor_usage":[6,14,16,18,27,27,30,30,33],"damage_taken":[{"damage":1,"enemies":"Cultist","floor":1,"turns":3},{"damage":2,"enemies":"Jaw Worm","floor":2,"turns":3},{"damage":0,"enemies":"2 Louse","floor":5,"turns":1},{"damage":26,"enemies":"Lagavulin","floor":6,"turns":8},{"damage":0,"enemies":"Large Slime","floor":8,"turns":5},{"damage":23,"enemies":"Gremlin Nob","floor":10,"turns":4},{"damage":20,"enemies":"3 Sentries","floor":14,"turns":5},{"damage":28,"enemies":"Hexaghost","floor":16,"turns":9},{"damage":16,"enemies":"Spheric Guardian","floor":18,"turns":6},{"damage":12,"enemies":"Chosen","floor":22,"turns":4},{"damage":21,"enemies":"Snecko","floor":25,"turns":6},{"damage":33,"enemies":"Gremlin Leader","floor":27,"turns":6},{"damage":9,"enemies":"Snake Plant","floor":28,"turns":4},{"damage":46,"enemies":"Slavers","floor":30,"turns":5},{"damage":69,"enemies":"Champ","floor":33,"turns":11}],"seed_played":"5681254082889153800","potions_obtained":[{"floor":2,"key":"Weak Potion"},{"floor":6,"key":"EssenceOfSteel"},{"floor":8,"key":"Regen Potion"},{"floor":14,"key":"Energy Potion"},{"floor":17,"key":"Explosive Potion"},{"floor":25,"key":"Explosive Potion"},{"floor":27,"key":"SteroidPotion"},{"floor":28,"key":"Block Potion"},{"floor":30,"key":"Fire Potion"}],"is_trial":false,"path_per_floor":["M","M","?","?","M","E","R","M","T","E","R","?","?","?","R","B",null,"M","?","?","$","M","T","?","M","T","E","M","R","E","$","R","B"],"character_chosen":"DEFECT","items_purchased":["Mind Blast","Dream Catcher","Emotion Chip"],"campfire_rested":2,"item_purchase_floors":[21,21,31],"current_hp_per_floor":[88,86,79,79,79,60,60,67,67,51,77,70,70,71,71,52,96,87,87,87,87,84,84,84,72,72,50,50,50,15,15,60,0],"gold":29,"neow_bonus":"TWENTY_PERCENT_HP_BONUS","is_prod":false,"is_daily":false,"chose_seed":false,"campfire_upgraded":3,"win_rate":0,"timestamp":1546998236,"path_taken":["M","M","?","?","M","E","R","M","T","E","R","?","?","?","R","BOSS","M","?","?","$","?","?","?","?","T","E","M","R","E","$","R","BOSS"],"build_version":"2019-01-03v4","purchased_purges":1,"victory":false,"max_hp_per_floor":[89,89,89,89,89,89,89,89,89,89,89,89,89,89,89,89,96,96,96,96,96,96,96,96,96,96,98,98,98,100,100,100,100],"card_choices":[{"not_picked":["Steam","Stack"],"picked":"Beam Cell","floor":1},{"not_picked":["Compile Driver","Heatsinks"],"picked":"Ball Lightning","floor":2},{"not_picked":["Hologram","Redo","Leap"],"picked":"Self Repair","floor":5},{"not_picked":["Biased Cognition","Steam","Seek"],"picked":"Conserve Battery","floor":6},{"not_picked":["Barrage","Scrape","Hologram"],"picked":"Go for the Eyes","floor":8},{"not_picked":["Barrage","Leap","Loop"],"picked":"Hello World","floor":10},{"not_picked":["Blizzard","Turbo","Hologram"],"picked":"Auto Shields","floor":14},{"not_picked":["Echo Form","Meteor Strike","Seek"],"picked":"Buffer","floor":16},{"not_picked":["Undo","Compile Driver","Blizzard","Cold Snap"],"picked":"Singing Bowl","floor":17},{"not_picked":["Self Repair","Lockon","Melter"],"picked":"Double Energy","floor":18},{"not_picked":["Beam Cell","Redo","Sunder"],"picked":"Capacitor+1","floor":22},{"not_picked":["Undo","Redo","Reinforced Body"],"picked":"Auto Shields+1","floor":25},{"not_picked":["Compile Driver+1","Barrage","Rebound","Consume"],"picked":"Singing Bowl","floor":27},{"not_picked":["Aggregate+1","Consume+1","Redo"],"picked":"Streamline","floor":28},{"not_picked":["Turbo","Barrage","Seek","Rip and Tear"],"picked":"Singing Bowl","floor":30},{"not_picked":["Beam Cell","Redo","Darkness"],"picked":"Turbo","floor":32}],"player_experience":282266,"relics_obtained":[{"floor":6,"key":"Bag of Preparation"},{"floor":9,"key":"Bottled Lightning"},{"floor":10,"key":"Singing Bowl"},{"floor":14,"key":"Blood Vial"},{"floor":23,"key":"Regal Pillow"},{"floor":26,"key":"DataDisk"},{"floor":27,"key":"Whetstone"},{"floor":30,"key":"PreservedInsect"}],"event_choices":[{"damage_healed":0,"gold_gain":0,"player_choice":"Success","damage_taken":7,"relics_obtained":["Question Card"],"max_hp_gain":0,"max_hp_loss":0,"event_name":"Scrap Ooze","floor":3,"gold_loss":0},{"damage_healed":0,"gold_gain":175,"player_choice":"AGREE","damage_taken":0,"max_hp_gain":0,"max_hp_loss":0,"event_name":"Liars Game","floor":4,"gold_loss":0,"cards_obtained":["Doubt"]},{"cards_removed":["Doubt"],"damage_healed":0,"gold_gain":0,"player_choice":"Card Removal","damage_taken":7,"max_hp_gain":0,"max_hp_loss":0,"event_name":"Golden Wing","floor":12,"gold_loss":0},{"damage_healed":0,"gold_gain":0,"player_choice":"Box","damage_taken":0,"relics_obtained":["Mercury Hourglass"],"max_hp_gain":0,"max_hp_loss":0,"event_name":"Big Fish","floor":13,"gold_loss":0,"cards_obtained":["Regret"]},{"damage_healed":0,"gold_gain":0,"player_choice":"Searched \u00271\u0027 times","damage_taken":0,"max_hp_gain":0,"max_hp_loss":0,"event_name":"Dead Adventurer","floor":14,"gold_loss":0},{"damage_healed":0,"gold_gain":0,"player_choice":"Inject Mutagens","damage_taken":0,"relics_obtained":["MutagenicStrength"],"max_hp_gain":0,"max_hp_loss":0,"event_name":"Drug Dealer","floor":19,"gold_loss":0},{"damage_healed":0,"gold_gain":0,"player_choice":"Bet on Owner","damage_taken":0,"max_hp_gain":0,"max_hp_loss":0,"event_name":"The Joust","floor":20,"gold_loss":50},{"damage_healed":0,"gold_gain":0,"player_choice":"Ignored","damage_taken":0,"max_hp_gain":0,"max_hp_loss":0,"event_name":"Ghosts","floor":24,"gold_loss":0}],"is_beta":false,"boss_relics":[{"not_picked":["Inserter","Velvet Choker"],"picked":"Tiny House"}],"items_purged_floors":[21],"is_endless":false,"potions_floor_spawned":[2,6,8,14,25,27,28,30],"killed_by":"Champ","ascension_level":4}