{"gold_per_floor":[139,155,155,166,166,166,185,198,225,236,246,246,257,277,277,354,354,374,400,74,89,100,100,126,126,126,126,126,142,42,42,42,119,119,135,135,148,159,0,0,31,48,48,48,64,64,9,19,19,19,19],"floor_reached":51,"playtime":4230,"items_purged":["Strike_G","Strike_G"],"score":1286,"play_id":"370b7f8b-b60c-43d6-9a2f-3b92fb4112e5","local_time":"20190623095344","is_ascension_mode":true,"campfire_choices":[{"data":"Dagger Spray","floor":6,"key":"SMITH"},{"data":"Blade Dance","floor":15,"key":"SMITH"},{"data":"Night Terror","floor":23,"key":"SMITH"},{"floor":25,"key":"REST"},{"data":"Footwork","floor":27,"key":"SMITH"},{"floor":32,"key":"REST"},{"floor":40,"key":"REST"},{"floor":49,"key":"REST"}],"neow_cost":"NONE","seed_source_timestamp":918290086611545,"circlet_count":0,"master_deck":["AscendersBane","Defend_G","Defend_G","Defend_G","Defend_G","Defend_G","Strike_G","Strike_G","Survivor","Neutralize","Backflip","Leg Sweep","Dagger Spray+1","Backflip","Blur","Blade Dance+1","Noxious Fumes","Slice","Slice","Footwork+1","Night Terror+1","Dagger Spray+1","Backstab","After Image","Finesse","Blade Dance+1","Well Laid Plans+1","Die Die Die"],"relics":["Ring of the Snake","Tiny Chest","Ninja Scroll","Kunai","Happy Flower","Philosopher\u0027s Stone","Pen Nib","Bronze Scales","Darkstone Periapt","Nunchaku","Enchiridion","MutagenicStrength","Fusion Hammer","Red Mask","Snake Skull","Pear"],"potions_floor_usage":[16,16,41,50,51],"damage_taken":[{"damage":1,"enemies":"Cultist","floor":1,"turns":4},{"damage":1,"enemies":"2 Louse","floor":2,"turns":3},{"damage":0,"enemies":"Small Slimes","floor":4,"turns":4},{"damage":0,"enemies":"Red Slaver","floor":7,"turns":4},{"damage":0,"enemies":"2 Fungi Beasts","floor":8,"turns":2},{"damage":0,"enemies":"Looter","floor":10,"turns":5},{"damage":3,"enemies":"Large Slime","floor":11,"turns":8},{"damage":0,"enemies":"Blue Slaver","floor":13,"turns":4},{"damage":0,"enemies":"Exordium Wildlife","floor":14,"turns":3},{"damage":21,"enemies":"Slime Boss","floor":16,"turns":10},{"damage":9,"enemies":"2 Thieves","floor":18,"turns":2},{"damage":0,"enemies":"3 Byrds","floor":21,"turns":2},{"damage":0,"enemies":"Sentry and Sphere","floor":22,"turns":6},{"damage":21,"enemies":"Slavers","floor":24,"turns":2},{"damage":0,"enemies":"Cultist and Chosen","floor":29,"turns":6},{"damage":34,"enemies":"Automaton","floor":33,"turns":11},{"damage":0,"enemies":"3 Shapes","floor":35,"turns":4},{"damage":2,"enemies":"Orb Walker","floor":37,"turns":4},{"damage":36,"enemies":"Maw","floor":38,"turns":8},{"damage":20,"enemies":"Reptomancer","floor":41,"turns":5},{"damage":10,"enemies":"4 Shapes","floor":42,"turns":1},{"damage":0,"enemies":"Sphere and 2 Shapes","floor":45,"turns":4},{"damage":0,"enemies":"Transient","floor":48,"turns":6},{"damage":29,"enemies":"Awakened One","floor":50,"turns":15},{"damage":15,"enemies":"Donu and Deca","floor":51,"turns":7}],"seed_played":"7721413293342244532","potions_obtained":[{"floor":2,"key":"Block Potion"},{"floor":4,"key":"SteroidPotion"},{"floor":13,"key":"Fire Potion"},{"floor":21,"key":"Ancient Potion"},{"floor":29,"key":"SteroidPotion"},{"floor":35,"key":"Fire Potion"},{"floor":48,"key":"Weak Potion"}],"is_trial":false,"path_per_floor":["M","M","T","M","?","R","M","M","T","M","M","?","M","M","R","B",null,"M","T","$","M","M","R","E","R","T","R","?","M","$","?","R","B",null,"M","?","M","M","?","R","E","M","T","$","M","?","$","M","R","B","B"],"character_chosen":"THE_SILENT","items_purchased":["Bronze Scales","Footwork","AttackPotion"],"campfire_rested":4,"item_purchase_floors":[20,20,47],"current_hp_per_floor":[58,57,57,57,57,57,57,57,57,57,54,54,54,54,54,33,58,49,49,49,49,49,49,28,47,47,47,26,26,26,26,45,11,52,52,52,50,14,14,33,13,3,13,13,13,13,13,13,35,6,0],"gold":19,"neow_bonus":"RANDOM_COMMON_RELIC","is_prod":false,"is_daily":false,"chose_seed":false,"campfire_upgraded":4,"win_rate":0,"timestamp":1561254824,"path_taken":["M","M","?","M","?","R","M","?","T","M","?","?","?","M","R","BOSS","M","?","$","M","M","R","E","R","T","R","?","M","$","?","R","BOSS","M","?","M","M","?","R","E","M","T","$","M","?","?","M","R","BOSS","BOSS"],"build_version":"2019-01-23","purchased_purges":2,"victory":false,"max_hp_per_floor":[66,66,66,66,66,66,66,66,66,66,66,66,66,66,66,66,66,66,66,66,66,66,66,66,66,66,66,66,66,66,66,66,66,66,66,66,66,66,66,66,66,66,76,76,76,76,76,76,76,76,76],"card_choices":[{"not_picked":["Predator","Endless Agony"],"picked":"Backflip","floor":1},{"not_picked":["Riddle With Holes","Outmaneuver"],"picked":"Leg Sweep","floor":2},{"not_picked":["Quick Slash","Dodge and Roll"],"picked":"Dagger Spray","floor":4},{"not_picked":["Sucker Punch","Dagger Spray"],"picked":"Backflip","floor":7},{"not_picked":["Glass Knife","Dagger Throw"],"picked":"Blur","floor":8},{"not_picked":["Riddle With Holes","Calculated Gamble","Dodge and Roll"],"picked":"SKIP","floor":10},{"not_picked":["Skewer","Finisher"],"picked":"Blade Dance","floor":11},{"not_picked":["Caltrops","Deadly Poison"],"picked":"Noxious Fumes","floor":13},{"not_picked":["Terror","Acrobatics"],"picked":"Slice","floor":14},{"not_picked":["Die Die Die","Envenom"],"picked":"Corpse Explosion","floor":16},{"not_picked":["Heel Hook","Deflect+1"],"picked":"Slice","floor":18},{"not_picked":["Prepared+1","PiercingWail"],"picked":"Night Terror","floor":21},{"not_picked":["Deadly Poison","Underhanded Strike"],"picked":"Dagger Spray+1","floor":22},{"not_picked":["Acrobatics","Leg Sweep","Storm of Steel"],"picked":"SKIP","floor":24},{"not_picked":["Acrobatics","Leg Sweep","Storm of Steel"],"picked":"SKIP","floor":24},{"not_picked":["Backflip","Sucker Punch+1"],"picked":"Backstab","floor":29},{"not_picked":["Grand Finale","Wraith Form v2"],"picked":"After Image","floor":33},{"not_picked":["Choke","Dagger Throw","Riddle With Holes"],"picked":"SKIP","floor":35},{"not_picked":["Impatience","Secret Weapon"],"picked":"Finesse","floor":36},{"not_picked":["Riddle With Holes","Choke"],"picked":"Blade Dance+1","floor":37},{"not_picked":["Dash","Poisoned Stab","Expertise"],"picked":"SKIP","floor":38},{"not_picked":["Leg Sweep","Deflect","Underhanded Strike"],"picked":"SKIP","floor":41},{"not_picked":["Outmaneuver","PiercingWail","Eviscerate"],"picked":"SKIP","floor":42},{"not_picked":["Prepared","Riddle With Holes"],"picked":"Well Laid Plans+1","floor":45},{"not_picked":["Blade Dance","Dagger Throw"],"picked":"Die Die Die","floor":48}],"player_experience":991584,"relics_obtained":[{"floor":3,"key":"Ninja Scroll"},{"floor":5,"key":"Kunai"},{"floor":9,"key":"Happy Flower"},{"floor":19,"key":"Pen Nib"},{"floor":24,"key":"Darkstone Periapt"},{"floor":26,"key":"Nunchaku"},{"floor":28,"key":"Enchiridion"},{"floor":41,"key":"Snake Skull"},{"floor":43,"key":"Pear"}],"event_choices":[{"damage_healed":0,"gold_gain":0,"player_choice":"Relic","damage_taken":0,"max_hp_gain":0,"max_hp_loss":0,"event_name":"Wheel of Change","floor":5,"gold_loss":0},{"cards_removed":["Strike_G"],"damage_healed":0,"gold_gain":0,"player_choice":"Purged","damage_taken":0,"max_hp_gain":0,"max_hp_loss":0,"event_name":"Purifier","floor":12,"gold_loss":0},{"damage_healed":0,"gold_gain":0,"player_choice":"Obtained Book","damage_taken":21,"max_hp_gain":0,"max_hp_loss":0,"event_name":"Cursed Tome","floor":28,"gold_loss":0},{"damage_healed":0,"gold_gain":0,"player_choice":"Inject Mutagens","damage_taken":0,"relics_obtained":["MutagenicStrength"],"max_hp_gain":0,"max_hp_loss":0,"event_name":"Drug Dealer","floor":31,"gold_loss":0},{"damage_healed":0,"gold_gain":0,"player_choice":"Memory 1","damage_taken":0,"max_hp_gain":0,"max_hp_loss":0,"event_name":"SensoryStone","floor":36,"gold_loss":0},{"damage_healed":0,"gold_gain":0,"player_choice":"Paid","damage_taken":0,"relics_obtained":["Red Mask"],"max_hp_gain":0,"max_hp_loss":0,"event_name":"Tomb of Lord Red Mask","floor":39,"gold_loss":159},{"cards_removed":["Corpse Explosion"],"damage_healed":0,"gold_gain":0,"player_choice":"Removed Skill","damage_taken":0,"max_hp_gain":0,"max_hp_loss":0,"event_name":"Falling","floor":46,"gold_loss":0}],"is_beta":false,"boss_relics":[{"not_picked":["Ectoplasm","Tiny House"],"picked":"Philosopher\u0027s Stone"},{"not_picked":["Lizard Tail","Astrolabe"],"picked":"Fusion Hammer"}],"items_purged_floors":[20,30],"is_endless":false,"potions_floor_spawned":[2,4,8,10,13,21,29,35,37,48],"killed_by":"Donu and Deca","ascension_level":20}