{"gold_per_floor":[213,213,213,226,301,301,336,336,336,401,34,34,50,63,63,158,158,176,275,294,304,304,304,332,332,358,376,388,388,420,453,453,556,556,566,113,335,335,354,354,354,388,388,388,408,419,68,94,94,94],"floor_reached":51,"playtime":27819,"items_purged":[],"score":781,"play_id":"1310f84a-9b61-4196-9a46-537dffbc4cc2","local_time":"20190327233740","is_ascension_mode":true,"campfire_choices":[{"floor":6,"key":"REST"},{"data":"Blizzard","floor":8,"key":"SMITH"},{"data":"Zap","floor":12,"key":"SMITH"},{"data":"Redo","floor":15,"key":"SMITH"},{"data":"Dualcast","floor":23,"key":"SMITH"},{"floor":25,"key":"REST"},{"data":"Coolheaded","floor":29,"key":"SMITH"},{"floor":32,"key":"REST"},{"floor":40,"key":"REST"},{"floor":44,"key":"DIG"},{"floor":49,"key":"REST"}],"neow_cost":"NONE","seed_source_timestamp":1206029084900312,"circlet_count":0,"master_deck":["Strike_B","Defend_B","Defend_B","Defend_B","Defend_B","Zap+1","Dualcast+1","Genetic Algorithm+1","Static Discharge+1","Blizzard+1","FTL","Heatsinks+1","Ball Lightning","Auto Shields","Redo+1","Stack","Creative AI+1","Gash+1","Electrodynamics+1","Melter+1","Loop+1","Turbo+1","Heatsinks+1","Coolheaded+1","Glacier","Force Field","FTL+1","Hologram+1","Steam","Echo Form+1","Gash+1","Storm+1","Skim","Gash+1","Go for the Eyes+1","Steam+1","Turbo+1","Seek","Storm+1","Force Field+1"],"relics":["Cracked Core","Frozen Egg 2","Oddly Smooth Stone","Meat on the Bone","Tiny Chest","Lee\u0027s Waffle","Astrolabe","Darkstone Periapt","Happy Flower","Shovel","Red Mask","Lizard Tail","Lantern","Anchor","Molten Egg 2","StoneCalendar","Mummified Hand","Whetstone","Dream Catcher"],"potions_floor_usage":[10,16,16,24,30,31,33,41,46,50],"damage_taken":[{"damage":0,"enemies":"Small Slimes","floor":1,"turns":4},{"damage":5,"enemies":"Jaw Worm","floor":4,"turns":4},{"damage":18,"enemies":"Gremlin Nob","floor":7,"turns":4},{"damage":24,"enemies":"Lagavulin","floor":10,"turns":7},{"damage":0,"enemies":"2 Louse","floor":13,"turns":3},{"damage":5,"enemies":"Exordium Thugs","floor":14,"turns":5},{"damage":7,"enemies":"The Guardian","floor":16,"turns":9},{"damage":0,"enemies":"Spheric Guardian","floor":18,"turns":2},{"damage":1,"enemies":"3 Byrds","floor":20,"turns":1},{"damage":13,"enemies":"Centurion and Healer","floor":21,"turns":6},{"damage":34,"enemies":"Slavers","floor":24,"turns":4},{"damage":16,"enemies":"Cultist and Chosen","floor":27,"turns":4},{"damage":0,"enemies":"3 Cultists","floor":28,"turns":3},{"damage":5,"enemies":"Book of Stabbing","floor":30,"turns":4},{"damage":0,"enemies":"Masked Bandits","floor":31,"turns":2},{"damage":13,"enemies":"Champ","floor":33,"turns":10},{"damage":10,"enemies":"Orb Walker","floor":35,"turns":5},{"damage":23,"enemies":"3 Shapes","floor":39,"turns":7},{"damage":9,"enemies":"Reptomancer","floor":42,"turns":5},{"damage":0,"enemies":"3 Darklings","floor":45,"turns":3},{"damage":2,"enemies":"Spire Growth","floor":46,"turns":5},{"damage":10,"enemies":"Donu and Deca","floor":50,"turns":6}],"seed_played":"6397768307607436996","potions_obtained":[{"floor":1,"key":"EssenceOfSteel"},{"floor":7,"key":"LiquidBronze"},{"floor":14,"key":"PowerPotion"},{"floor":20,"key":"GamblersBrew"},{"floor":27,"key":"Dexterity Potion"},{"floor":28,"key":"Dexterity Potion"},{"floor":31,"key":"Ancient Potion"},{"floor":39,"key":"Regen Potion"},{"floor":41,"key":"Block Potion"},{"floor":41,"key":"Fruit Juice"},{"floor":41,"key":"LiquidBronze"}],"is_trial":false,"path_per_floor":["M","?","?","M","?","R","E","R","T","E","$","R","M","M","R","B",null,"M","?","M","M","?","R","E","R","T","M","M","R","E","?","R","B",null,"M","$","?","?","M","R","?","E","T","R","M","M","$","T","R","B",null],"character_chosen":"DEFECT","items_purchased":["Heatsinks+1","Ball Lightning","Auto Shields","Lee\u0027s Waffle","Storm+1","Lantern","Anchor","Skim","Seek","Storm+1","Whetstone","SpeedPotion"],"campfire_rested":5,"item_purchase_floors":[11,11,11,11,36,36,36,36,47,47,47,47],"current_hp_per_floor":[75,57,57,52,41,63,45,45,45,33,82,82,82,77,77,70,82,82,82,81,68,68,68,46,70,70,54,54,54,49,49,73,60,82,72,72,72,72,49,73,78,69,69,69,69,67,67,67,87,77],"gold":94,"neow_bonus":"HUNDRED_GOLD","is_prod":false,"is_daily":false,"chose_seed":false,"campfire_upgraded":5,"win_rate":0,"timestamp":1553744260,"path_taken":["M","?","?","M","?","R","E","R","T","E","$","R","?","M","R","BOSS","M","?","M","M","?","R","E","R","T","M","M","R","E","?","R","BOSS","M","$","?","?","M","R","?","E","T","R","M","?","$","?","R","BOSS"],"build_version":"2019-01-23","purchased_purges":0,"victory":true,"max_hp_per_floor":[75,75,75,75,75,75,75,75,75,75,82,82,82,82,82,82,82,82,82,82,82,82,82,82,82,82,82,82,82,82,82,82,82,82,82,82,82,82,82,82,87,87,87,87,87,87,87,87,87,87],"card_choices":[{"not_picked":["Consume","Hologram"],"picked":"Genetic Algorithm","floor":1},{"not_picked":["Beam Cell","Conserve Battery"],"picked":"Static Discharge+1","floor":4},{"not_picked":["Streamline","Lockon"],"picked":"Blizzard","floor":7},{"not_picked":["Fusion","Compile Driver"],"picked":"FTL","floor":10},{"not_picked":["Scrape","Blizzard"],"picked":"Redo","floor":13},{"not_picked":["All For One","Gash"],"picked":"Stack","floor":14},{"not_picked":["Hyperbeam","Multi-Cast"],"picked":"Creative AI+1","floor":16},{"not_picked":["Hologram","Undo"],"picked":"Loop+1","floor":18},{"not_picked":["Barrage+1","Rebound"],"picked":"Turbo+1","floor":20},{"not_picked":["Coolheaded","Hologram"],"picked":"Heatsinks+1","floor":21},{"not_picked":["Cold Snap","Gash"],"picked":"Glacier","floor":24},{"not_picked":["Sweeping Beam","Electrodynamics+1"],"picked":"Force Field","floor":27},{"not_picked":["Turbo","Cold Snap"],"picked":"FTL","floor":28},{"not_picked":["Compile Driver+1","Auto Shields+1"],"picked":"Hologram+1","floor":30},{"not_picked":["Doom and Gloom","Sweeping Beam"],"picked":"Steam","floor":31},{"not_picked":["Biased Cognition+1","Core Surge"],"picked":"Echo Form+1","floor":33},{"not_picked":["Darkness+1","Cold Snap+1"],"picked":"Gash+1","floor":35},{"not_picked":["Redo","Ball Lightning"],"picked":"Gash","floor":39},{"not_picked":["Storm+1","Stack"],"picked":"Go for the Eyes+1","floor":42},{"not_picked":["Rebound+1","Auto Shields"],"picked":"Steam+1","floor":45},{"not_picked":["Ball Lightning+1","Tempest+1"],"picked":"Turbo+1","floor":46},{"not_picked":["Auto Shields+1","Conserve Battery"],"picked":"Force Field+1","floor":49}],"player_experience":393793,"relics_obtained":[{"floor":7,"key":"Oddly Smooth Stone"},{"floor":9,"key":"Meat on the Bone"},{"floor":10,"key":"Tiny Chest"},{"floor":24,"key":"Darkstone Periapt"},{"floor":26,"key":"Happy Flower"},{"floor":30,"key":"Shovel"},{"floor":31,"key":"Red Mask"},{"floor":42,"key":"Molten Egg 2"},{"floor":43,"key":"StoneCalendar"},{"floor":44,"key":"Mummified Hand"},{"floor":48,"key":"Dream Catcher"}],"event_choices":[{"damage_healed":0,"gold_gain":0,"player_choice":"Success","damage_taken":18,"relics_obtained":["Frozen Egg 2"],"max_hp_gain":0,"max_hp_loss":0,"event_name":"Scrap Ooze","floor":2,"gold_loss":0},{"damage_healed":0,"gold_gain":0,"player_choice":"Grow","damage_taken":0,"max_hp_gain":0,"max_hp_loss":0,"event_name":"Living Wall","floor":3,"gold_loss":0,"cards_upgraded":["Genetic Algorithm"]},{"damage_healed":0,"gold_gain":75,"player_choice":"Gather Gold","damage_taken":11,"max_hp_gain":0,"max_hp_loss":0,"event_name":"World of Goop","floor":5,"gold_loss":0},{"damage_healed":0,"gold_gain":99,"player_choice":"Stole From Cult","damage_taken":0,"max_hp_gain":0,"max_hp_loss":0,"event_name":"Nest","floor":19,"gold_loss":0},{"damage_healed":0,"gold_gain":0,"player_choice":"Read","damage_taken":0,"max_hp_gain":0,"max_hp_loss":0,"event_name":"The Library","floor":22,"gold_loss":0,"cards_obtained":["Coolheaded"]},{"damage_healed":0,"gold_gain":0,"player_choice":"Fought Bandits","damage_taken":0,"max_hp_gain":0,"max_hp_loss":0,"event_name":"Masked Bandits","floor":31,"gold_loss":0},{"damage_healed":0,"gold_gain":222,"player_choice":"Wore Mask","damage_taken":0,"max_hp_gain":0,"max_hp_loss":0,"event_name":"Tomb of Lord Red Mask","floor":37,"gold_loss":0},{"damage_healed":0,"gold_gain":0,"player_choice":"Memory 1","damage_taken":0,"max_hp_gain":0,"max_hp_loss":0,"event_name":"SensoryStone","floor":38,"gold_loss":0},{"damage_healed":0,"gold_gain":0,"player_choice":"Got Potions","damage_taken":0,"max_hp_gain":0,"max_hp_loss":0,"event_name":"Lab","floor":41,"gold_loss":0}],"is_beta":false,"boss_relics":[{"not_picked":["Black Star","White Beast Statue"],"picked":"Astrolabe"},{"not_picked":["Busted Crown","Runic Pyramid"],"picked":"Lizard Tail"}],"items_purged_floors":[],"is_endless":false,"potions_floor_spawned":[1,7,14,20,27,28,31,39,42,45],"ascension_level":1}