{"gold_per_floor":[119,136,136,147,147,178,178,205,205,56,56,56,69,79,79,176,176,190,113,126,143,160,160,186,186,186,52,68,68,68,68,68,170,170,182,48,48,65,12,12,42,42,42,53,64,64,80,434,434,434],"floor_reached":50,"playtime":2462,"items_purged":[],"score":525,"play_id":"5e8cac77-f392-4db9-9b92-16b7022f3e75","local_time":"20181013005443","is_ascension_mode":true,"campfire_choices":[{"data":"Dualcast","floor":7,"key":"SMITH"},{"data":"Loop","floor":12,"key":"SMITH"},{"data":"BootSequence","floor":15,"key":"SMITH"},{"data":"Rainbow","floor":23,"key":"SMITH"},{"floor":29,"key":"REST"},{"floor":32,"key":"REST"},{"data":"Defragment","floor":40,"key":"SMITH"},{"floor":42,"key":"DIG"},{"floor":46,"key":"DIG"},{"floor":49,"key":"REST"}],"neow_cost":"NONE","seed_source_timestamp":1708338706361,"circlet_count":0,"master_deck":["Strike_B","Strike_B","Strike_B","Strike_B","Defend_B","Defend_B","Zap+1","Dualcast+1","Stack","Conserve Battery","Streamline+1","Beam Cell+1","Genetic Algorithm+1","Loop+1","Cold Snap+1","BootSequence+1","Rainbow+1","Hologram","Hello World","Defragment+1","Coolheaded","Conserve Battery+1","Reboot","Barrage+1","Ball Lightning+1","Auto Shields","Mind Blast+1","Loop+1","Streamline+1","Capacitor+1"],"relics":["Cracked Core","NeowsBlessing","Molten Egg 2","StoneCalendar","Bird Faced Urn","Busted Crown","Centennial Puzzle","Orichalcum","Shovel","MutagenicStrength","Empty Cage","Blood Vial","Regal Pillow","FossilizedHelix","Shuriken","Old Coin"],"potions_floor_usage":[6,16,24,24,28,47,48,50,50],"damage_taken":[{"damage":0,"enemies":"Cultist","floor":1,"turns":1},{"damage":0,"enemies":"2 Louse","floor":2,"turns":1},{"damage":0,"enemies":"Small Slimes","floor":4,"turns":1},{"damage":19,"enemies":"Lagavulin","floor":6,"turns":6},{"damage":3,"enemies":"Gremlin Nob","floor":8,"turns":3},{"damage":8,"enemies":"Blue Slaver","floor":13,"turns":3},{"damage":2,"enemies":"3 Louse","floor":14,"turns":2},{"damage":20,"enemies":"Hexaghost","floor":16,"turns":8},{"damage":17,"enemies":"2 Thieves","floor":18,"turns":4},{"damage":17,"enemies":"Spheric Guardian","floor":20,"turns":4},{"damage":5,"enemies":"3 Cultists","floor":21,"turns":6},{"damage":14,"enemies":"Cultist and Chosen","floor":22,"turns":5},{"damage":46,"enemies":"Gremlin Leader","floor":24,"turns":7},{"damage":0,"enemies":"Snake Plant","floor":28,"turns":3},{"damage":17,"enemies":"Automaton","floor":33,"turns":11},{"damage":6,"enemies":"3 Darklings","floor":35,"turns":6},{"damage":0,"enemies":"Orb Walker","floor":38,"turns":2},{"damage":35,"enemies":"Giant Head","floor":41,"turns":8},{"damage":0,"enemies":"Spire Growth","floor":44,"turns":4},{"damage":19,"enemies":"4 Shapes","floor":45,"turns":5},{"damage":0,"enemies":"Maw","floor":47,"turns":6},{"damage":23,"enemies":"Mysterious Sphere","floor":48,"turns":6},{"damage":82,"enemies":"Awakened One","floor":50,"turns":11}],"seed_played":"3720848501344436054","potions_obtained":[{"floor":1,"key":"FocusPotion"},{"floor":13,"key":"Strength Potion"},{"floor":14,"key":"GamblersBrew"},{"floor":16,"key":"Regen Potion"},{"floor":22,"key":"Poison Potion"},{"floor":24,"key":"SkillPotion"},{"floor":28,"key":"FearPotion"},{"floor":35,"key":"EssenceOfSteel"},{"floor":45,"key":"PowerPotion"},{"floor":47,"key":"Swift Potion"},{"floor":48,"key":"Weak Potion"}],"is_trial":false,"path_per_floor":["M","M","?","M","?","E","R","E","T","$","?","R","M","M","R","B",null,"M","$","M","M","M","R","E","?","T","$","M","R","?","?","R","B",null,"M","$","?","M","$","R","E","R","T","M","M","R","M","?","R"],"character_chosen":"DEFECT","items_purchased":["Genetic Algorithm","Loop","Hello World","Defragment","Coolheaded","Ball Lightning+1","Auto Shields","Streamline+1"],"campfire_rested":3,"item_purchase_floors":[10,10,19,27,27,36,36,39],"current_hp_per_floor":[75,75,75,75,75,56,56,53,53,53,53,53,45,43,43,25,75,60,60,47,46,36,36,9,9,9,9,13,35,35,35,57,46,75,73,73,73,75,75,75,44,44,44,46,37,37,49,36,73,0],"gold":434,"neow_bonus":"THREE_ENEMY_KILL","is_prod":false,"is_daily":false,"chose_seed":false,"campfire_upgraded":5,"win_rate":0,"timestamp":1539402883,"path_taken":["M","?","?","?","?","E","R","E","T","$","?","R","M","?","R","BOSS","M","$","M","M","M","R","E","?","T","$","?","R","?","?","R","BOSS","M","$","?","M","$","R","E","R","T","M","M","R","M","?","R","BOSS"],"build_version":"2018-10-11","purchased_purges":0,"victory":false,"max_hp_per_floor":[75,75,75,75,75,75,75,75,75,75,75,75,75,75,75,75,75,75,75,75,75,75,75,75,75,75,75,75,75,75,75,75,75,75,75,75,75,75,75,75,75,75,75,75,75,75,75,75,75,75],"card_choices":[{"not_picked":["Aggregate","Hello World"],"picked":"Stack","floor":1},{"not_picked":["Reinforced Body","Steam","Barrage"],"picked":"SKIP","floor":2},{"not_picked":["Leap","Heatsinks"],"picked":"Conserve Battery","floor":4},{"not_picked":["Turbo","Conserve Battery"],"picked":"Streamline","floor":6},{"not_picked":["Compile Driver+1","Go for the Eyes+1"],"picked":"Beam Cell+1","floor":8},{"not_picked":["Force Field","Sweeping Beam+1"],"picked":"Cold Snap+1","floor":13},{"not_picked":["Redo","Go for the Eyes+1"],"picked":"BootSequence","floor":14},{"not_picked":["Reboot","Seek"],"picked":"Rainbow","floor":16},{"not_picked":[],"picked":"Hologram","floor":18},{"not_picked":["Redo"],"picked":"SKIP","floor":20},{"not_picked":["Gash+1"],"picked":"SKIP","floor":21},{"not_picked":["Reprogram"],"picked":"SKIP","floor":22},{"not_picked":["Compile Driver+1"],"picked":"SKIP","floor":24},{"not_picked":[],"picked":"Conserve Battery+1","floor":28},{"not_picked":[],"picked":"Reboot","floor":33},{"not_picked":[],"picked":"Barrage+1","floor":35},{"not_picked":[],"picked":"Mind Blast+1","floor":37},{"not_picked":[],"picked":"Loop+1","floor":38},{"not_picked":["Gash+1"],"picked":"SKIP","floor":41},{"not_picked":["Redo"],"picked":"SKIP","floor":44},{"not_picked":["Gash+1"],"picked":"SKIP","floor":45},{"not_picked":[],"picked":"Capacitor+1","floor":47}],"player_experience":130129,"relics_obtained":[{"floor":6,"key":"Molten Egg 2"},{"floor":8,"key":"StoneCalendar"},{"floor":9,"key":"Bird Faced Urn"},{"floor":24,"key":"Centennial Puzzle"},{"floor":26,"key":"Orichalcum"},{"floor":41,"key":"Blood Vial"},{"floor":42,"key":"Regal Pillow"},{"floor":43,"key":"FossilizedHelix"},{"floor":46,"key":"Shuriken"},{"floor":48,"key":"Old Coin"}],"event_choices":[{"event_name":"Purifier","player_choice":"One Purge","floor":3,"damage_taken":0},{"event_name":"Living Wall","player_choice":"Grow","floor":5,"damage_taken":0},{"event_name":"Upgrade Shrine","player_choice":"Upgraded","floor":11,"damage_taken":0},{"event_name":"Cursed Tome","player_choice":"Ignored","floor":25,"damage_taken":0},{"event_name":"Addict","player_choice":"Stole Relic","floor":30,"damage_taken":0},{"event_name":"Drug Dealer","player_choice":"Inject Mutagens","floor":31,"damage_taken":0},{"event_name":"SensoryStone","player_choice":"Memory 1","floor":37,"damage_taken":0},{"event_name":"Mysterious Sphere","player_choice":"Fight","floor":48,"damage_taken":0}],"is_beta":false,"boss_relics":[{"not_picked":["White Beast Statue","Astrolabe"],"picked":"Busted Crown"},{"not_picked":["Pandora\u0027s Box","Cursed Key"],"picked":"Empty Cage"}],"items_purged_floors":[],"is_endless":false,"potions_floor_spawned":[1,13,14,16,22,24,28,35,45,47,48],"killed_by":"Awakened One","ascension_level":1}