{"gold_per_floor":[115,131,146,157,157,157,169,169,193,207,207,157,168,188,188,188],"floor_reached":16,"playtime":455,"items_purged":["Strike_B"],"score":101,"play_id":"2328da26-0fca-49c4-bbfb-6c74bb9f4958","local_time":"20181004213830","is_ascension_mode":true,"campfire_choices":[{"data":"Hologram","floor":6,"key":"SMITH"},{"floor":8,"key":"REST"},{"floor":11,"key":"REST"},{"floor":15,"key":"REST"}],"neow_cost":"","seed_source_timestamp":15517665279562,"circlet_count":0,"master_deck":["Strike_B","Strike_B","Strike_B","Defend_B","Defend_B","Defend_B","Zap","Dualcast","Hologram+1","Gash"],"relics":["Cracked Core","Smiling Mask"],"potions_floor_usage":[16,16,16],"damage_taken":[{"damage":1,"enemies":"Cultist","floor":1,"turns":3},{"damage":4,"enemies":"2 Louse","floor":2,"turns":3},{"damage":8,"enemies":"Small Slimes","floor":3,"turns":2},{"damage":11,"enemies":"Blue Slaver","floor":4,"turns":4},{"damage":1,"enemies":"Exordium Thugs","floor":7,"turns":4},{"damage":5,"enemies":"Looter","floor":10,"turns":3},{"damage":6,"enemies":"Blue Slaver","floor":13,"turns":4},{"damage":24,"enemies":"Gremlin Gang","floor":14,"turns":4},{"damage":68,"enemies":"Hexaghost","floor":16,"turns":10}],"seed_played":"-3418447111805282017","potions_obtained":[{"floor":1,"key":"FearPotion"},{"floor":2,"key":"Swift Potion"},{"floor":7,"key":"SteroidPotion"},{"floor":10,"key":"Poison Potion"}],"is_trial":false,"path_per_floor":["M","M","M","M","?","R","M","R","T","M","R","$","M","M","R"],"character_chosen":"DEFECT","items_purchased":[],"campfire_rested":3,"item_purchase_floors":[],"current_hp_per_floor":[74,70,62,51,51,51,50,72,72,67,75,75,69,45,67,0],"gold":188,"neow_bonus":"","is_prod":false,"is_daily":false,"chose_seed":false,"campfire_upgraded":1,"win_rate":0,"timestamp":1538699910,"path_taken":["M","?","M","M","?","R","M","R","T","M","R","$","M","M","R","BOSS"],"build_version":"2018-09-27","purchased_purges":1,"victory":false,"max_hp_per_floor":[75,75,75,75,75,75,75,75,75,75,75,75,75,75,75,75],"card_choices":[{"not_picked":["White Noise","Capacitor"],"picked":"Hologram","floor":1},{"not_picked":["Streamline","Force Field","Darkness"],"picked":"SKIP","floor":2},{"not_picked":["Storm","Redo","Go for the Eyes"],"picked":"SKIP","floor":3},{"not_picked":["Conserve Battery","Rip and Tear","Skim"],"picked":"SKIP","floor":4},{"not_picked":["Tempest","Streamline","Cold Snap"],"picked":"SKIP","floor":7},{"not_picked":["Reprogram","Barrage","Self Repair"],"picked":"SKIP","floor":10},{"not_picked":["Blizzard","Sunder"],"picked":"Gash","floor":13},{"not_picked":["Rip and Tear","Self Repair","Leap"],"picked":"SKIP","floor":14}],"player_experience":112958,"relics_obtained":[{"floor":9,"key":"Smiling Mask"}],"event_choices":[{"event_name":"Living Wall","player_choice":"Forget","floor":5,"damage_taken":0}],"is_beta":false,"boss_relics":[],"items_purged_floors":[12],"is_endless":false,"potions_floor_spawned":[1,2,7,10],"killed_by":"Hexaghost","ascension_level":1}