{"path_per_floor":["M","?","$","M","T","M","E","M","T","M","E","?","R","M","R","B",null,"M","$","M","?","M","R","E"],"character_chosen":"IRONCLAD","items_purchased":["Inflame","Strange Spoon"],"gold_per_floor":[113,113,78,88,88,98,129,140,140,160,189,189,189,200,200,300,300,318,124,144,144,164,164,190],"floor_reached":25,"campfire_rested":3,"playtime":792,"current_hp_per_floor":[66,66,66,53,53,58,39,36,36,40,32,16,40,39,63,49,80,80,80,80,80,39,63,20],"items_purged":[],"gold":190,"score":233,"play_id":"0797d563-14cf-43d8-910b-de69103d5b67","is_prod":false,"is_daily":false,"is_ascension_mode":false,"campfire_upgraded":0,"path_taken":["M","?","$","M","?","M","E","M","T","?","E","?","R","M","R","BOSS","M","$","M","?","M","R","E","M"],"build_version":"2018-02-12-PROD1","purchased_purges":0,"victory":false,"master_deck":["Strike_R","Strike_R","Strike_R","Strike_R","Strike_R","Defend_R+1","Defend_R","Defend_R","Defend_R","Bash","Heavy Blade+1","Inflame","Armaments+1","Cleave","Flex","Sword Boomerang","Uppercut","Inflame","Cleave","Feed","Twin Strike","Armaments+1","Clash+1","Flex"],"max_hp_per_floor":[80,80,80,80,80,80,80,80,80,80,80,80,80,80,80,80,80,80,80,80,80,80,80,80],"relics":["Burning Blood","Champion Belt","Smiling Mask","Sundial","Torii","Cursed Key","Strange Spoon","Bottled Flame"],"card_choices":[{"not_picked":["Body Slam","Disarm"],"picked":"Heavy Blade"},{"not_picked":["Uppercut","Juggernaut"],"picked":"Armaments"},{"not_picked":["Flame Barrier","Twin Strike"],"picked":"Cleave"},{"not_picked":["Power Through","Flame Barrier"],"picked":"Flex"},{"not_picked":["Corruption","Clothesline"],"picked":"Sword Boomerang"},{"not_picked":["Bloodletting","Heavy Blade"],"picked":"Uppercut"},{"not_picked":["Offering","Body Slam"],"picked":"Inflame"},{"not_picked":["Wild Strike","Headbutt"],"picked":"Cleave"},{"not_picked":["Bludgeon","Impervious"],"picked":"Feed"},{"not_picked":["Second Wind","Body Slam"],"picked":"Twin Strike"},{"not_picked":["Cleave","Twin Strike"],"picked":"Armaments"},{"not_picked":["Warcry","Bloodletting"],"picked":"Clash"},{"not_picked":["Battle Trance","Shrug It Off"],"picked":"Flex"}],"player_experience":85952,"potions_floor_usage":[1,7,7,14,16,20,24],"damage_taken":[{"damage":20,"enemies":"Small Slimes","floor":1,"turns":3},{"damage":19,"enemies":"Blue Slaver","floor":4,"turns":3},{"damage":1,"enemies":"Cultist","floor":6,"turns":3},{"damage":25,"enemies":"Lagavulin","floor":7,"turns":8},{"damage":9,"enemies":"Exordium Thugs","floor":8,"turns":5},{"damage":2,"enemies":"2 Fungi Beasts","floor":10,"turns":3},{"damage":14,"enemies":"Gremlin Nob","floor":11,"turns":4},{"damage":7,"enemies":"3 Louse","floor":14,"turns":2},{"damage":20,"enemies":"The Guardian","floor":16,"turns":10},{"damage":2,"enemies":"Shell Parasite","floor":18,"turns":4},{"damage":1,"enemies":"Spheric Guardian","floor":20,"turns":3},{"damage":47,"enemies":"Centurion and Healer","floor":22,"turns":5},{"damage":49,"enemies":"Slavers","floor":24,"turns":6},{"damage":22,"enemies":"Cultist and Chosen","floor":25,"turns":4}],"event_choices":[{"event_name":"Upgrade Shrine","player_choice":"Upgraded","floor":2,"damage_taken":0},{"event_name":"Shining Light","player_choice":"Entered Light","floor":12,"damage_taken":0},{"event_name":"Vampires","player_choice":"Ignored","floor":21,"damage_taken":0}],"boss_relics":[{"not_picked":["Ectoplasm","Runic Pyramid"],"picked":"Cursed Key"}],"potions_floor_spawned":[8,11,16,22],"seed_played":"3571047450130355923","killed_by":"Cultist and Chosen","ascension_level":0,"is_trial":false}