{"gold_per_floor":[116,116,116,130,143,172,172,197,197,227,227,252,252,264,264,335,335,350,361,63,75,75,75,108,108,132,162,114,142,156,174,174,251,251,265,280,20,120,135,135,168,168,219,219,219,244,224,224,224,224],"floor_reached":51,"playtime":2771,"items_purged":["Strike_G"],"score":1370,"play_id":"da191a51-7f5d-44f2-83a8-9ac8a61f0e8f","local_time":"20190622234342","is_ascension_mode":true,"campfire_choices":[{"data":"Endless Agony","floor":7.0,"key":"SMITH"},{"data":"Neutralize","floor":11.0,"key":"SMITH"},{"data":"Deadly Poison","floor":13.0,"key":"SMITH"},{"data":"Cloak And Dagger","floor":15.0,"key":"SMITH"},{"floor":23.0,"key":"REST"},{"data":"Leg Sweep","floor":25.0,"key":"SMITH"},{"floor":32.0,"key":"REST"},{"floor":40.0,"key":"REST"},{"data":"1","floor":42.0,"key":"LIFT"},{"data":"2","floor":45.0,"key":"LIFT"},{"floor":49.0,"key":"REST"}],"neow_cost":"NONE","seed_source_timestamp":0,"circlet_count":0,"master_deck":["AscendersBane","Defend_G","Defend_G","Defend_G","Defend_G","Defend_G","Survivor","Neutralize+1","Catalyst+1","Phantasmal Killer+1","Corpse Explosion+1","Endless Agony+1","Doppelganger","Flying Knee","Cloak And Dagger+1","Bane+1","Deadly Poison+1","Backflip","Footwork","Catalyst+1","Leg Sweep+1","Dodge and Roll+1","Burst+1","Well Laid Plans+1","PiercingWail","PiercingWail","Crippling Poison+1"],"special_seed":0,"relics":["Astrolabe","Singing Bowl","Pear","Mummified Hand","Dead Branch","PreservedInsect","Velvet Choker","Snake Skull","Dream Catcher","Juzu Bracelet","Blood Vial","Bottled Flame","Sozu","Kunai","Calipers","Girya","Whetstone","Anchor"],"potions_floor_usage":[],"damage_taken":[{"damage":0.0,"enemies":"Jaw Worm","floor":1.0,"turns":4.0},{"damage":1.0,"enemies":"Small Slimes","floor":4.0,"turns":3.0},{"damage":0.0,"enemies":"Cultist","floor":5.0,"turns":3.0},{"damage":1.0,"enemies":"Gremlin Nob","floor":6.0,"turns":4.0},{"damage":9.0,"enemies":"Lagavulin","floor":8.0,"turns":6.0},{"damage":9.0,"enemies":"3 Sentries","floor":10.0,"turns":3.0},{"damage":0.0,"enemies":"Exordium Thugs","floor":14.0,"turns":4.0},{"damage":19.0,"enemies":"Hexaghost","floor":16.0,"turns":7.0},{"damage":12.0,"enemies":"Shell Parasite","floor":18.0,"turns":3.0},{"damage":27.0,"enemies":"2 Thieves","floor":19.0,"turns":4.0},{"damage":13.0,"enemies":"Snake Plant","floor":21.0,"turns":5.0},{"damage":7.0,"enemies":"Gremlin Leader","floor":24.0,"turns":5.0},{"damage":1.0,"enemies":"Book of Stabbing","floor":27.0,"turns":4.0},{"damage":21.0,"enemies":"Slavers","floor":29.0,"turns":2.0},{"damage":12.0,"enemies":"Centurion and Healer","floor":30.0,"turns":3.0},{"damage":3.0,"enemies":"Snecko","floor":31.0,"turns":4.0},{"damage":17.0,"enemies":"Collector","floor":33.0,"turns":6.0},{"damage":12.0,"enemies":"3 Shapes","floor":35.0,"turns":4.0},{"damage":19.0,"enemies":"3 Darklings","floor":36.0,"turns":4.0},{"damage":0.0,"enemies":"Mind Bloom Boss Battle","floor":38.0,"turns":4.0},{"damage":19.0,"enemies":"4 Shapes","floor":39.0,"turns":7.0},{"damage":29.0,"enemies":"Nemesis","floor":41.0,"turns":7.0},{"damage":25.0,"enemies":"Reptomancer","floor":46.0,"turns":4.0},{"damage":35,"enemies":"Donu and Deca","floor":50,"turns":8}],"seed_played":"-3732237680952785438","potions_obtained":[{"floor":1.0,"key":"Strength Potion"},{"floor":5.0,"key":"PowerPotion"},{"floor":8.0,"key":"Swift Potion"},{"floor":18.0,"key":"Weak Potion"},{"floor":24.0,"key":"SpeedPotion"}],"is_trial":false,"path_per_floor":["M","?","?","M","M","E","R","E","T","E","R","T","R","M","R","B",null,"M","M","$","M","?","R","E","R","T","E","$","E","M","M","R","B",null,"M","M","$","?","M","R","E","R","T","?","R","E","?","?","R","B",null],"character_chosen":"THE_SILENT","items_purchased":["Snake Skull","Footwork","Strength Potion","Kunai"],"campfire_rested":4,"item_purchase_floors":[20,20,28,37],"current_hp_per_floor":[59,59,59,58,58,57,57,60,60,51,51,51,51,53,53,34,69,57,32,32,21,21,46,39,39,39,40,40,21,13,12,40,25,74,64,47,47,51,34,63,38,38,38,38,38,17,17,17,46,13],"gold":224,"neow_bonus":"BOSS_RELIC","is_prod":false,"is_daily":false,"chose_seed":false,"campfire_upgraded":5,"win_rate":0,"timestamp":1561265022,"path_taken":["M","?","?","M","?","E","R","E","T","E","R","?","R","M","R","BOSS","M","M","$","M","?","R","E","R","T","E","$","E","M","M","R","BOSS","M","M","$","?","M","R","E","R","T","?","R","E","?","?","R","BOSS"],"build_version":"2019-01-23","purchased_purges":1,"victory":true,"max_hp_per_floor":[66,66,66,66,66,66,66,78,78,78,78,78,78,80,80,80,80,80,82,82,84,84,84,84,84,84,86,86,86,88,88,90,90,90,90,90,90,92,92,94,96,96,96,96,96,98,98,98,98,98],"card_choices":[{"not_picked":["Expertise","Flechettes"],"picked":"Endless Agony","floor":1.0},{"not_picked":["Dagger Spray","Dagger Throw"],"picked":"Flying Knee","floor":4.0},{"not_picked":["Dodge and Roll","Choke"],"picked":"Cloak And Dagger","floor":5.0},{"not_picked":["Skewer","Deadly Poison"],"picked":"Bane","floor":6.0},{"not_picked":["All Out Attack","Reflex","Skewer"],"picked":"Singing Bowl","floor":8.0},{"not_picked":["Dash","Dagger Throw"],"picked":"Deadly Poison","floor":10.0},{"not_picked":["Flying Knee","Bane","Quick Slash"],"picked":"Singing Bowl","floor":14.0},{"not_picked":["Bullet Time","Tools of the Trade"],"picked":"Glass Knife","floor":16.0},{"not_picked":["Deflect","Noxious Fumes"],"picked":"Backflip","floor":18.0},{"not_picked":["Slice","Acrobatics","Masterful Stab"],"picked":"Singing Bowl","floor":19.0},{"not_picked":["Grand Finale","Bane","Dagger Spray"],"picked":"Singing Bowl","floor":21.0},{"not_picked":["Bouncing Flask","Expertise"],"picked":"Leg Sweep","floor":24.0},{"not_picked":["Caltrops","Bouncing Flask","Choke"],"picked":"Singing Bowl","floor":27.0},{"not_picked":["Backstab","Well Laid Plans","Caltrops"],"picked":"SKIP","floor":29.0},{"not_picked":["Flying Knee","Dash","Slice"],"picked":"Singing Bowl","floor":30.0},{"not_picked":["Caltrops","Dash"],"picked":"Dodge and Roll+1","floor":31.0},{"not_picked":["Dash","Blade Dance","Eviscerate"],"picked":"Singing Bowl","floor":32.0},{"not_picked":["Doppelganger","Envenom"],"picked":"Burst","floor":33.0},{"not_picked":["Deflect","Blade Dance"],"picked":"Well Laid Plans+1","floor":35.0},{"not_picked":["Heel Hook+1","Finisher"],"picked":"PiercingWail","floor":36.0},{"not_picked":["Flechettes","Finisher","Flying Knee"],"picked":"Singing Bowl","floor":38.0},{"not_picked":["Prepared","Sucker Punch+1"],"picked":"PiercingWail","floor":39.0},{"not_picked":["Poisoned Stab+1","Flying Knee","Sucker Punch"],"picked":"Singing Bowl","floor":40.0},{"not_picked":["Dagger Spray","Underhanded Strike","Burst"],"picked":"Singing Bowl","floor":41.0},{"not_picked":["Caltrops","Dagger Throw","Quick Slash+1"],"picked":"Singing Bowl","floor":46.0},{"not_picked":["Sucker Punch","Burst"],"picked":"Crippling Poison+1","floor":49.0}],"player_experience":125230,"relics_obtained":[{"floor":6.0,"key":"Singing Bowl"},{"floor":8.0,"key":"Pear"},{"floor":9.0,"key":"Mummified Hand"},{"floor":10.0,"key":"Dead Branch"},{"floor":12.0,"key":"PreservedInsect"},{"floor":24.0,"key":"Dream Catcher"},{"floor":26.0,"key":"Juzu Bracelet"},{"floor":27.0,"key":"Blood Vial"},{"floor":29.0,"key":"Bottled Flame"},{"floor":38.0,"key":"Calipers"},{"floor":41.0,"key":"Girya"},{"floor":43.0,"key":"Whetstone"},{"floor":46.0,"key":"Anchor"}],"event_choices":[{"damage_healed":0.0,"max_hp_gain":0.0,"max_hp_loss":0.0,"gold_gain":0.0,"event_name":"Shining Light","player_choice":"Ignored","floor":2.0,"gold_loss":0.0,"damage_taken":0.0},{"damage_healed":0.0,"max_hp_gain":0.0,"max_hp_loss":0.0,"gold_gain":0.0,"cards_transformed":["Strike_G"],"event_name":"Transmorgrifier","player_choice":"Transformed","floor":3.0,"gold_loss":0.0,"damage_taken":0.0,"cards_obtained":["Doppelganger"]},{"damage_healed":0.0,"max_hp_gain":0.0,"max_hp_loss":0.0,"gold_gain":0.0,"event_name":"Duplicator","player_choice":"Copied","floor":22.0,"gold_loss":0.0,"damage_taken":0.0,"cards_obtained":["Catalyst"]},{"damage_healed":0.0,"max_hp_gain":0.0,"max_hp_loss":0.0,"gold_gain":0.0,"event_name":"MindBloom","player_choice":"Fight","floor":38.0,"gold_loss":0.0,"damage_taken":0.0},{"damage_healed":0.0,"max_hp_gain":0.0,"max_hp_loss":0.0,"gold_gain":0.0,"event_name":"Accursed Blacksmith","player_choice":"Forge","floor":44.0,"gold_loss":0.0,"damage_taken":0.0,"cards_upgraded":["Burst"]},{"damage_healed":0.0,"max_hp_gain":0.0,"max_hp_loss":0.0,"gold_gain":0.0,"event_name":"The Woman in Blue","player_choice":"Bought 1 Potion","floor":47.0,"gold_loss":0.0,"damage_taken":0.0},{"cards_removed":["Glass Knife"],"damage_healed":0.0,"max_hp_gain":0.0,"max_hp_loss":0.0,"gold_gain":0.0,"event_name":"Falling","player_choice":"Removed Attack","floor":48.0,"gold_loss":0.0,"damage_taken":0.0}],"is_beta":false,"boss_relics":[{"not_picked":["Runic Pyramid","HoveringKite"],"picked":"Velvet Choker"},{"not_picked":["Eternal Feather","Pandora\u0027s Box"],"picked":"Sozu"}],"items_purged_floors":[20],"is_endless":false,"potions_floor_spawned":[1,5,8,18,24,30,31,39,41,46],"ascension_level":15}