{"gold_per_floor":[114,129,144,159,174,174,204,204,229,259,274,299,329,103,103,203,203,218,233,308,38,38,68,68,83,108,138,138,238,253,178,178,178],"floor_reached":33,"playtime":2677,"items_purged":[],"score":380,"play_id":"2a2f67d3-2495-448c-a19b-81cfabd1d809","local_time":"20190130104601","daily_mods":["Specialized","Green Cards","Elite Swarm"],"is_ascension_mode":false,"campfire_choices":[{"data":"Slimebound:Repurpose","floor":6,"key":"SMITH"},{"data":"Slimebound:MassRepurpose","floor":15,"key":"SMITH"},{"data":"Slimebound:WasteNot","floor":28,"key":"SMITH"},{"data":"Slimebound:DuplicatedForm","floor":32,"key":"SMITH"}],"neow_cost":"","seed_source_timestamp":0,"circlet_count":0,"master_deck":["Slimebound:Strike_Slimebound","Slimebound:Strike_Slimebound","Slimebound:Defend_Slimebound","Slimebound:Defend_Slimebound","Slimebound:Defend_Slimebound","Slimebound:Defend_Slimebound","Slimebound:Split","Slimebound:CorrosiveSpit","Slimebound:RejuvenatingLick","Slimebound:RejuvenatingLick","Slimebound:RejuvenatingLick","Slimebound:RejuvenatingLick","Slimebound:RejuvenatingLick","Slimebound:Repurpose+1","Slimebound:SplitBruiser","Slimebound:DivideAndConquer","Slimebound:SamplingLick","Slimebound:Overexert","Slimebound:PrepareCrush","Slimebound:SplitLeeching","Slimebound:MassRepurpose+1","Slimebound:DivideAndConquer","Slimebound:DuplicatedForm+1","Slimebound:LeadByExample","Slimebound:SplitLeeching+1","Slimebound:Lick","Mayhem","Bandage Up","Slimebound:FirmFortitude","Slimebound:SlimeBrawl","Slimebound:SuperSplit","Slimebound:LivingWall","Pot Of Greed","Pot Of Greed","Pot Of Greed","Slimebound:WasteNot+1","Slimebound:Equalize+1","Slimebound:ViciousTackle","Pot Of Greed"],"special_seed":17926,"relics":["Slimebound:AbsorbEndCombat","Darkstone Periapt","Ring of Fury","ReplayTheSpireMod:Ring of Addiction","Chameleon Ring","Toy Ornithopter","Replay:Rubber Ducky","Anchor","infinitespire:Beetle Shell","infinitespire:Satchel","Toolbox","Replay_Grab Bag","infinitespire:Cupcake","Lizard Tail","Shuriken","Vajra","Grinning Jar","ReplayTheSpireMod:Lightbulb","Replay:Towering Pillar of Hats","Ornamental Fan"],"potions_floor_usage":[4,7,10,16,19,23,27,29],"damage_taken":[{"damage":11,"enemies":"infinitespire:Voidling","floor":1,"turns":3},{"damage":6,"enemies":"Cultist","floor":2,"turns":4},{"damage":4,"enemies":"2 Louse","floor":3,"turns":2},{"damage":21,"enemies":"Lots of Slimes","floor":4,"turns":4},{"damage":40,"enemies":"Exordium Thugs","floor":5,"turns":4},{"damage":38,"enemies":"Gremlin Nob","floor":7,"turns":4},{"damage":22,"enemies":"3 Sentries","floor":10,"turns":5},{"damage":17,"enemies":"Red Slaver","floor":11,"turns":3},{"damage":37,"enemies":"strawberrySpire:EnergyPylons","floor":13,"turns":5},{"damage":61,"enemies":"The Guardian","floor":16,"turns":8},{"damage":23,"enemies":"3 Byrds","floor":18,"turns":5},{"damage":25,"enemies":"2 Thieves","floor":19,"turns":3},{"damage":59,"enemies":"Book of Stabbing","floor":23,"turns":6},{"damage":41,"enemies":"Chosen and Byrds","floor":25,"turns":5},{"damage":44,"enemies":"Gremlin Leader","floor":27,"turns":5},{"damage":28,"enemies":"Colosseum Slavers","floor":29,"turns":2},{"damage":71,"enemies":"Colosseum Nobs","floor":29,"turns":4},{"damage":36,"enemies":"Sentry and Sphere","floor":30,"turns":6},{"damage":122,"enemies":"Collector","floor":33,"turns":6}],"seed_played":"5247171825333593752","potions_obtained":[{"floor":1,"key":"Block Potion"},{"floor":2,"key":"Weak Potion"},{"floor":7,"key":"Block Potion"},{"floor":8,"key":"SpeedPotion"},{"floor":8,"key":"Venom Potion"},{"floor":8,"key":"SteroidPotion"},{"floor":10,"key":"AttackPotion"},{"floor":11,"key":"Explosive Potion"},{"floor":16,"key":"SpeedPotion"},{"floor":25,"key":"Adrenaline Potion"},{"floor":27,"key":"Venom Potion"},{"floor":30,"key":"Milkshake"}],"is_trial":false,"path_per_floor":["M","M","M","M","M","R","E","?","T","E","M","T","E","$","R","B",null,"M","M","T","$","?","E","?","M","T","E","R","?","M","?","R","B"],"character_chosen":"SLIMEBOUND","items_purchased":["Toolbox","Slimebound:DivideAndConquer","Slimebound:Lick","Mayhem","Bandage Up"],"campfire_rested":0,"item_purchase_floors":[14,14,21,21,21],"current_hp_per_floor":[70,70,70,67,56,56,48,54,54,65,67,67,57,57,57,34,74,64,66,66,66,66,66,66,58,58,60,60,66,70,70,70,0],"gold":178,"neow_bonus":"","is_prod":false,"is_daily":true,"chose_seed":false,"campfire_upgraded":4,"win_rate":0,"timestamp":1548863161,"path_taken":["M","M","M","?","?","R","E","?","T","E","?","?","E","$","R","BOSS","M","M","?","$","?","E","?","?","T","E","R","?","M","?","R","BOSS"],"build_version":"2019-01-23","purchased_purges":0,"victory":false,"max_hp_per_floor":[70,70,70,70,70,70,70,76,76,76,76,76,76,74,74,74,74,74,74,74,74,74,72,72,72,72,70,70,70,70,70,70,68],"card_choices":[{"not_picked":["Slimebound:Recollect","Slimebound:BestDefense"],"picked":"Slimebound:Repurpose","floor":1},{"not_picked":["Slimebound:LivingWall","Slimebound:MegaLick"],"picked":"Slimebound:SplitBruiser","floor":2},{"not_picked":["Slimebound:LeechEnergy","Slimebound:Dissolve"],"picked":"Slimebound:DivideAndConquer","floor":3},{"not_picked":["Slimebound:LeechEnergy","Slimebound:Replication"],"picked":"Slimebound:SamplingLick","floor":4},{"not_picked":["Slimebound:SoulSicken","Slimebound:ViciousTackle","Slimebound:VenomTackle"],"picked":"SKIP","floor":5},{"not_picked":["Slimebound:MassRepurpose","Slimebound:DouseInSlime"],"picked":"Slimebound:Overexert","floor":7},{"not_picked":["Slimebound:SlimeBrawl","Slimebound:OozeBath"],"picked":"Slimebound:PrepareCrush","floor":10},{"not_picked":["Slimebound:GoopTackle","Slimebound:SoulSicken"],"picked":"Slimebound:SplitLeeching","floor":11},{"not_picked":["Slimebound:OozeBath","Slimebound:SlimeBrawl"],"picked":"Slimebound:MassRepurpose","floor":13},{"not_picked":["Slimebound:DouseInSlime","Slimebound:Teamwork"],"picked":"Slimebound:DuplicatedForm","floor":16},{"not_picked":["Slimebound:HauntingLick","Slimebound:VenomTackle"],"picked":"Slimebound:LeadByExample","floor":18},{"not_picked":["Slimebound:DivideAndConquer","Slimebound:FirmFortitude+1"],"picked":"Slimebound:SplitLeeching+1","floor":19},{"not_picked":["Slimebound:SlimeBrawl","Slimebound:CheckThePlaybook"],"picked":"Slimebound:SuperSplit","floor":23},{"not_picked":["Slimebound:SplitMire","Slimebound:ComboTackle+1"],"picked":"Slimebound:LivingWall","floor":25},{"not_picked":["Slimebound:SuperSplit","Slimebound:Recycling"],"picked":"Slimebound:WasteNot","floor":27},{"not_picked":["Slimebound:Dissolve","Slimebound:SplitBruiser"],"picked":"Slimebound:Equalize+1","floor":29},{"not_picked":["Slimebound:PoisonLick","Slimebound:GoopTackle"],"picked":"Slimebound:ViciousTackle","floor":30}],"player_experience":383283,"relics_obtained":[{"floor":7,"key":"Darkstone Periapt"},{"floor":8,"key":"Ring of Fury"},{"floor":8,"key":"ReplayTheSpireMod:Ring of Addiction"},{"floor":8,"key":"Chameleon Ring"},{"floor":8,"key":"Toy Ornithopter"},{"floor":9,"key":"Replay:Rubber Ducky"},{"floor":10,"key":"Anchor"},{"floor":12,"key":"infinitespire:Beetle Shell"},{"floor":13,"key":"infinitespire:Satchel"},{"floor":20,"key":"Shuriken"},{"floor":23,"key":"Vajra"},{"floor":26,"key":"Grinning Jar"},{"floor":27,"key":"ReplayTheSpireMod:Lightbulb"},{"floor":29,"key":"Replay:Towering Pillar of Hats"},{"floor":29,"key":"Ornamental Fan"}],"event_choices":[{"damage_healed":0,"gold_gain":0,"cards_transformed":["Slimebound:Strike_Slimebound","Slimebound:Strike_Slimebound"],"player_choice":"Became Test Subject","damage_taken":0,"max_hp_gain":0,"max_hp_loss":0,"event_name":"Drug Dealer","floor":22,"gold_loss":0,"cards_obtained":["Slimebound:FirmFortitude","Slimebound:SlimeBrawl"]},{"damage_healed":0,"gold_gain":0,"player_choice":"Ignored","damage_taken":0,"max_hp_gain":0,"max_hp_loss":0,"event_name":"Ghosts","floor":24,"gold_loss":0},{"damage_healed":0,"gold_gain":0,"player_choice":"Fight","damage_taken":0,"max_hp_gain":0,"max_hp_loss":0,"event_name":"Colosseum","floor":29,"gold_loss":0},{"damage_healed":0,"gold_gain":0,"player_choice":"Fought Nobs","damage_taken":0,"max_hp_gain":0,"max_hp_loss":0,"event_name":"Colosseum","floor":29,"gold_loss":0},{"cards_removed":["ReplayTheSpireMod:Restless Dread"],"damage_healed":0,"gold_gain":0,"player_choice":"Gave Gold","damage_taken":0,"max_hp_gain":0,"max_hp_loss":0,"event_name":"Beggar","floor":31,"gold_loss":75}],"is_beta":false,"boss_relics":[{"not_picked":["Ectoplasm","Eternal Feather"],"picked":"Replay_Grab Bag"},{"not_picked":["strawberrySpire:SolarisEssence","ReplayTheSpireMod:DimensionalGlitch"],"picked":"infinitespire:Cupcake"},{"not_picked":["strawberrySpire:Dictionifier","Empty Cage"],"picked":"Lizard Tail"}],"items_purged_floors":[],"is_endless":false,"potions_floor_spawned":[1,2,7,10,11,16,18,25,27,30],"killed_by":"Collector","ascension_level":0}