{"gold_per_floor":[111,70,80,99,24,24,54,64,117,149,149,149,149,159,159,235,235,249,249,249],"floor_reached":20,"playtime":1009,"items_purged":["Strike_G"],"score":328,"play_id":"1e0b9f41-03fa-4fed-b4e5-f6ac2156ba78","local_time":"20190617100730","is_ascension_mode":true,"campfire_choices":[{"data":"Dash","floor":6,"key":"SMITH"},{"data":"Crippling Poison","floor":13,"key":"SMITH"},{"floor":15,"key":"REST"}],"neow_cost":"NONE","seed_source_timestamp":403940404095765,"circlet_count":0,"master_deck":["AscendersBane","Defend_G","Defend_G","Defend_G","Defend_G","Defend_G","Strike_G","Strike_G","Strike_G","Strike_G","Survivor","Neutralize","Dagger Throw","Well Laid Plans","Dash+1","Crippling Poison+1","Deadly Poison","After Image","Footwork"],"relics":["Ring of the Snake","NeowsBlessing","Mercury Hourglass","Orichalcum","Lantern","Omamori","Eternal Feather"],"potions_floor_usage":[7],"damage_taken":[{"damage":0,"enemies":"Cultist","floor":1,"turns":1},{"damage":0,"enemies":"Jaw Worm","floor":3,"turns":1},{"damage":0,"enemies":"Small Slimes","floor":4,"turns":1},{"damage":22,"enemies":"Gremlin Nob","floor":7,"turns":6},{"damage":0,"enemies":"Looter","floor":8,"turns":3},{"damage":6,"enemies":"3 Sentries","floor":10,"turns":6},{"damage":0,"enemies":"3 Louse","floor":14,"turns":2},{"damage":40,"enemies":"Slime Boss","floor":16,"turns":11},{"damage":19,"enemies":"Spheric Guardian","floor":18,"turns":6},{"damage":14,"enemies":"Colosseum Slavers","floor":19,"turns":7}],"seed_played":"2665612810716637241","potions_obtained":[{"floor":1,"key":"SpeedPotion"},{"floor":4,"key":"Block Potion"},{"floor":16,"key":"AttackPotion"}],"is_trial":false,"path_per_floor":["M","$","M","M","$","R","E","M","T","E","?","?","R","M","R","B",null,"M","?","?"],"character_chosen":"THE_SILENT","items_purchased":["Well Laid Plans"],"campfire_rested":1,"item_purchase_floors":[2],"current_hp_per_floor":[59,59,59,59,59,59,37,37,37,31,53,35,35,35,54,14,53,34,20,0],"gold":249,"neow_bonus":"THREE_ENEMY_KILL","is_prod":false,"is_daily":false,"chose_seed":false,"campfire_upgraded":2,"win_rate":0,"timestamp":1560737250,"path_taken":["M","?","?","M","$","R","E","M","T","E","?","?","R","M","R","BOSS","M","?","?"],"build_version":"2019-01-23","purchased_purges":1,"victory":false,"max_hp_per_floor":[66,66,66,66,66,66,66,66,66,66,66,66,66,66,66,66,66,66,66,66],"card_choices":[{"not_picked":["Acrobatics","Prepared"],"picked":"Dagger Throw","floor":1},{"not_picked":["Prepared","Poisoned Stab","Dash"],"picked":"SKIP","floor":3},{"not_picked":["Prepared","Poisoned Stab"],"picked":"Dash","floor":3},{"not_picked":["Outmaneuver","Eviscerate","Dodge and Roll"],"picked":"SKIP","floor":4},{"not_picked":["Masterful Stab","Acrobatics","Tactician"],"picked":"SKIP","floor":7},{"not_picked":["Expertise","Cloak And Dagger"],"picked":"Crippling Poison","floor":8},{"not_picked":["Eviscerate","Flying Knee"],"picked":"Deadly Poison","floor":10},{"not_picked":["Prepared","Quick Slash","Slice"],"picked":"SKIP","floor":14},{"not_picked":["Grand Finale","Malaise"],"picked":"After Image","floor":16},{"not_picked":["Deflect","Deadly Poison"],"picked":"Footwork","floor":18}],"player_experience":889068,"relics_obtained":[{"floor":7,"key":"Mercury Hourglass"},{"floor":9,"key":"Orichalcum"},{"floor":10,"key":"Lantern"}],"event_choices":[{"damage_healed":22,"gold_gain":0,"player_choice":"Banana","damage_taken":0,"max_hp_gain":0,"max_hp_loss":0,"event_name":"Big Fish","floor":11,"gold_loss":0},{"damage_healed":0,"gold_gain":0,"player_choice":"Success","damage_taken":18,"relics_obtained":["Omamori"],"max_hp_gain":0,"max_hp_loss":0,"event_name":"Scrap Ooze","floor":12,"gold_loss":0},{"damage_healed":0,"gold_gain":0,"player_choice":"Fight","damage_taken":0,"max_hp_gain":0,"max_hp_loss":0,"event_name":"Colosseum","floor":19,"gold_loss":0},{"damage_healed":0,"gold_gain":0,"player_choice":"Fled From Nobs","damage_taken":0,"max_hp_gain":0,"max_hp_loss":0,"event_name":"Colosseum","floor":19,"gold_loss":0}],"is_beta":false,"boss_relics":[{"not_picked":["WristBlade","Fusion Hammer"],"picked":"Eternal Feather"}],"items_purged_floors":[5],"is_endless":false,"potions_floor_spawned":[1,4,16,18],"ascension_level":16}