{"gold_per_floor":[118,131,142,158,175,175,188,24,49,60,60,60,60,71,71,150,150,161,179,179,179,196,196,38,38,63,78,78,78,128,2,2,78,78,98,109,109,129,179,179,279,279,305,323,334,334,334,124,124,124],"floor_reached":51,"playtime":2334,"items_purged":["Strike_B","Writhe","Strike_B"],"score":1169,"play_id":"92690300-eb9e-4cf0-a94f-dd7765eec1fa","local_time":"20181226220354","is_ascension_mode":true,"campfire_choices":[{"data":"Defragment","floor":6,"key":"SMITH"},{"data":"Consume","floor":11,"key":"SMITH"},{"data":"Capacitor","floor":13,"key":"SMITH"},{"floor":15,"key":"REST"},{"data":"Hologram","floor":23,"key":"SMITH"},{"floor":25,"key":"REST"},{"floor":32,"key":"REST"},{"data":"Seek","floor":40,"key":"SMITH"},{"data":"Machine Learning","floor":42,"key":"SMITH"},{"data":"Coolheaded","floor":46,"key":"SMITH"},{"floor":49,"key":"REST"}],"neow_cost":"NONE","seed_source_timestamp":17813244290496,"circlet_count":0,"master_deck":["AscendersBane","Defend_B","Defend_B","Defend_B","Defend_B","Zap+1","Dualcast","Leap","Defragment+1","Coolheaded+1","Ball Lightning","Leap","Glacier","Capacitor+1","Consume+1","Ball Lightning","Electrodynamics","Hologram+1","Conserve Battery","Compile Driver","Glacier","Seek+1","Self Repair","Undo+1","Barrage","Machine Learning+1","Coolheaded+1","Dark Shackles"],"relics":["Cracked Core","Potion Belt","Strawberry","Velvet Choker","Bag of Preparation","Juzu Bracelet","Sozu","Unceasing Top","Smiling Mask","DataDisk"],"potions_floor_usage":[21,50,50,50],"damage_taken":[{"damage":0,"enemies":"Small Slimes","floor":1,"turns":2},{"damage":0,"enemies":"Cultist","floor":2,"turns":4},{"damage":7,"enemies":"Jaw Worm","floor":3,"turns":3},{"damage":7,"enemies":"2 Fungi Beasts","floor":4,"turns":4},{"damage":11,"enemies":"Large Slime","floor":5,"turns":4},{"damage":6,"enemies":"Looter","floor":7,"turns":4},{"damage":9,"enemies":"Red Slaver","floor":10,"turns":3},{"damage":9,"enemies":"Blue Slaver","floor":14,"turns":3},{"damage":12,"enemies":"Slime Boss","floor":16,"turns":5},{"damage":26,"enemies":"2 Thieves","floor":18,"turns":4},{"damage":13,"enemies":"Shell Parasite","floor":19,"turns":6},{"damage":7,"enemies":"Colosseum Slavers","floor":21,"turns":4},{"damage":0,"enemies":"Centurion and Healer","floor":22,"turns":6},{"damage":0,"enemies":"Snake Plant","floor":27,"turns":4},{"damage":33,"enemies":"Automaton","floor":33,"turns":11},{"damage":0,"enemies":"3 Shapes","floor":35,"turns":2},{"damage":32,"enemies":"3 Darklings","floor":36,"turns":4},{"damage":9,"enemies":"Jaw Worm Horde","floor":38,"turns":4},{"damage":2,"enemies":"Mind Bloom Boss Battle","floor":41,"turns":7},{"damage":0,"enemies":"4 Shapes","floor":44,"turns":5},{"damage":4,"enemies":"Maw","floor":45,"turns":7},{"damage":20,"enemies":"Awakened One","floor":50,"turns":19}],"seed_played":"-4391973431816416624","potions_obtained":[{"floor":5,"key":"PowerPotion"},{"floor":7,"key":"Dexterity Potion"},{"floor":10,"key":"LiquidBronze"},{"floor":18,"key":"Fire Potion"},{"floor":19,"key":"Strength Potion"},{"floor":27,"key":"GamblersBrew"},{"floor":33,"key":"Weak Potion"}],"is_trial":false,"path_per_floor":["M","M","M","M","M","R","M","$","T","M","R","?","R","M","R","B",null,"M","M","?","?","M","R","$","R","T","M","?","$","?","$","R","B",null,"M","M","?","M","?","R","?","R","T","M","M","R","?","$","R","B",null],"character_chosen":"DEFECT","items_purchased":["Capacitor","Consume","Self Repair","Barrage","DataDisk"],"campfire_rested":4,"item_purchase_floors":[8,8,24,31,48],"current_hp_per_floor":[64,64,57,50,39,39,33,33,33,24,24,31,31,22,45,33,67,41,28,28,21,21,21,21,44,44,51,51,51,44,44,67,41,69,69,44,44,42,42,42,47,47,47,54,57,57,57,57,74,61],"gold":124,"neow_bonus":"UPGRADE_CARD","is_prod":false,"is_daily":false,"chose_seed":false,"campfire_upgraded":7,"win_rate":0,"timestamp":1545872634,"path_taken":["M","M","M","M","M","R","M","$","T","M","R","?","R","M","R","BOSS","M","?","?","?","M","R","$","R","T","M","?","?","?","$","R","BOSS","M","M","?","M","?","R","?","R","T","M","M","R","?","?","R","BOSS"],"build_version":"2018-12-20","purchased_purges":3,"victory":true,"max_hp_per_floor":[71,71,71,71,71,71,71,71,71,71,71,78,78,78,78,78,78,78,78,78,78,78,78,78,78,78,78,78,78,78,78,78,78,78,78,78,74,74,74,74,74,74,74,74,74,74,74,74,74,74],"card_choices":[{"not_picked":["Turbo","Hello World"],"picked":"Leap","floor":1},{"not_picked":["Cold Snap","Go for the Eyes"],"picked":"Defragment","floor":2},{"not_picked":["Heatsinks","White Noise"],"picked":"Coolheaded","floor":3},{"not_picked":["Go for the Eyes","Buffer"],"picked":"Ball Lightning","floor":4},{"not_picked":["Reprogram","Go for the Eyes"],"picked":"Leap","floor":5},{"not_picked":["Reprogram","Cold Snap"],"picked":"Glacier","floor":7},{"not_picked":["Gash","FTL"],"picked":"Ball Lightning","floor":10},{"not_picked":["Blizzard","Beam Cell","Stack"],"picked":"SKIP","floor":14},{"not_picked":["Biased Cognition","Amplify"],"picked":"Electrodynamics","floor":16},{"not_picked":["Cold Snap","Static Discharge"],"picked":"Hologram","floor":18},{"not_picked":["Streamline","Hologram"],"picked":"Conserve Battery","floor":19},{"not_picked":["Lockon","Conserve Battery"],"picked":"Seek","floor":22},{"not_picked":["Turbo","Sweeping Beam"],"picked":"Undo+1","floor":27},{"not_picked":["Meteor Strike","Multi-Cast"],"picked":"Machine Learning","floor":33},{"not_picked":["Barrage","Blizzard"],"picked":"Coolheaded+1","floor":35},{"not_picked":["Compile Driver+1","Steam+1","Leap"],"picked":"SKIP","floor":36},{"not_picked":["Go for the Eyes","Ball Lightning","All For One"],"picked":"SKIP","floor":38},{"not_picked":["Steam","Cold Snap","Darkness"],"picked":"SKIP","floor":44},{"not_picked":["Leap","Redo","Conserve Battery+1"],"picked":"SKIP","floor":45},{"not_picked":["Forethought","The Bomb"],"picked":"Dark Shackles","floor":47}],"player_experience":642352,"relics_obtained":[{"floor":9,"key":"Potion Belt"},{"floor":26,"key":"Bag of Preparation"},{"floor":41,"key":"Unceasing Top"},{"floor":43,"key":"Smiling Mask"}],"event_choices":[{"damage_healed":0,"gold_gain":0,"player_choice":"Gave Potion","damage_taken":0,"relics_obtained":["Strawberry"],"max_hp_gain":0,"max_hp_loss":0,"event_name":"WeMeetAgain","floor":12,"gold_loss":0},{"damage_healed":0,"gold_gain":0,"cards_transformed":["Strike_B","Strike_B"],"player_choice":"Became Test Subject","damage_taken":0,"max_hp_gain":0,"max_hp_loss":0,"event_name":"Drug Dealer","floor":20,"gold_loss":0,"cards_obtained":["Compile Driver","Glacier"]},{"damage_healed":0,"gold_gain":0,"player_choice":"Fight","damage_taken":0,"max_hp_gain":0,"max_hp_loss":0,"event_name":"Colosseum","floor":21,"gold_loss":0},{"damage_healed":0,"gold_gain":0,"player_choice":"Fled From Nobs","damage_taken":0,"max_hp_gain":0,"max_hp_loss":0,"event_name":"Colosseum","floor":21,"gold_loss":0},{"damage_healed":0,"gold_gain":0,"player_choice":"Opened","damage_taken":0,"relics_obtained":["Juzu Bracelet"],"max_hp_gain":0,"max_hp_loss":0,"event_name":"The Mausoleum","floor":28,"gold_loss":0,"cards_obtained":["Writhe"]},{"damage_healed":0,"gold_gain":50,"player_choice":"Touch","damage_taken":7,"max_hp_gain":0,"max_hp_loss":0,"event_name":"FaceTrader","floor":30,"gold_loss":0},{"damage_healed":0,"gold_gain":0,"player_choice":"Max HP","damage_taken":0,"max_hp_gain":0,"max_hp_loss":4,"event_name":"Winding Halls","floor":37,"gold_loss":0},{"damage_healed":0,"gold_gain":50,"player_choice":"Pray","damage_taken":0,"max_hp_gain":0,"max_hp_loss":0,"event_name":"Golden Shrine","floor":39,"gold_loss":0},{"damage_healed":0,"gold_gain":0,"player_choice":"Fight","damage_taken":0,"max_hp_gain":0,"max_hp_loss":0,"event_name":"MindBloom","floor":41,"gold_loss":0},{"damage_healed":0,"gold_gain":0,"player_choice":"Memory 1","damage_taken":0,"max_hp_gain":0,"max_hp_loss":0,"event_name":"SensoryStone","floor":47,"gold_loss":0}],"is_beta":false,"boss_relics":[{"not_picked":["Calling Bell","FrozenCore"],"picked":"Velvet Choker"},{"not_picked":["Runic Pyramid","Eternal Feather"],"picked":"Sozu"}],"items_purged_floors":[24,31,48],"is_endless":false,"potions_floor_spawned":[5,7,10,18,19,27,33,38,41,44,45],"ascension_level":18}