{"gold_per_floor":[114,128,138,151,163,163,194,194,218,234,254,254,254,279,279,384,384,394,152,152,10,10,53,65,94,106,128,140],"floor_reached":28,"playtime":1385,"items_purged":[],"score":325,"play_id":"9c01ee37-3a16-461a-990e-55074cab6875","local_time":"20190409151726","is_ascension_mode":true,"campfire_choices":[{"data":"Coolheaded","floor":6,"key":"SMITH"},{"data":"Capacitor","floor":8,"key":"SMITH"},{"floor":12,"key":"REST"},{"floor":15,"key":"REST"},{"floor":24,"key":"REST"}],"neow_cost":"NONE","seed_source_timestamp":2325625259897866,"circlet_count":0,"master_deck":["Strike_B","Strike_B","Strike_B","Strike_B","Defend_B","Defend_B","Defend_B","Defend_B","Zap","Dualcast","Capacitor+1","Cold Snap","Steam","Coolheaded+1","Chill","Conserve Battery","Cold Snap","Cold Snap","Reinforced Body","Machine Learning","Go for the Eyes","Apotheosis","Static Discharge","Loop","BootSequence","Cold Snap"],"relics":["Cracked Core","Pen Nib","Potion Belt","Regal Pillow","Nuclear Battery","MawBank","Singing Bowl","Anchor"],"potions_floor_usage":[14,28],"damage_taken":[{"damage":2,"enemies":"Jaw Worm","floor":1,"turns":4},{"damage":7,"enemies":"2 Louse","floor":2,"turns":3},{"damage":0,"enemies":"Cultist","floor":3,"turns":3},{"damage":20,"enemies":"Large Slime","floor":4,"turns":6},{"damage":6,"enemies":"Blue Slaver","floor":5,"turns":3},{"damage":10,"enemies":"Lagavulin","floor":7,"turns":8},{"damage":3,"enemies":"Red Slaver","floor":10,"turns":6},{"damage":0,"enemies":"Lots of Slimes","floor":11,"turns":5},{"damage":17,"enemies":"Gremlin Nob","floor":14,"turns":6},{"damage":78,"enemies":"Slime Boss","floor":16,"turns":18},{"damage":1,"enemies":"Chosen","floor":18,"turns":6},{"damage":59,"enemies":"Slavers","floor":23,"turns":8},{"damage":9,"enemies":"Spheric Guardian","floor":25,"turns":5},{"damage":19,"enemies":"Snecko","floor":27,"turns":7},{"damage":38,"enemies":"Gremlin Leader","floor":28,"turns":4}],"seed_played":"186818868401062505","potions_obtained":[{"floor":1,"key":"Ancient Potion"},{"floor":3,"key":"Weak Potion"},{"floor":5,"key":"FearPotion"},{"floor":7,"key":"Block Potion"},{"floor":27,"key":"Strength Potion"}],"is_trial":false,"path_per_floor":["M","M","M","M","M","R","E","R","T","M","M","R","$","E","R","B",null,"M","$","?","$","?","E","R","M","T","M","E"],"character_chosen":"DEFECT","items_purchased":["Apotheosis","Static Discharge","Loop","BootSequence"],"campfire_rested":3,"item_purchase_floors":[19,19,21,21],"current_hp_per_floor":[80,73,73,53,47,47,37,37,37,34,34,58,58,41,80,2,82,81,81,81,81,81,24,64,55,55,38,0],"gold":140,"neow_bonus":"TEN_PERCENT_HP_BONUS","is_prod":false,"is_daily":false,"chose_seed":false,"campfire_upgraded":2,"win_rate":0,"timestamp":1554837446,"path_taken":["M","M","M","M","M","R","E","R","T","M","M","R","$","E","R","BOSS","M","$","?","$","?","E","R","?","T","M","E"],"build_version":"2019-01-23","purchased_purges":0,"victory":false,"max_hp_per_floor":[82,82,82,82,82,82,82,82,82,82,82,82,82,82,82,82,82,82,82,82,82,82,84,84,84,84,86,86],"card_choices":[{"not_picked":["Redo","Compile Driver"],"picked":"Capacitor","floor":1},{"not_picked":["Redo","Rip and Tear"],"picked":"Cold Snap","floor":2},{"not_picked":["Chaos","Streamline"],"picked":"Steam","floor":3},{"not_picked":["Steam","Stack"],"picked":"Coolheaded","floor":4},{"not_picked":["Turbo","Buffer"],"picked":"Chill","floor":5},{"not_picked":["Aggregate","Barrage"],"picked":"Conserve Battery","floor":7},{"not_picked":["Force Field","Barrage"],"picked":"Cold Snap","floor":10},{"not_picked":["Rip and Tear","Streamline"],"picked":"Cold Snap","floor":11},{"not_picked":["Hyperbeam","Conserve Battery"],"picked":"Reinforced Body","floor":14},{"not_picked":["Rainbow","Seek"],"picked":"Machine Learning","floor":16},{"not_picked":["Storm","Leap+1"],"picked":"Go for the Eyes","floor":18},{"not_picked":["Darkness","Sweeping Beam","Tempest"],"picked":"Singing Bowl","floor":23},{"not_picked":["Barrage","Beam Cell"],"picked":"Cold Snap","floor":25},{"not_picked":["Melter","Turbo","Steam"],"picked":"Singing Bowl","floor":27}],"player_experience":453184,"relics_obtained":[{"floor":7,"key":"Pen Nib"},{"floor":9,"key":"Potion Belt"},{"floor":14,"key":"Regal Pillow"},{"floor":23,"key":"Singing Bowl"},{"floor":26,"key":"Anchor"}],"event_choices":[{"damage_healed":0,"gold_gain":0,"player_choice":"Ignored","damage_taken":0,"max_hp_gain":0,"max_hp_loss":0,"event_name":"Beggar","floor":20,"gold_loss":0},{"damage_healed":0,"gold_gain":0,"player_choice":"Gave Potion","damage_taken":0,"relics_obtained":["MawBank"],"max_hp_gain":0,"max_hp_loss":0,"event_name":"WeMeetAgain","floor":22,"gold_loss":0}],"is_beta":false,"boss_relics":[{"not_picked":["Fusion Hammer","Pandora\u0027s Box"],"picked":"Nuclear Battery"}],"items_purged_floors":[],"is_endless":false,"potions_floor_spawned":[1,3,5,7,27],"killed_by":"Gremlin Leader","ascension_level":4}