{"path_per_floor":["M","?","M","M","?","R","?","R","T","M","R","?","E","?","R","B",null,"M","$","M","M","M","E","R","?","T","R","?","M","M","$","R","B",null,"M","?","M","$","M","R"],"character_chosen":"THE_SILENT","items_purchased":["Frozen Egg 2","Anchor","Bronze Scales"],"gold_per_floor":[117,67,81,100,100,100,100,100,100,113,113,113,152,152,152,275,275,299,41,56,77,96,140,140,140,140,140,140,155,174,31,31,155,155,180,180,205,56,77,77],"floor_reached":41,"campfire_rested":4,"playtime":1472,"current_hp_per_floor":[68,68,66,64,69,69,69,69,69,52,52,37,24,24,46,30,75,63,63,50,37,13,3,25,25,25,47,31,21,8,8,30,8,75,75,75,66,66,54,54],"items_purged":[],"gold":77,"score":361,"play_id":"d827d42b-e697-4dde-922f-13c08d585d29","is_prod":false,"is_daily":false,"is_ascension_mode":false,"campfire_upgraded":2,"path_taken":["M","?","M","?","?","R","?","R","T","?","R","?","E","?","R","BOSS","M","$","M","M","M","E","R","?","T","R","?","?","M","?","R","BOSS","M","?","?","$","M","R","E"],"build_version":"2018-02-08-PROD1","purchased_purges":0,"victory":false,"master_deck":["Defend_G","Defend_G","Defend_G","Defend_G","Defend_G","Strike_G","Strike_G","Strike_G+1","Strike_G","Strike_G","Survivor","Neutralize","Noxious Fumes+1","Flying Knee","Bouncing Flask+1","Injury","Flying Knee+1","Skewer","A Thousand Cuts","Outmaneuver+1","Endless Agony+1","Dash+1","Caltrops+1","Sucker Punch+1","Necronomicurse","Infinite Blades+1","Dagger Spray+1","Adrenaline","Dash+1","Infinite Blades+1","Prepared+1"],"max_hp_per_floor":[70,70,70,70,75,75,75,75,75,75,75,75,75,75,75,75,75,75,75,75,75,75,75,75,75,75,75,75,75,75,75,75,75,75,75,75,75,75,75,75],"relics":["Ring of the Snake","Du-Vu Doll","Golden Idol","Girya","Ice Cream","Lizard Tail","Frozen Egg 2","Bag of Marbles","Mercury Hourglass","Necronomicon","Anchor","The Specimen","Bronze Scales"],"card_choices":[{"not_picked":["Deflect","Bane"],"picked":"Noxious Fumes"},{"not_picked":["Slice","Flechettes"],"picked":"Flying Knee"},{"not_picked":["Quick Slash","Dagger Spray"],"picked":"Bouncing Flask"},{"not_picked":["Poisoned Stab","Deadly Poison"],"picked":"Flying Knee"},{"not_picked":["Finisher","Flechettes"],"picked":"Skewer"},{"not_picked":["Wraith Form","Storm of Steel"],"picked":"A Thousand Cuts"},{"not_picked":["Prepared","Flying Knee"],"picked":"Outmaneuver"},{"not_picked":["Calculated Gamble","Predator"],"picked":"Endless Agony"},{"not_picked":["Finisher","Quick Slash"],"picked":"Dash"},{"not_picked":["Blur","Slice"],"picked":"Caltrops"},{"not_picked":["Unload","Calculated Gamble"],"picked":"Sucker Punch"},{"not_picked":["Underhanded Strike","Blade Dance"],"picked":"Infinite Blades"},{"not_picked":["Eviscerate","Bane"],"picked":"Dagger Spray"},{"not_picked":["Tactician","Wraith Form"],"picked":"Adrenaline"},{"not_picked":["Backflip","Caltrops"],"picked":"Dash"},{"not_picked":["Deflect","Bouncing Flask"],"picked":"Infinite Blades"},{"not_picked":["Bouncing Flask","Eviscerate"],"picked":"Prepared"}],"player_experience":38793,"potions_floor_usage":[13,18,23,23,33,41],"damage_taken":[{"damage":2,"enemies":"Cultist","floor":1,"turns":4},{"damage":2,"enemies":"Jaw Worm","floor":3,"turns":4},{"damage":2,"enemies":"Blue Slaver","floor":4,"turns":5},{"damage":17,"enemies":"Lots of Slimes","floor":10,"turns":4},{"damage":13,"enemies":"Lagavulin","floor":13,"turns":4},{"damage":16,"enemies":"Hexaghost","floor":16,"turns":7},{"damage":12,"enemies":"Shell Parasite","floor":18,"turns":4},{"damage":13,"enemies":"Spheric Guardian","floor":20,"turns":4},{"damage":13,"enemies":"Snecko","floor":21,"turns":5},{"damage":24,"enemies":"Cultist and Chosen","floor":22,"turns":6},{"damage":56,"enemies":"Slavers","floor":23,"turns":5},{"damage":10,"enemies":"Slaver and Parasite","floor":29,"turns":4},{"damage":13,"enemies":"3 Cultists","floor":30,"turns":4},{"damage":22,"enemies":"Collector","floor":33,"turns":7},{"damage":0,"enemies":"Orb Walker","floor":35,"turns":2},{"damage":9,"enemies":"3 Shapes","floor":37,"turns":2},{"damage":12,"enemies":"Sphere and 2 Shapes","floor":39,"turns":4},{"damage":63,"enemies":"Nemesis","floor":41,"turns":6}],"event_choices":[{"event_name":"The Cleric","player_choice":"Card Removal","floor":2,"damage_taken":0},{"event_name":"Big Fish","player_choice":"Donut","floor":5,"damage_taken":0},{"event_name":"Golden Idol","player_choice":"Take Wound","floor":7,"damage_taken":0},{"event_name":"Shining Light","player_choice":"Entered Light","floor":12,"damage_taken":0},{"event_name":"Purifier","player_choice":"Skipped","floor":14,"damage_taken":0},{"event_name":"Upgrade Shrine","player_choice":"Upgraded","floor":25,"damage_taken":0},{"event_name":"Cursed Tome","player_choice":"Obtained Book","floor":28,"damage_taken":0},{"event_name":"Purifier","player_choice":"Skipped","floor":36,"damage_taken":0}],"boss_relics":[{"not_picked":["Orrery","Runic Dome"],"picked":"Lizard Tail"},{"not_picked":["Eternal Feather","Cursed Key"],"picked":"The Specimen"}],"potions_floor_spawned":[1,16,20,22,29,33,35],"seed_played":"-8550125061640404241","killed_by":"Nemesis","ascension_level":0,"is_trial":false}