{"gold_per_floor":[118,128,138,138,158,158,177,177,177,193,46,46,46,57,57,158,158,177,189,208,33,52,52,71,71,71,86,86,96,107,123,123,228,228,246,246,95,105,119,119,119,152,202,222,222,222,252,271,271,271],"floor_reached":51,"playtime":2877,"items_purged":["Strike_G","Strike_G"],"score":1012,"play_id":"762dfba1-e471-4fcd-9eb5-fac57442be46","local_time":"20181105030936","is_ascension_mode":true,"campfire_choices":[{"data":"Dagger Spray","floor":6,"key":"SMITH"},{"data":"Deadly Poison","floor":8,"key":"SMITH"},{"data":"Catalyst","floor":13,"key":"SMITH"},{"data":"Deadly Poison","floor":15,"key":"SMITH"},{"floor":23,"key":"REST"},{"floor":25,"key":"REST"},{"floor":28,"key":"REST"},{"floor":32,"key":"REST"},{"floor":41,"key":"REST"},{"floor":45,"key":"REST"},{"floor":49,"key":"REST"}],"neow_cost":"NONE","seed_source_timestamp":41207059441962,"circlet_count":0,"master_deck":["Defend_G","Defend_G","Defend_G","Defend_G","Strike_G+1","Survivor","Neutralize+1","Dagger Spray+1","Bane","Deadly Poison+1","Deadly Poison+1","Cloak And Dagger","Dodge and Roll","Calculated Gamble","Catalyst+1","Backflip","Deadly Poison","Corpse Explosion","Blur","Bouncing Flask","Deflect+1","Catalyst+1","Crippling Poison+1","Deflect+1","Outmaneuver","Catalyst+1","Escape Plan+1","Adrenaline","Prepared+1","Footwork","Dodge and Roll+1","Escape Plan+1","Deadly Poison+1","Footwork+1","Prepared+1","Catalyst+1"],"relics":["Ring of the Serpent","Question Card","Prayer Wheel","Torii","Singing Bowl","Empty Cage","Lantern","Bag of Marbles","Potion Belt","Whetstone"],"potions_floor_usage":[33,50,50,50,50,50],"damage_taken":[{"damage":0,"enemies":"2 Louse","floor":1,"turns":3},{"damage":0,"enemies":"Small Slimes","floor":2,"turns":2},{"damage":1,"enemies":"Cultist","floor":3,"turns":3},{"damage":8,"enemies":"Exordium Wildlife","floor":5,"turns":5},{"damage":0,"enemies":"2 Fungi Beasts","floor":7,"turns":2},{"damage":0,"enemies":"Red Slaver","floor":10,"turns":3},{"damage":2,"enemies":"Gremlin Gang","floor":14,"turns":4},{"damage":2,"enemies":"The Guardian","floor":16,"turns":6},{"damage":13,"enemies":"Spheric Guardian","floor":18,"turns":4},{"damage":10,"enemies":"Chosen","floor":19,"turns":5},{"damage":18,"enemies":"Shelled Parasite and Fungi","floor":20,"turns":7},{"damage":19,"enemies":"Cultist and Chosen","floor":22,"turns":6},{"damage":20,"enemies":"Centurion and Healer","floor":24,"turns":4},{"damage":26,"enemies":"Sentry and Sphere","floor":27,"turns":6},{"damage":1,"enemies":"Snecko","floor":29,"turns":3},{"damage":0,"enemies":"Chosen and Byrds","floor":30,"turns":4},{"damage":7,"enemies":"Snake Plant","floor":31,"turns":3},{"damage":22,"enemies":"Collector","floor":33,"turns":3},{"damage":11,"enemies":"3 Darklings","floor":35,"turns":2},{"damage":7,"enemies":"3 Shapes","floor":38,"turns":2},{"damage":0,"enemies":"Maw","floor":39,"turns":4},{"damage":6,"enemies":"Giant Head","floor":42,"turns":3},{"damage":18,"enemies":"Jaw Worm Horde","floor":44,"turns":4},{"damage":15,"enemies":"Nemesis","floor":47,"turns":3},{"damage":11,"enemies":"Sphere and 2 Shapes","floor":48,"turns":5},{"damage":17,"enemies":"Time Eater","floor":50,"turns":3}],"seed_played":"-7054686098947976428","potions_obtained":[{"floor":1,"key":"FearPotion"},{"floor":3,"key":"Explosive Potion"},{"floor":7,"key":"FairyPotion"},{"floor":20,"key":"SkillPotion"},{"floor":27,"key":"Weak Potion"},{"floor":33,"key":"AttackPotion"},{"floor":47,"key":"SmokeBomb"},{"floor":48,"key":"EntropicBrew"}],"is_trial":false,"path_per_floor":["M","M","M","?","M","R","M","R","T","M","$","?","R","M","R","B",null,"M","M","M","$","M","R","M","R","T","M","R","M","M","M","R","B",null,"M","?","$","M","M","$","R","E","T","M","R","?","E","M","R","B",null],"character_chosen":"THE_SILENT","items_purchased":["Catalyst","Catalyst","Lantern"],"campfire_rested":7,"item_purchase_floors":[11,21,37],"current_hp_per_floor":[63,63,62,59,51,51,51,51,51,51,51,51,51,49,49,47,64,51,41,23,23,4,25,5,26,26,11,33,34,38,33,57,35,70,59,59,59,54,54,54,79,75,75,59,85,85,70,61,88,71],"gold":271,"neow_bonus":"REMOVE_CARD","is_prod":false,"is_daily":false,"chose_seed":false,"campfire_upgraded":4,"win_rate":0,"timestamp":1541398176,"path_taken":["M","M","M","?","M","R","M","R","T","M","$","?","R","M","R","BOSS","M","M","M","$","M","R","M","R","T","M","R","M","M","?","R","BOSS","M","?","$","M","M","$","R","E","T","M","R","?","E","M","R","BOSS"],"build_version":"2018-11-01","purchased_purges":2,"victory":true,"max_hp_per_floor":[70,70,70,70,70,70,70,70,70,70,70,70,70,70,70,70,70,70,70,70,70,70,70,70,70,70,74,74,76,80,82,82,82,82,82,82,82,84,84,84,84,86,86,88,88,88,88,90,90,90],"card_choices":[{"not_picked":["Crippling Poison","Deflect"],"picked":"Dagger Spray","floor":1},{"not_picked":["Prepared","Dodge and Roll"],"picked":"Bane","floor":2},{"not_picked":["Underhanded Strike","Sucker Punch"],"picked":"Deadly Poison","floor":3},{"not_picked":["Reflex","Prepared","Acrobatics"],"picked":"Deadly Poison","floor":5},{"not_picked":["Underhanded Strike","Poisoned Stab","Tools of the Trade"],"picked":"Cloak And Dagger","floor":7},{"not_picked":["Infinite Blades","Deadly Poison","Prepared"],"picked":"Dodge and Roll","floor":10},{"not_picked":["Setup","Sucker Punch","Dodge and Roll"],"picked":"Calculated Gamble","floor":10},{"not_picked":["Eviscerate","Dagger Throw","Distraction"],"picked":"Backflip","floor":14},{"not_picked":["Predator","Sucker Punch","Expertise"],"picked":"Deadly Poison","floor":14},{"not_picked":["Doppelganger","After Image","Venomology"],"picked":"Corpse Explosion","floor":16},{"not_picked":["Caltrops","Terror","Expertise"],"picked":"Blur","floor":18},{"not_picked":["Outmaneuver","Deadly Poison","Slice"],"picked":"Bouncing Flask","floor":18},{"not_picked":["Noxious Fumes","Cloak And Dagger","Flying Knee","Finisher"],"picked":"SKIP","floor":19},{"not_picked":["Choke","Malaise","Bane","Dagger Throw"],"picked":"SKIP","floor":19},{"not_picked":["Choke","Bane+1","Reflex"],"picked":"Deflect+1","floor":20},{"not_picked":["Cloak And Dagger+1","Accuracy","Expertise","Slice+1"],"picked":"SKIP","floor":20},{"not_picked":["Poisoned Stab","Eviscerate","Tactician+1"],"picked":"Crippling Poison+1","floor":22},{"not_picked":["Cloak And Dagger+1","Skewer","Backstab","Sucker Punch"],"picked":"SKIP","floor":22},{"not_picked":["Backflip","Calculated Gamble+1","Endless Agony"],"picked":"Deflect+1","floor":24},{"not_picked":["PiercingWail+1","Outmaneuver","Deflect","Quick Slash+1"],"picked":"SKIP","floor":24},{"not_picked":["PiercingWail+1","Outmaneuver","Deflect","Quick Slash+1"],"picked":"SKIP","floor":24},{"not_picked":["PiercingWail+1","Deflect","Quick Slash+1"],"picked":"Outmaneuver","floor":24},{"not_picked":["All Out Attack","Masterful Stab+1","Infinite Blades","Distraction"],"picked":"Singing Bowl","floor":27},{"not_picked":["Heel Hook+1","Eviscerate","Bane","Flying Knee+1"],"picked":"Singing Bowl","floor":27},{"not_picked":["Blade Dance","Eviscerate","Bane+1"],"picked":"Catalyst+1","floor":29},{"not_picked":["Accuracy","Poisoned Stab","Storm of Steel","Cloak And Dagger"],"picked":"Singing Bowl","floor":29},{"not_picked":["Expertise","Blade Dance","Choke","Flying Knee+1"],"picked":"Singing Bowl","floor":30},{"not_picked":["Flying Knee+1","Acrobatics","Sucker Punch+1","Riddle With Holes"],"picked":"Singing Bowl","floor":30},{"not_picked":["Deadly Poison","Deflect","PiercingWail+1"],"picked":"Escape Plan+1","floor":31},{"not_picked":["Setup+1","Endless Agony","Tools of the Trade","Backflip"],"picked":"Singing Bowl","floor":31},{"not_picked":["Burst","Corpse Explosion","Die Die Die"],"picked":"Adrenaline","floor":33},{"not_picked":["Dagger Throw","Tactician+1","Slice"],"picked":"Prepared+1","floor":35},{"not_picked":["PiercingWail","Dagger Spray","Bullet Time"],"picked":"Footwork","floor":35},{"not_picked":["Crippling Poison+1","Dagger Throw","Noxious Fumes+1"],"picked":"Dodge and Roll+1","floor":38},{"not_picked":["Distraction+1","Dagger Throw+1","PiercingWail","Poisoned Stab+1"],"picked":"Singing Bowl","floor":38},{"not_picked":["Eviscerate","Underhanded Strike+1","Prepared+1"],"picked":"Escape Plan+1","floor":39},{"not_picked":["Blade Dance+1","Poisoned Stab","Envenom"],"picked":"Deadly Poison+1","floor":39},{"not_picked":["Acrobatics","Dodge and Roll","Slice","Reflex+1"],"picked":"Singing Bowl","floor":42},{"not_picked":["Flying Knee+1","Distraction+1","Dodge and Roll","Endless Agony"],"picked":"Singing Bowl","floor":44},{"not_picked":["Slice","Accuracy","Cloak And Dagger"],"picked":"Footwork+1","floor":44},{"not_picked":["Blur+1","Sucker Punch+1","Blade Dance+1"],"picked":"Prepared+1","floor":47},{"not_picked":["Dagger Throw","Crippling Poison","Expertise","Glass Knife"],"picked":"Singing Bowl","floor":48},{"not_picked":["Crippling Poison+1","All Out Attack+1","Noxious Fumes"],"picked":"Catalyst+1","floor":48}],"player_experience":283761,"relics_obtained":[{"floor":9,"key":"Prayer Wheel"},{"floor":26,"key":"Singing Bowl"},{"floor":42,"key":"Bag of Marbles"},{"floor":43,"key":"Potion Belt"},{"floor":47,"key":"Whetstone"}],"event_choices":[{"damage_healed":0,"gold_gain":0,"player_choice":"Success","damage_taken":3,"relics_obtained":["Question Card"],"max_hp_gain":0,"max_hp_loss":0,"event_name":"Scrap Ooze","floor":4,"gold_loss":0},{"damage_healed":0,"gold_gain":0,"player_choice":"Gave Potion","damage_taken":0,"relics_obtained":["Torii"],"max_hp_gain":0,"max_hp_loss":0,"event_name":"WeMeetAgain","floor":12,"gold_loss":0},{"damage_healed":0,"gold_gain":0,"player_choice":"Ignored","damage_taken":0,"max_hp_gain":0,"max_hp_loss":0,"event_name":"Tomb of Lord Red Mask","floor":36,"gold_loss":0},{"damage_healed":0,"gold_gain":0,"player_choice":"Upgraded","damage_taken":0,"max_hp_gain":0,"max_hp_loss":0,"event_name":"Upgrade Shrine","floor":46,"gold_loss":0,"cards_upgraded":["Catalyst"]}],"is_beta":false,"boss_relics":[{"not_picked":["HoveringKite","Lizard Tail"],"picked":"Ring of the Serpent"},{"not_picked":["Calling Bell","Black Star"],"picked":"Empty Cage"}],"items_purged_floors":[11,21],"is_endless":false,"potions_floor_spawned":[1,3,7,20,27,30,33,42,44,47,48],"ascension_level":6}