{"gold_per_floor":[114,127,127,127,127,154,167,167,167,181,181,204,52,86,86,181,181,194,206,306,306,68,68,68,98,124,134,59,59,59,259,259,259],"floor_reached":33,"playtime":1236,"items_purged":["Decay"],"score":323,"play_id":"034cb579-a8fd-4420-add5-4aab031a7cc0","local_time":"20190412183906","is_ascension_mode":true,"campfire_choices":[{"floor":8.0,"key":"REST"},{"floor":11.0,"key":"REST"},{"floor":15.0,"key":"REST"},{"floor":23.0,"key":"REST"},{"floor":24.0,"key":"REST"},{"floor":30,"key":"REST"},{"floor":32,"key":"REST"}],"neow_cost":"NONE","seed_source_timestamp":0,"circlet_count":0,"master_deck":["Strike_B","Strike_B","Strike_B","Strike_B","Defend_B","Defend_B","Defend_B","Defend_B","Zap+1","Dualcast","Capacitor","Hello World","Leap","Gash","Go for the Eyes","Go for the Eyes","Chill","Core Surge","Conserve Battery","Go for the Eyes","Tempest"],"special_seed":0,"relics":["Cracked Core","Ancient Tea Set","Mummified Hand","Art of War","Odd Mushroom","Bronze Scales","Potion Belt","Cursed Key","WingedGreaves","Pantograph","Question Card","Orichalcum","Juzu Bracelet"],"potions_floor_usage":[27,27],"damage_taken":[{"damage":0.0,"enemies":"Small Slimes","floor":1.0,"turns":3.0},{"damage":13.0,"enemies":"Jaw Worm","floor":2.0,"turns":4.0},{"damage":35.0,"enemies":"3 Sentries","floor":6.0,"turns":7.0},{"damage":3.0,"enemies":"2 Louse","floor":7.0,"turns":2.0},{"damage":14.0,"enemies":"Red Slaver","floor":10.0,"turns":2.0},{"damage":32.0,"enemies":"The Mushroom Lair","floor":12.0,"turns":5.0},{"damage":6.0,"enemies":"Gremlin Nob","floor":14.0,"turns":4.0},{"damage":40.0,"enemies":"The Guardian","floor":16.0,"turns":13.0},{"damage":10.0,"enemies":"Spheric Guardian","floor":18.0,"turns":4.0},{"damage":5.0,"enemies":"Chosen","floor":19.0,"turns":4.0},{"damage":26.0,"enemies":"Colosseum Slavers","floor":20.0,"turns":4.0},{"damage":13.0,"enemies":"Colosseum Nobs","floor":20.0,"turns":6.0},{"damage":38.0,"enemies":"Book of Stabbing","floor":25.0,"turns":7.0},{"damage":21,"enemies":"Snake Plant","floor":27,"turns":5},{"damage":81,"enemies":"Collector","floor":33,"turns":11}],"seed_played":"9207780625366715015","potions_obtained":[{"floor":1.0,"key":"FearPotion"},{"floor":5.0,"key":"FocusPotion"},{"floor":5.0,"key":"Block Potion"},{"floor":6.0,"key":"Block Potion"},{"floor":10.0,"key":"Fire Potion"},{"floor":14.0,"key":"Regen Potion"},{"floor":19.0,"key":"FearPotion"},{"floor":20.0,"key":"SpeedPotion"},{"floor":25,"key":"SkillPotion"}],"is_trial":false,"path_per_floor":["M","M","?","?","?","E","M","R","T","M","R","?","$","E","R","B",null,"M","M","?","?","$","R","R","E","T","M","$","?","R","?","R","B"],"character_chosen":"DEFECT","items_purchased":["Bronze Scales","Question Card"],"campfire_rested":7,"item_purchase_floors":[13,22],"current_hp_per_floor":[75,62,62,62,62,27,24,46,46,32,54,22,22,16,38,13,75,65,60,21,21,21,43,65,27,27,6,6,6,28,28,50,0],"gold":259,"neow_bonus":"RANDOM_COMMON_RELIC","is_prod":false,"is_daily":false,"chose_seed":false,"campfire_upgraded":0,"win_rate":0,"timestamp":1555108746,"path_taken":["M","M","?","?","?","E","?","R","T","M","R","?","$","E","R","BOSS","M","M","?","?","$","R","R","E","T","M","$","?","R","?","R","BOSS"],"build_version":"2019-01-23","purchased_purges":1,"victory":false,"max_hp_per_floor":[75,75,75,75,75,75,75,75,75,75,75,75,75,75,75,75,75,75,75,75,75,75,75,75,75,75,75,75,75,75,75,75,75],"card_choices":[{"not_picked":["Lockon","Static Discharge"],"picked":"Capacitor","floor":1.0},{"not_picked":["Redo","Aggregate"],"picked":"Hello World","floor":2.0},{"not_picked":["Tempest","Beam Cell"],"picked":"Leap","floor":6.0},{"not_picked":["Genetic Algorithm","Streamline"],"picked":"Gash","floor":7.0},{"not_picked":["Steam","Leap"],"picked":"Go for the Eyes","floor":10.0},{"not_picked":["Lockon","Barrage"],"picked":"Go for the Eyes","floor":12.0},{"not_picked":["Conserve Battery","Compile Driver"],"picked":"Chill","floor":14.0},{"not_picked":["Thunder Strike","Rainbow"],"picked":"Core Surge","floor":16.0},{"not_picked":["Reprogram+1","Steam+1","Turbo"],"picked":"SKIP","floor":18.0},{"not_picked":["Hologram","Aggregate","Redo+1"],"picked":"SKIP","floor":19.0},{"not_picked":["Steam","Blizzard"],"picked":"Conserve Battery","floor":20.0},{"not_picked":["Beam Cell","Lockon+1","Aggregate"],"picked":"Go for the Eyes","floor":25},{"not_picked":["Rebound","Redo","Streamline"],"picked":"Tempest","floor":27}],"player_experience":457211,"relics_obtained":[{"floor":6.0,"key":"Mummified Hand"},{"floor":9.0,"key":"Art of War"},{"floor":12.0,"key":"Odd Mushroom"},{"floor":14.0,"key":"Potion Belt"},{"floor":20.0,"key":"WingedGreaves"},{"floor":20.0,"key":"Pantograph"},{"floor":25,"key":"Orichalcum"},{"floor":26,"key":"Juzu Bracelet"}],"event_choices":[{"damage_healed":0.0,"max_hp_gain":0.0,"max_hp_loss":0.0,"gold_gain":0.0,"event_name":"The Cleric","player_choice":"Leave","floor":3.0,"gold_loss":0.0,"damage_taken":0.0},{"damage_healed":0.0,"max_hp_gain":0.0,"max_hp_loss":0.0,"gold_gain":0.0,"event_name":"Living Wall","player_choice":"Grow","floor":4.0,"gold_loss":0.0,"damage_taken":0.0,"cards_upgraded":["Zap"]},{"damage_healed":0.0,"max_hp_gain":0.0,"max_hp_loss":0.0,"gold_gain":0.0,"event_name":"Lab","player_choice":"Got Potions","floor":5.0,"gold_loss":0.0,"damage_taken":0.0},{"damage_healed":0.0,"max_hp_gain":0.0,"max_hp_loss":0.0,"gold_gain":0.0,"event_name":"Mushrooms","player_choice":"Fought Mushrooms","floor":12.0,"gold_loss":0.0,"damage_taken":0.0},{"damage_healed":0.0,"max_hp_gain":0.0,"max_hp_loss":0.0,"gold_gain":0.0,"event_name":"Colosseum","player_choice":"Fight","floor":20.0,"gold_loss":0.0,"damage_taken":0.0},{"damage_healed":0.0,"max_hp_gain":0.0,"max_hp_loss":0.0,"gold_gain":0.0,"event_name":"Colosseum","player_choice":"Fought Nobs","floor":20.0,"gold_loss":0.0,"damage_taken":0.0},{"damage_healed":0.0,"max_hp_gain":0.0,"max_hp_loss":0.0,"gold_gain":0.0,"event_name":"Ghosts","player_choice":"Ignored","floor":21.0,"gold_loss":0.0,"damage_taken":0.0},{"damage_healed":0,"gold_gain":0,"player_choice":"Ignored","damage_taken":0,"max_hp_gain":0,"max_hp_loss":0,"event_name":"Beggar","floor":29,"gold_loss":0},{"damage_healed":0,"gold_gain":200,"player_choice":"Gold","damage_taken":0,"max_hp_gain":0,"max_hp_loss":0,"event_name":"Wheel of Change","floor":31,"gold_loss":0}],"is_beta":false,"boss_relics":[{"not_picked":["Orrery","Coffee Dripper"],"picked":"Cursed Key"}],"items_purged_floors":[28],"is_endless":false,"potions_floor_spawned":[1,6,10,14,19,20,25],"killed_by":"Collector","ascension_level":4}