{"gold_per_floor":[115,115,132,132,146,146,165,192,216,226,226,237,44,55,55,151,151,167,177,177,195,195,195,226,238,250,262,294,306,238,272,272,272],"floor_reached":33,"playtime":1984,"items_purged":[],"score":301,"play_id":"556a5b59-0a85-48f2-96fd-a82bc2b1979e","local_time":"20181004203442","is_ascension_mode":true,"campfire_choices":[{"data":"Zap","floor":6,"key":"SMITH"},{"data":"Redo","floor":15,"key":"SMITH"},{"data":"Darkness","floor":23,"key":"SMITH"},{"floor":27,"key":"REST"},{"data":"Darkness","floor":32,"key":"SMITH"}],"neow_cost":"NONE","seed_source_timestamp":10158496666617,"circlet_count":0,"master_deck":["Strike_B","Strike_B","Strike_B","Strike_B","Defend_B","Defend_B","Defend_B","Defend_B","Zap+1","Dualcast","Hologram+1","Ball Lightning","Go for the Eyes","Doom and Gloom","Streamline","Creative AI+1","Redo+1","Master of Strategy","All For One","Steam+1","Coolheaded","Darkness+1","Darkness+1","Steam Power+1","Capacitor","Beam Cell"],"relics":["FrozenCore","Anchor","Lantern","Oddly Smooth Stone","MawBank","Boot","Mummified Hand","Bottled Lightning"],"potions_floor_usage":[24,33],"damage_taken":[{"damage":0,"enemies":"Small Slimes","floor":1,"turns":3},{"damage":0,"enemies":"Jaw Worm","floor":3,"turns":3},{"damage":1,"enemies":"Cultist","floor":5,"turns":3},{"damage":1,"enemies":"Exordium Thugs","floor":7,"turns":5},{"damage":13,"enemies":"3 Sentries","floor":8,"turns":3},{"damage":0,"enemies":"2 Fungi Beasts","floor":10,"turns":2},{"damage":0,"enemies":"Lots of Slimes","floor":12,"turns":2},{"damage":0,"enemies":"Exordium Wildlife","floor":14,"turns":2},{"damage":15,"enemies":"Slime Boss","floor":16,"turns":7},{"damage":0,"enemies":"Chosen","floor":18,"turns":4},{"damage":2,"enemies":"Spheric Guardian","floor":19,"turns":6},{"damage":4,"enemies":"Centurion and Healer","floor":21,"turns":6},{"damage":22,"enemies":"Book of Stabbing","floor":24,"turns":7},{"damage":13,"enemies":"Snake Plant","floor":28,"turns":4},{"damage":12,"enemies":"Gremlin Leader","floor":31,"turns":7},{"damage":64,"enemies":"Automaton","floor":33,"turns":6}],"seed_played":"-7500919949147043488","potions_obtained":[{"floor":3,"key":"SpeedPotion"},{"floor":5,"key":"Block Potion"},{"floor":10,"key":"Ancient Potion"},{"floor":19,"key":"SteroidPotion"},{"floor":24,"key":"LiquidBronze"}],"is_trial":false,"path_per_floor":["M","?","M","$","M","R","M","E","T","M","?","M","$","M","R","B",null,"M","M","?","M","$","R","E","?","T","R","M","?","$","E","R"],"character_chosen":"DEFECT","items_purchased":["Master of Strategy","Capacitor"],"campfire_rested":1,"item_purchase_floors":[13,30],"current_hp_per_floor":[75,75,75,75,74,74,73,60,60,60,60,60,60,60,60,45,75,75,73,59,55,55,55,33,33,33,57,44,70,70,58,58,0],"gold":272,"neow_bonus":"RANDOM_COMMON_RELIC","is_prod":false,"is_daily":false,"chose_seed":false,"campfire_upgraded":4,"win_rate":0,"timestamp":1538696082,"path_taken":["M","?","M","$","M","R","M","E","T","M","?","M","$","M","R","BOSS","M","M","?","M","$","R","E","?","T","R","M","?","$","E","R","BOSS"],"build_version":"2018-09-27","purchased_purges":0,"victory":false,"max_hp_per_floor":[75,75,75,75,75,75,75,75,75,75,75,75,75,75,75,75,75,75,75,80,80,80,80,80,80,80,80,80,80,80,80,80,80],"card_choices":[{"not_picked":["Blizzard","Stack"],"picked":"Hologram","floor":1},{"not_picked":["Coolheaded","Self Repair"],"picked":"Ball Lightning","floor":3},{"not_picked":["Steam Power","Ball Lightning"],"picked":"Go for the Eyes","floor":5},{"not_picked":["Lockon","Blizzard"],"picked":"Doom and Gloom","floor":7},{"not_picked":["Hologram","Stack"],"picked":"Streamline","floor":8},{"not_picked":["Stack","Gash"],"picked":"Creative AI","floor":10},{"not_picked":["Conserve Battery","Darkness"],"picked":"Redo","floor":12},{"not_picked":["Hello World","Go for the Eyes","Rebound"],"picked":"SKIP","floor":14},{"not_picked":["Biased Cognition","Thunder Strike"],"picked":"All For One","floor":16},{"not_picked":["Sweeping Beam","Coolheaded+1"],"picked":"Steam+1","floor":18},{"not_picked":["Stack","Hologram"],"picked":"Coolheaded","floor":19},{"not_picked":["Turbo","Coolheaded"],"picked":"Darkness","floor":21},{"not_picked":["Thunder Strike","Steam"],"picked":"Darkness","floor":24},{"not_picked":["Compile Driver","Double Energy"],"picked":"Steam Power+1","floor":28},{"not_picked":["Blizzard","Cold Snap"],"picked":"Beam Cell","floor":31}],"player_experience":107965,"relics_obtained":[{"floor":8,"key":"Lantern"},{"floor":9,"key":"Oddly Smooth Stone"},{"floor":24,"key":"MawBank"},{"floor":26,"key":"Mummified Hand"},{"floor":31,"key":"Bottled Lightning"}],"event_choices":[{"event_name":"Living Wall","player_choice":"Grow","floor":2,"damage_taken":0},{"event_name":"Accursed Blacksmith","player_choice":"Forge","floor":11,"damage_taken":0},{"event_name":"Forgotten Altar","player_choice":"Shed Blood","floor":20,"damage_taken":0},{"event_name":"The Mausoleum","player_choice":"Yes","floor":25,"damage_taken":0},{"event_name":"The Library","player_choice":"Heal","floor":29,"damage_taken":0}],"is_beta":false,"boss_relics":[{"not_picked":["Philosopher\u0027s Stone","Eternal Feather"],"picked":"FrozenCore"}],"items_purged_floors":[],"is_endless":false,"potions_floor_spawned":[3,5,10,19,24],"killed_by":"Automaton","ascension_level":1}