{"gold_per_floor":[111,111,111,124,35,63,63,97,120,120,151,168,181,191,191,294,294,311,311,311],"floor_reached":20,"playtime":770,"items_purged":[],"score":240,"play_id":"66274a77-9cb6-49ce-a860-d9d76707d614","local_time":"20180922125847","is_ascension_mode":true,"campfire_choices":[{"floor":7,"key":"REST"},{"floor":10,"key":"REST"},{"floor":15,"key":"REST"}],"neow_cost":"NONE","seed_source_timestamp":687982767441584,"circlet_count":0,"master_deck":["Strike_B","Strike_B","Strike_B","Strike_B","Defend_B","Defend_B","Defend_B","Zap","Dualcast","Gash","Recycle","Leap","Capacitor","Conserve Battery","Barrage","Ball Lightning","Compile Driver","Streamline","Ball Lightning","Genetic Algorithm","Biased Cognition","Conserve Battery","Defragment","Static Discharge","BootSequence","Stack","Sweeping Beam+1","Writhe"],"relics":["Cracked Core","Art of War","Smiling Mask","Bronze Scales","Lantern","Thread and Needle","Orrery","Centennial Puzzle"],"potions_floor_usage":[8,11,14],"damage_taken":[{"damage":7,"enemies":"Jaw Worm","floor":1,"turns":3},{"damage":0,"enemies":"Small Slimes","floor":4,"turns":2},{"damage":26,"enemies":"Lagavulin","floor":6,"turns":10},{"damage":25,"enemies":"3 Sentries","floor":8,"turns":8},{"damage":28,"enemies":"Lagavulin","floor":11,"turns":6},{"damage":0,"enemies":"2 Louse","floor":12,"turns":2},{"damage":16,"enemies":"Large Slime","floor":13,"turns":4},{"damage":6,"enemies":"Exordium Thugs","floor":14,"turns":3},{"damage":46,"enemies":"The Guardian","floor":16,"turns":10},{"damage":30,"enemies":"2 Thieves","floor":18,"turns":4},{"damage":34,"enemies":"Masked Bandits","floor":20,"turns":3}],"seed_played":"755652242110027920","potions_obtained":[{"floor":6,"key":"SkillPotion"},{"floor":8,"key":"Regen Potion"},{"floor":12,"key":"FearPotion"}],"is_trial":false,"path_per_floor":["M","?","?","M","$","E","R","E","T","R","E","M","M","M","R","B",null,"M","?"],"character_chosen":"DEFECT","items_purchased":["Capacitor","Conserve Battery"],"campfire_rested":3,"item_purchase_floors":[5,5],"current_hp_per_floor":[68,68,68,68,68,42,64,39,39,61,48,48,32,26,48,2,57,27,27,0],"gold":311,"neow_bonus":"RANDOM_COMMON_RELIC","is_prod":false,"is_daily":false,"chose_seed":false,"campfire_upgraded":0,"win_rate":0,"timestamp":1537635527,"path_taken":["M","?","?","?","?","E","R","E","T","R","E","?","?","M","R","BOSS","M","?","?"],"build_version":"2018-09-20","purchased_purges":0,"victory":false,"max_hp_per_floor":[75,75,75,75,75,75,75,75,75,75,75,75,75,75,75,75,75,75,75,75],"card_choices":[{"not_picked":["Recycle","Coolheaded"],"picked":"Gash","floor":1},{"not_picked":["Gash","Reprogram"],"picked":"Leap","floor":4},{"not_picked":["Gash","Stack"],"picked":"Barrage","floor":6},{"not_picked":["Barrage","Rebound"],"picked":"Ball Lightning","floor":8},{"not_picked":["Coolheaded","Blizzard"],"picked":"Compile Driver","floor":11},{"not_picked":["Fission","Cold Snap"],"picked":"Streamline","floor":12},{"not_picked":["Glacier","Reinforced Body"],"picked":"Ball Lightning","floor":13},{"not_picked":["Go for the Eyes","Undo"],"picked":"Genetic Algorithm","floor":14},{"not_picked":["Hyperbeam","Meteor Strike"],"picked":"Biased Cognition","floor":16},{"not_picked":["Beam Cell","Redo"],"picked":"Conserve Battery","floor":17},{"not_picked":["Static Discharge","Force Field"],"picked":"Defragment","floor":17},{"not_picked":["Coolheaded","Compile Driver"],"picked":"Static Discharge","floor":17},{"not_picked":["Conserve Battery","Gash"],"picked":"BootSequence","floor":17},{"not_picked":["Hologram","Scrape"],"picked":"Stack","floor":17},{"not_picked":["Undo","Rebound"],"picked":"Sweeping Beam+1","floor":18}],"player_experience":176791,"relics_obtained":[{"floor":6,"key":"Smiling Mask"},{"floor":8,"key":"Bronze Scales"},{"floor":9,"key":"Lantern"},{"floor":11,"key":"Thread and Needle"}],"event_choices":[{"event_name":"The Cleric","player_choice":"Leave","floor":2,"damage_taken":0},{"event_name":"Living Wall","player_choice":"Change","floor":3,"damage_taken":0},{"event_name":"The Mausoleum","player_choice":"Yes","floor":19,"damage_taken":0},{"event_name":"Masked Bandits","player_choice":"Fought Bandits","floor":20,"damage_taken":0}],"is_beta":false,"boss_relics":[{"not_picked":["Astrolabe","White Beast Statue"],"picked":"Orrery"}],"items_purged_floors":[],"is_endless":false,"potions_floor_spawned":[6,8,12],"killed_by":"Masked Bandits","ascension_level":5}