{"gold_per_floor":[115,125,137,87,103,119,119,149,149,164,164,178,178,208,208,306,306,321,246,246,265,281,281,296,314,364,381,406,425,425,435,435,435],"floor_reached":33,"playtime":1916,"items_purged":[],"score":300,"play_id":"f0b35f12-3b87-42b9-80d6-72ca9fd24a89","local_time":"20190115231438","is_ascension_mode":false,"campfire_choices":[{"data":"Bane","floor":7,"key":"SMITH"},{"data":"Bouncing Flask","floor":11,"key":"SMITH"},{"floor":13,"key":"REST"},{"floor":15,"key":"REST"},{"floor":23,"key":"REST"},{"floor":30,"key":"REST"},{"floor":32,"key":"REST"}],"neow_cost":"NONE","seed_source_timestamp":587627674954840,"circlet_count":0,"master_deck":["Defend_G","Defend_G","Defend_G","Strike_G","Strike_G","Strike_G","Strike_G","Strike_G","Survivor","Neutralize","Underhanded Strike","Bane+1","Bouncing Flask+1","Flying Knee","Underhanded Strike","Flying Knee","Dagger Spray","Dagger Throw","Die Die Die","PiercingWail","Dagger Throw","Dagger Spray","Dagger Spray","Infinite Blades","Backstab","Burst","Accuracy+1","Backstab+1"],"relics":["Ring of the Snake","Tiny Chest","Gremlin Horn","Tingsha","Fusion Hammer","Boot","Omamori","Juzu Bracelet"],"potions_floor_usage":[14,22,24,33,33,33],"damage_taken":[{"damage":0,"enemies":"Cultist","floor":1,"turns":5},{"damage":5,"enemies":"Small Slimes","floor":2,"turns":3},{"damage":2,"enemies":"2 Louse","floor":3,"turns":3},{"damage":9,"enemies":"Large Slime","floor":5,"turns":11},{"damage":0,"enemies":"2 Fungi Beasts","floor":6,"turns":4},{"damage":5,"enemies":"Exordium Wildlife","floor":10,"turns":4},{"damage":14,"enemies":"Exordium Thugs","floor":12,"turns":3},{"damage":14,"enemies":"Gremlin Nob","floor":14,"turns":3},{"damage":59,"enemies":"The Guardian","floor":16,"turns":9},{"damage":0,"enemies":"Spheric Guardian","floor":18,"turns":3},{"damage":5,"enemies":"3 Byrds","floor":21,"turns":3},{"damage":7,"enemies":"Snake Plant","floor":22,"turns":2},{"damage":19,"enemies":"Centurion and Healer","floor":24,"turns":3},{"damage":0,"enemies":"Chosen and Byrds","floor":25,"turns":3},{"damage":10,"enemies":"Snecko","floor":27,"turns":4},{"damage":0,"enemies":"Gremlin Leader","floor":28,"turns":4},{"damage":24,"enemies":"Centurion and Healer","floor":29,"turns":4},{"damage":26,"enemies":"Shelled Parasite and Fungi","floor":31,"turns":3},{"damage":45,"enemies":"Champ","floor":33,"turns":6}],"seed_played":"-7268780752745967535","potions_obtained":[{"floor":1,"key":"Dexterity Potion"},{"floor":2,"key":"Dexterity Potion"},{"floor":5,"key":"PowerPotion"},{"floor":16,"key":"Poison Potion"},{"floor":21,"key":"Explosive Potion"},{"floor":24,"key":"Swift Potion"},{"floor":25,"key":"Dexterity Potion"},{"floor":29,"key":"LiquidBronze"},{"floor":31,"key":"Weak Potion"}],"is_trial":false,"path_per_floor":["M","M","M","?","M","M","R","?","T","M","R","M","R","E","R","B",null,"M","?","?","M","M","R","M","M","T","M","E","M","R","M","R","B"],"character_chosen":"THE_SILENT","items_purchased":[],"campfire_rested":5,"item_purchase_floors":[],"current_hp_per_floor":[77,72,70,70,61,61,61,58,58,53,53,39,62,48,71,12,77,77,77,77,72,65,77,58,58,58,48,48,24,47,21,44,0],"gold":435,"neow_bonus":"TEN_PERCENT_HP_BONUS","is_prod":false,"is_daily":false,"chose_seed":false,"campfire_upgraded":2,"win_rate":0.0,"timestamp":1547612078,"path_taken":["M","?","M","?","M","M","R","?","T","M","R","M","R","E","R","BOSS","M","?","?","M","M","R","M","M","T","M","E","M","R","M","R","BOSS"],"build_version":"2019-01-10","purchased_purges":0,"victory":false,"max_hp_per_floor":[77,77,77,77,77,77,77,77,77,77,77,77,77,77,77,77,77,77,77,77,77,77,77,77,77,77,77,77,77,77,77,77,77],"card_choices":[{"not_picked":["Prepared","Calculated Gamble"],"picked":"Underhanded Strike","floor":1},{"not_picked":["Deadly Poison","Slice"],"picked":"Bane","floor":2},{"not_picked":["A Thousand Cuts","Sucker Punch"],"picked":"Bouncing Flask","floor":3},{"not_picked":["Sucker Punch","Bouncing Flask"],"picked":"Flying Knee","floor":5},{"not_picked":["Blade Dance","Deadly Poison"],"picked":"Underhanded Strike","floor":6},{"not_picked":["Sucker Punch","Heel Hook"],"picked":"Flying Knee","floor":10},{"not_picked":["Underhanded Strike","Well Laid Plans"],"picked":"Dagger Spray","floor":12},{"not_picked":["Noxious Fumes","Bane"],"picked":"Dagger Throw","floor":14},{"not_picked":["Tools of the Trade","After Image"],"picked":"Die Die Die","floor":16},{"not_picked":["Sucker Punch","Endless Agony"],"picked":"PiercingWail","floor":18},{"not_picked":["Prepared","Blade Dance+1"],"picked":"Dagger Throw","floor":21},{"not_picked":["Slice+1","Masterful Stab"],"picked":"Dagger Spray","floor":22},{"not_picked":["Slice","Noxious Fumes"],"picked":"Dagger Spray","floor":24},{"not_picked":["PiercingWail","Flechettes+1"],"picked":"Infinite Blades","floor":25},{"not_picked":["Deadly Poison","Dagger Spray"],"picked":"Backstab","floor":27},{"not_picked":["Endless Agony+1","Slice"],"picked":"Burst","floor":28},{"not_picked":["Poisoned Stab","Backflip"],"picked":"Accuracy+1","floor":29},{"not_picked":["Deflect","Infinite Blades+1"],"picked":"Backstab+1","floor":31}],"player_experience":27553,"relics_obtained":[{"floor":9,"key":"Gremlin Horn"},{"floor":14,"key":"Tingsha"},{"floor":26,"key":"Omamori"},{"floor":28,"key":"Juzu Bracelet"}],"event_choices":[{"cards_removed":["Defend_G"],"damage_healed":0,"gold_gain":0,"player_choice":"Card Removal","damage_taken":0,"max_hp_gain":0,"max_hp_loss":0,"event_name":"The Cleric","floor":4,"gold_loss":50},{"damage_healed":0,"gold_gain":0,"player_choice":"Success","damage_taken":3,"relics_obtained":["Tiny Chest"],"max_hp_gain":0,"max_hp_loss":0,"event_name":"Scrap Ooze","floor":8,"gold_loss":0},{"cards_removed":["Defend_G"],"damage_healed":0,"gold_gain":0,"player_choice":"Gave Gold","damage_taken":0,"max_hp_gain":0,"max_hp_loss":0,"event_name":"Beggar","floor":19,"gold_loss":75},{"damage_healed":0,"gold_gain":0,"player_choice":"Opened","damage_taken":0,"relics_obtained":["Boot"],"max_hp_gain":0,"max_hp_loss":0,"event_name":"The Mausoleum","floor":20,"gold_loss":0}],"is_beta":false,"boss_relics":[{"not_picked":["WristBlade","Coffee Dripper"],"picked":"Fusion Hammer"}],"items_purged_floors":[],"is_endless":false,"potions_floor_spawned":[1,2,5,16,21,24,25,29,31],"killed_by":"Champ","ascension_level":0}