{"gold_per_floor":[113,124,124,139,155,211,211,223,223,249,249,262,262,6,6,107,107,121,88,3,3,3,3],"floor_reached":23,"playtime":1546,"items_purged":[],"score":226,"play_id":"3b37e3fd-36f0-431c-9c1a-13dd58e49625","local_time":"20190115155444","is_ascension_mode":false,"campfire_choices":[{"floor":7,"key":"REST"},{"floor":11,"key":"REST"},{"data":"Terror","floor":15,"key":"SMITH"}],"neow_cost":"NONE","seed_source_timestamp":561603210208370,"circlet_count":0,"master_deck":["Defend_G","Defend_G","Defend_G","Defend_G","Defend_G","Strike_G","Strike_G","Strike_G","Strike_G","Strike_G","Survivor","Neutralize","Outmaneuver","Dagger Throw","Cloak And Dagger","Underhanded Strike","Terror+1","PiercingWail","Noxious Fumes","Predator","Flying Knee","Glass Knife","Skewer","Leg Sweep","Dash","Flying Knee","Skewer","Noxious Fumes","Noxious Fumes"],"relics":["Ring of the Snake","NlothsMask","Tiny Chest","Question Card","Dodecahedron","Lee\u0027s Waffle","Orrery","Pantograph","Matryoshka"],"potions_floor_usage":[16,23,23],"damage_taken":[{"damage":2,"enemies":"Small Slimes","floor":1,"turns":4},{"damage":4,"enemies":"Cultist","floor":2,"turns":5},{"damage":7,"enemies":"Jaw Worm","floor":4,"turns":4},{"damage":6,"enemies":"Exordium Wildlife","floor":5,"turns":4},{"damage":23,"enemies":"Lagavulin","floor":6,"turns":8},{"damage":5,"enemies":"Lots of Slimes","floor":8,"turns":5},{"damage":42,"enemies":"3 Sentries","floor":10,"turns":10},{"damage":7,"enemies":"Large Slime","floor":12,"turns":7},{"damage":16,"enemies":"Hexaghost","floor":16,"turns":8},{"damage":10,"enemies":"Spheric Guardian","floor":18,"turns":5},{"damage":17,"enemies":"2 Thieves","floor":19,"turns":5},{"damage":44,"enemies":"Book of Stabbing","floor":23,"turns":6}],"seed_played":"-1982249496435838413","potions_obtained":[{"floor":1,"key":"SteroidPotion"},{"floor":2,"key":"PowerPotion"},{"floor":10,"key":"SpeedPotion"},{"floor":18,"key":"SpeedPotion"}],"is_trial":false,"path_per_floor":["M","M","?","M","M","E","R","M","T","E","R","M","T","$","R","B",null,"M","M","?","T","?","E"],"character_chosen":"THE_SILENT","items_purchased":["Lee\u0027s Waffle","Flying Knee"],"campfire_rested":2,"item_purchase_floors":[14,14],"current_hp_per_floor":[75,71,71,64,58,35,58,53,53,11,34,27,27,84,84,68,84,74,57,57,57,41,0],"gold":3,"neow_bonus":"TEN_PERCENT_HP_BONUS","is_prod":false,"is_daily":false,"chose_seed":false,"campfire_upgraded":1,"win_rate":0.0,"timestamp":1547585684,"path_taken":["M","M","?","M","M","E","R","?","T","E","R","M","?","?","R","BOSS","M","?","?","?","?","E"],"build_version":"2019-01-10","purchased_purges":0,"victory":false,"max_hp_per_floor":[77,77,77,77,77,77,77,77,77,77,77,77,77,84,84,84,84,84,84,84,84,89,89],"card_choices":[{"not_picked":["Masterful Stab","Accuracy"],"picked":"Outmaneuver","floor":1},{"not_picked":["Dagger Spray","Bane"],"picked":"Dagger Throw","floor":2},{"not_picked":["All Out Attack","Outmaneuver"],"picked":"Cloak And Dagger","floor":4},{"not_picked":["Dash","Deadly Poison"],"picked":"Underhanded Strike","floor":5},{"not_picked":["Blade Dance","Expertise"],"picked":"Terror","floor":6},{"not_picked":["Riddle With Holes","Catalyst"],"picked":"PiercingWail","floor":8},{"not_picked":["Deadly Poison","Riddle With Holes"],"picked":"Noxious Fumes","floor":10},{"not_picked":["Blade Dance","Dagger Spray","Poisoned Stab"],"picked":"Predator","floor":12},{"not_picked":["Adrenaline","Malaise","Die Die Die"],"picked":"Glass Knife","floor":16},{"not_picked":["Flechettes","Backflip","Slice"],"picked":"Skewer","floor":17},{"not_picked":["Caltrops","Dodge and Roll","Flechettes"],"picked":"Leg Sweep","floor":17},{"not_picked":["Calculated Gamble","Deflect","Footwork"],"picked":"Dash","floor":17},{"not_picked":["Crippling Poison","Deadly Poison","Underhanded Strike"],"picked":"Flying Knee","floor":17},{"not_picked":["Well Laid Plans","Escape Plan","Backflip"],"picked":"Skewer","floor":17},{"not_picked":["Blade Dance","Quick Slash","Bane"],"picked":"Noxious Fumes","floor":18},{"not_picked":["Terror","Blade Dance","Accuracy"],"picked":"Noxious Fumes","floor":19}],"player_experience":17400,"relics_obtained":[{"floor":6,"key":"Tiny Chest"},{"floor":10,"key":"Question Card"},{"floor":13,"key":"Dodecahedron"},{"floor":21,"key":"Matryoshka"}],"event_choices":[{"damage_healed":0,"gold_gain":0,"player_choice":"Trade","damage_taken":0,"relics_obtained":["NlothsMask"],"max_hp_gain":0,"max_hp_loss":0,"event_name":"FaceTrader","floor":3,"gold_loss":0},{"damage_healed":0,"gold_gain":0,"player_choice":"Obtained Relic","damage_taken":0,"relics_obtained":["Pantograph"],"max_hp_gain":0,"max_hp_loss":0,"event_name":"Addict","floor":20,"gold_loss":85},{"damage_healed":0,"gold_gain":0,"player_choice":"Shed Blood","damage_taken":21,"max_hp_gain":5,"max_hp_loss":0,"event_name":"Forgotten Altar","floor":22,"gold_loss":0}],"is_beta":false,"boss_relics":[{"not_picked":["Velvet Choker","Coffee Dripper"],"picked":"Orrery"}],"items_purged_floors":[],"is_endless":false,"potions_floor_spawned":[1,2,10,18,19],"killed_by":"Book of Stabbing","ascension_level":0}