{"gold_per_floor":[117,292,292,308,319,352,352,370,370,383,52,52,66,66,66,165,165,183,211,226,243,43,43,56,56,125,136,136],"floor_reached":28,"playtime":1485,"items_purged":["Doubt"],"score":311,"play_id":"ad1db70e-984c-4403-ac28-47cb664ea184","local_time":"20181011033636","is_ascension_mode":true,"campfire_choices":[{"floor":7,"key":"REST"},{"data":"Metamorphosis","floor":12,"key":"SMITH"},{"floor":15,"key":"REST"},{"floor":23,"key":"REST"},{"floor":25,"key":"REST"}],"neow_cost":"NONE","seed_source_timestamp":13660216403010,"circlet_count":0,"master_deck":["Strike_B","Strike_B+1","Strike_B","Strike_B","Defend_B+1","Defend_B","Defend_B","Zap","Dualcast","Tempest","Auto Shields","Defragment","Thunder Strike","Doom and Gloom","Glacier","Chaos","Metamorphosis+1","Beam Cell","Hologram","Redo","Apotheosis","Darkness+1","White Noise+1"],"relics":["Cracked Core","Bottled Flame","Pear","Sozu","Red Mask","The Courier"],"potions_floor_usage":[14,16,16,19,28],"damage_taken":[{"damage":2,"enemies":"2 Louse","floor":1,"turns":2},{"damage":0,"enemies":"Small Slimes","floor":4,"turns":3},{"damage":0,"enemies":"Cultist","floor":5,"turns":3},{"damage":36,"enemies":"3 Sentries","floor":6,"turns":7},{"damage":5,"enemies":"Looter","floor":8,"turns":3},{"damage":8,"enemies":"Blue Slaver","floor":10,"turns":4},{"damage":6,"enemies":"Exordium Wildlife","floor":13,"turns":3},{"damage":0,"enemies":"Slime Boss","floor":16,"turns":4},{"damage":0,"enemies":"Chosen","floor":18,"turns":3},{"damage":52,"enemies":"Masked Bandits","floor":19,"turns":4},{"damage":8,"enemies":"3 Byrds","floor":20,"turns":5},{"damage":28,"enemies":"Shelled Parasite and Fungi","floor":21,"turns":4},{"damage":16,"enemies":"Cultist and Chosen","floor":24,"turns":4},{"damage":16,"enemies":"Snecko","floor":27,"turns":4},{"damage":28,"enemies":"Book of Stabbing","floor":28,"turns":3}],"seed_played":"9051498650073703670","potions_obtained":[{"floor":1,"key":"GamblersBrew"},{"floor":5,"key":"FocusPotion"},{"floor":6,"key":"LiquidBronze"},{"floor":8,"key":"Strength Potion"},{"floor":14,"key":"Fruit Juice"},{"floor":14,"key":"Strength Potion"},{"floor":16,"key":"FearPotion"}],"is_trial":false,"path_per_floor":["M","?","?","M","M","E","R","M","T","M","$","R","M","?","R","B",null,"M","?","M","M","$","R","M","R","T","M"],"character_chosen":"DEFECT","items_purchased":["Chaos","Metamorphosis","Apotheosis"],"campfire_rested":4,"item_purchase_floors":[11,11,22],"current_hp_per_floor":[73,73,58,58,58,22,44,39,49,41,41,41,35,40,67,67,90,90,38,30,2,2,29,13,40,40,24,0],"gold":136,"neow_bonus":"REMOVE_CARD","is_prod":false,"is_daily":false,"chose_seed":false,"campfire_upgraded":1,"win_rate":0,"timestamp":1539239796,"path_taken":["M","?","?","M","M","E","R","?","T","M","$","R","M","?","R","BOSS","M","?","M","M","$","R","M","R","T","M","E"],"build_version":"2018-10-04v2","purchased_purges":1,"victory":false,"max_hp_per_floor":[75,75,75,75,75,75,75,75,85,85,85,85,85,90,90,90,90,90,90,90,90,90,90,90,90,90,90,90],"card_choices":[{"not_picked":["Recycle","Rebound"],"picked":"Tempest","floor":1},{"not_picked":["Steam","Turbo"],"picked":"Auto Shields","floor":4},{"not_picked":["Cold Snap","Turbo"],"picked":"Defragment","floor":5},{"not_picked":["Gash","Stack"],"picked":"Thunder Strike","floor":6},{"not_picked":["Hello World","Go for the Eyes"],"picked":"Doom and Gloom","floor":8},{"not_picked":["Rebound","Storm"],"picked":"Glacier","floor":10},{"not_picked":["Go for the Eyes","Compile Driver"],"picked":"Beam Cell","floor":13},{"not_picked":["Rip and Tear+1","Stack+1","Gash"],"picked":"SKIP","floor":18},{"not_picked":["Beam Cell","Reinforced Body"],"picked":"Hologram","floor":20},{"not_picked":["Compile Driver","Hyperbeam"],"picked":"Redo","floor":21},{"not_picked":["Capacitor+1","Cold Snap"],"picked":"Darkness+1","floor":24},{"not_picked":["Genetic Algorithm","Blizzard"],"picked":"White Noise+1","floor":27}],"player_experience":127559,"relics_obtained":[{"floor":6,"key":"Bottled Flame"},{"floor":9,"key":"Pear"},{"floor":19,"key":"Red Mask"},{"floor":26,"key":"The Courier"}],"event_choices":[{"event_name":"Liars Game","player_choice":"agreed","floor":2,"damage_taken":0},{"event_name":"Shining Light","player_choice":"Entered Light","floor":3,"damage_taken":0},{"event_name":"The Lab","player_choice":"Got Potions","floor":14,"damage_taken":0},{"event_name":"Masked Bandits","player_choice":"Fought Bandits","floor":19,"damage_taken":0}],"is_beta":false,"boss_relics":[{"not_picked":["Coffee Dripper","Eternal Feather"],"picked":"Sozu"}],"items_purged_floors":[11],"is_endless":false,"potions_floor_spawned":[1,5,6,8,16,18,19,24,27],"killed_by":"Book of Stabbing","ascension_level":1}