{"gold_per_floor":[118,128,146,25,107,140,140,157,181,181,8,8,8,35,35,134,134,152,152,167,167],"floor_reached":21,"playtime":1176,"items_purged":["Strike_B","Strike_B"],"score":268,"play_id":"c227bd28-095f-4d21-a4fa-4ac4a4ecf52a","local_time":"20181102181319","is_ascension_mode":true,"campfire_choices":[{"data":"Streamline","floor":7,"key":"SMITH"},{"floor":13,"key":"REST"},{"floor":15,"key":"REST"}],"neow_cost":"NONE","seed_source_timestamp":5396935850098,"circlet_count":0,"master_deck":["Strike_B","Strike_B","Defend_B","Defend_B","Defend_B","Defend_B","Zap","Dualcast","Streamline+1","Beam Cell+1","Self Repair","Machine Learning","Steam"],"relics":["Cracked Core","Blood Vial","Singing Bowl","Smiling Mask","PreservedInsect","Meat on the Bone","Cables","White Beast Statue"],"potions_floor_usage":[8,16,19,20,21],"damage_taken":[{"damage":1,"enemies":"Cultist","floor":1,"turns":3},{"damage":4,"enemies":"Jaw Worm","floor":2,"turns":3},{"damage":9,"enemies":"Small Slimes","floor":3,"turns":4},{"damage":33,"enemies":"Lagavulin","floor":6,"turns":7},{"damage":34,"enemies":"Exordium Thugs","floor":8,"turns":4},{"damage":0,"enemies":"Gremlin Nob","floor":14,"turns":2},{"damage":43,"enemies":"Hexaghost","floor":16,"turns":9},{"damage":22,"enemies":"Chosen","floor":18,"turns":6},{"damage":0,"enemies":"2 Thieves","floor":19,"turns":1},{"damage":60,"enemies":"Centurion and Healer","floor":20,"turns":7},{"damage":30,"enemies":"Cultist and Chosen","floor":21,"turns":4}],"seed_played":"-3243827651524796580","potions_obtained":[{"floor":2,"key":"SkillPotion"},{"floor":3,"key":"AttackPotion"},{"floor":8,"key":"SmokeBomb"},{"floor":14,"key":"Weak Potion"},{"floor":18,"key":"Fire Potion"},{"floor":20,"key":"Explosive Potion"}],"is_trial":false,"path_per_floor":["M","M","M","$","T","E","R","M","T","T","$","?","R","E","R","B",null,"M","M","M","M"],"character_chosen":"DEFECT","items_purchased":["Streamline","Beam Cell","Self Repair"],"campfire_rested":2,"item_purchase_floors":[4,11,11],"current_hp_per_floor":[74,71,64,64,64,35,35,5,5,5,5,5,28,44,68,46,72,61,63,24,0],"gold":167,"neow_bonus":"RANDOM_COMMON_RELIC","is_prod":false,"is_daily":false,"chose_seed":false,"campfire_upgraded":1,"win_rate":0,"timestamp":1541193199,"path_taken":["M","M","?","$","?","E","R","M","T","?","$","?","R","E","R","BOSS","M","M","M","M"],"build_version":"2018-11-01","purchased_purges":2,"victory":false,"max_hp_per_floor":[75,75,75,75,75,77,77,79,79,79,79,79,79,81,81,81,81,83,83,83,83],"card_choices":[{"not_picked":["Stack","Undo","Storm"],"picked":"SKIP","floor":1},{"not_picked":["FTL","Barrage","Rebound"],"picked":"SKIP","floor":2},{"not_picked":["Skim","Consume","Aggregate"],"picked":"SKIP","floor":3},{"not_picked":["Chaos","All For One","Stack"],"picked":"Singing Bowl","floor":6},{"not_picked":["Static Discharge","Redo","Reinforced Body"],"picked":"Singing Bowl","floor":8},{"not_picked":["Blizzard","Chill","Go for the Eyes"],"picked":"Singing Bowl","floor":14},{"not_picked":["Biased Cognition","Reboot"],"picked":"Machine Learning","floor":16},{"not_picked":["Rebound+1","Heatsinks","Aggregate"],"picked":"Singing Bowl","floor":18},{"not_picked":["Capacitor","Coolheaded"],"picked":"Steam","floor":20}],"player_experience":259928,"relics_obtained":[{"floor":5,"key":"Singing Bowl"},{"floor":6,"key":"Smiling Mask"},{"floor":9,"key":"PreservedInsect"},{"floor":10,"key":"Meat on the Bone"},{"floor":14,"key":"Cables"}],"event_choices":[{"damage_healed":0,"gold_gain":0,"player_choice":"Upgraded","damage_taken":0,"max_hp_gain":0,"max_hp_loss":0,"event_name":"Upgrade Shrine","floor":12,"gold_loss":0,"cards_upgraded":["Beam Cell"]}],"is_beta":false,"boss_relics":[{"not_picked":["Coffee Dripper","Inserter"],"picked":"White Beast Statue"}],"items_purged_floors":[4,11],"is_endless":false,"potions_floor_spawned":[2,3,8,14,18,19,20],"killed_by":"Cultist and Chosen","ascension_level":5}