{"path_per_floor":["M","$","M","M","?","R","E","R","T","E","M","R","M","M","R","B",null,"M","$","M","?","M","R"],"character_chosen":"THE_SILENT","items_purchased":["Molten Egg 2"],"gold_per_floor":[113,113,123,138,138,138,170,170,170,203,219,219,237,256,256,354,384,402,162,175,175,192,192],"floor_reached":24,"campfire_rested":2,"playtime":1352,"current_hp_per_floor":[70,70,70,70,70,70,50,50,50,39,39,39,34,34,55,35,75,60,60,22,22,16,38],"items_purged":[],"gold":192,"score":234,"play_id":"b08ce4d6-a2a3-4d37-a639-39011ef947c0","is_prod":false,"is_daily":false,"is_ascension_mode":false,"campfire_upgraded":2,"path_taken":["M","?","M","M","?","R","E","R","T","E","M","R","M","M","R","BOSS","M","$","M","?","M","R","M"],"build_version":"2018-02-08-PROD1","purchased_purges":0,"victory":false,"master_deck":["Defend_G","Defend_G","Defend_G","Defend_G","Defend_G","Strike_G","Strike_G","Strike_G","Strike_G","Strike_G","Survivor","Neutralize","PiercingWail","Dash","Cloak And Dagger+1","Accuracy+1","Deflect+1","Deflect","Flying Knee","Caltrops","Deflect","A Thousand Cuts","Endless Agony","Deflect+1","PiercingWail+1","Writhe","Endless Agony+1"],"max_hp_per_floor":[70,70,70,70,70,70,70,70,70,70,70,70,70,70,70,70,75,75,75,75,75,75,75],"relics":["Ring of the Snake","Snake Skull","Shovel","Sundial","Vajra","Tiny House","Molten Egg 2","Bag of Preparation"],"card_choices":[{"not_picked":["Masterful Stab","Bane"],"picked":"PiercingWail"},{"not_picked":["Prepared","Slice"],"picked":"Dash"},{"not_picked":["Riddle With Holes","Dash"],"picked":"Cloak And Dagger"},{"not_picked":["Caltrops","Noxious Fumes"],"picked":"Accuracy"},{"not_picked":["Tools of the Trade","Acrobatics"],"picked":"Deflect"},{"not_picked":["Catalyst","Prepared"],"picked":"Deflect"},{"not_picked":["PiercingWail","Leg Sweep"],"picked":"Flying Knee"},{"not_picked":["Dagger Spray","Predator"],"picked":"Caltrops"},{"not_picked":["Corpse Explosion","Expertise"],"picked":"Deflect"},{"not_picked":["Doppelganger","Bullet Time"],"picked":"A Thousand Cuts"},{"not_picked":["Crippling Poison","Outmaneuver"],"picked":"Endless Agony"},{"not_picked":["Bane","Underhanded Strike"],"picked":"Deflect"},{"not_picked":["Bouncing Flask","Cloak And Dagger"],"picked":"PiercingWail"},{"not_picked":["Tactician","Well Laid Plans"],"picked":"Endless Agony"}],"player_experience":42899,"potions_floor_usage":[7,11,16,16,18,18],"damage_taken":[{"damage":0,"enemies":"Blue Slaver","floor":1,"turns":7},{"damage":0,"enemies":"2 Louse","floor":3,"turns":4},{"damage":0,"enemies":"Small Slimes","floor":4,"turns":4},{"damage":20,"enemies":"Lagavulin","floor":7,"turns":10},{"damage":11,"enemies":"3 Sentries","floor":10,"turns":9},{"damage":0,"enemies":"Exordium Thugs","floor":11,"turns":7},{"damage":5,"enemies":"2 Fungi Beasts","floor":13,"turns":4},{"damage":0,"enemies":"Exordium Wildlife","floor":14,"turns":3},{"damage":20,"enemies":"The Guardian","floor":16,"turns":12},{"damage":15,"enemies":"Spheric Guardian","floor":18,"turns":6},{"damage":38,"enemies":"Chosen","floor":20,"turns":7},{"damage":6,"enemies":"Snecko","floor":22,"turns":8},{"damage":42,"enemies":"Cultist and Chosen","floor":24,"turns":5}],"event_choices":[{"event_name":"Living Wall","player_choice":"Grow","floor":5,"damage_taken":0},{"event_name":"The Mausoleum","player_choice":"Yes","floor":21,"damage_taken":0}],"boss_relics":[{"not_picked":["Philosopher\u0027s Stone","White Beast Statue"],"picked":"Tiny House"}],"potions_floor_spawned":[4,7,10,13,16],"seed_played":"-6990849588800077553","killed_by":"Cultist and Chosen","ascension_level":0,"is_trial":false}