{"gold_per_floor":[117,117,267,237,17,28,43,43,70,88,48,48,123,142,142,214,214,226,237,97,97,115,115,115],"floor_reached":24,"playtime":1054,"items_purged":["Doubt","Injury"],"score":372,"play_id":"063ab521-ece8-43fa-89a7-626115b68294","local_time":"20190107145500","is_ascension_mode":true,"campfire_choices":[{"data":"Chill","floor":8,"key":"SMITH"},{"data":"Zap","floor":12,"key":"SMITH"},{"data":"Streamline","floor":15,"key":"SMITH"},{"floor":23,"key":"REST"}],"neow_cost":"NONE","seed_source_timestamp":4559026163786,"circlet_count":0,"master_deck":["AscendersBane","Strike_B","Strike_B","Strike_B","Defend_B","Defend_B","Defend_B","Defend_B","Zap+1","Dualcast","Hello World","Self Repair","Finesse","Chill+1","Ball Lightning","Streamline+1","Glacier","Seek","Injury","Clumsy","Coolheaded","Loop+1","Fusion","Glacier"],"relics":["Cracked Core","Ancient Tea Set","Calling Bell","Lantern","Frozen Egg 2","Du-Vu Doll"],"potions_floor_usage":[16,22],"damage_taken":[{"damage":2,"enemies":"Jaw Worm","floor":1,"turns":3},{"damage":3,"enemies":"Small Slimes","floor":6,"turns":5},{"damage":10,"enemies":"Cultist","floor":7,"turns":5},{"damage":12,"enemies":"Red Slaver","floor":10,"turns":4},{"damage":0,"enemies":"2 Fungi Beasts","floor":14,"turns":3},{"damage":31,"enemies":"Hexaghost","floor":16,"turns":12},{"damage":20,"enemies":"2 Thieves","floor":18,"turns":5},{"damage":14,"enemies":"Chosen","floor":19,"turns":5},{"damage":27,"enemies":"Snecko","floor":22,"turns":6},{"damage":56,"enemies":"Chosen and Byrds","floor":24,"turns":7}],"seed_played":"704246765069572563","potions_obtained":[{"floor":4,"key":"Ancient Potion"},{"floor":4,"key":"SteroidPotion"},{"floor":6,"key":"Explosive Potion"},{"floor":10,"key":"Block Potion"},{"floor":21,"key":"FairyPotion"}],"is_trial":false,"path_per_floor":["M","?","?","?","$","M","M","R","T","M","$","R","?","M","R","B",null,"M","M","$","?","M","R","M"],"character_chosen":"DEFECT","items_purchased":["Self Repair","Finesse","Glacier","Fusion"],"campfire_rested":1,"item_purchase_floors":[5,5,11,20],"current_hp_per_floor":[62,55,55,55,55,59,56,56,56,51,51,51,40,40,40,16,57,44,37,37,37,17,38,0],"gold":115,"neow_bonus":"TRANSFORM_CARD","is_prod":false,"is_daily":false,"chose_seed":false,"campfire_upgraded":3,"win_rate":0,"timestamp":1546883700,"path_taken":["M","?","?","?","$","M","M","R","T","?","?","R","?","M","R","BOSS","M","M","$","?","M","R","M"],"build_version":"2019-01-03v4","purchased_purges":2,"victory":false,"max_hp_per_floor":[71,71,71,71,71,71,71,71,71,71,71,71,71,71,71,71,71,71,71,71,71,71,71,71],"card_choices":[{"not_picked":["Coolheaded","Turbo"],"picked":"Force Field","floor":1},{"not_picked":["Stack","Reinforced Body"],"picked":"Chill","floor":6},{"not_picked":["Gash","Redo"],"picked":"Ball Lightning","floor":7},{"not_picked":["Steam","Darkness"],"picked":"Streamline","floor":10},{"not_picked":["Steam","Double Energy","All For One"],"picked":"SKIP","floor":14},{"not_picked":["Amplify","All For One"],"picked":"Seek","floor":16},{"not_picked":["Stack","Ball Lightning"],"picked":"Coolheaded","floor":18},{"not_picked":["Go for the Eyes","Ball Lightning"],"picked":"Loop+1","floor":19},{"not_picked":["Redo","Go for the Eyes"],"picked":"Glacier","floor":22}],"player_experience":738599,"relics_obtained":[{"floor":9,"key":"Ancient Tea Set"},{"floor":17,"key":"Lantern"},{"floor":17,"key":"Frozen Egg 2"},{"floor":17,"key":"Du-Vu Doll"}],"event_choices":[{"cards_removed":["Force Field"],"damage_healed":0,"gold_gain":0,"player_choice":"Card Removal","damage_taken":7,"max_hp_gain":0,"max_hp_loss":0,"event_name":"Golden Wing","floor":2,"gold_loss":0},{"damage_healed":0,"gold_gain":150,"player_choice":"AGREE","damage_taken":0,"max_hp_gain":0,"max_hp_loss":0,"event_name":"Liars Game","floor":3,"gold_loss":0,"cards_obtained":["Doubt"]},{"damage_healed":0,"gold_gain":0,"player_choice":"Bought 2 Potions","damage_taken":0,"max_hp_gain":0,"max_hp_loss":0,"event_name":"The Woman in Blue","floor":4,"gold_loss":0},{"damage_healed":0,"gold_gain":75,"player_choice":"Gather Gold","damage_taken":11,"max_hp_gain":0,"max_hp_loss":0,"event_name":"World of Goop","floor":13,"gold_loss":0},{"damage_healed":0,"gold_gain":0,"player_choice":"Got Potions","damage_taken":0,"max_hp_gain":0,"max_hp_loss":0,"event_name":"Lab","floor":21,"gold_loss":0}],"is_beta":false,"boss_relics":[{"not_picked":["Philosopher\u0027s Stone","Ectoplasm"],"picked":"Calling Bell"}],"items_purged_floors":[5,20],"is_endless":false,"potions_floor_spawned":[6,10],"killed_by":"Chosen and Byrds","ascension_level":20}