{"gold_per_floor":[118,118,118,136,136,136,167,182,206,226,239,72,72,83,83,83],"floor_reached":16,"playtime":886,"items_purged":["Strike_R"],"score":112,"play_id":"2b39cbb3-8a14-4a10-a660-5a5c72de3207","local_time":"20181217214546","is_ascension_mode":true,"campfire_choices":[{"data":"Infernal Blade","floor":6,"key":"SMITH"},{"data":"Flame Barrier","floor":15,"key":"SMITH"}],"neow_cost":"NONE","seed_source_timestamp":180080747484092,"circlet_count":0,"master_deck":["Strike_R","Strike_R","Strike_R","Strike_R+1","Defend_R","Defend_R","Defend_R","Defend_R","Bash","Shrug It Off","Entrench+1","Infernal Blade+1","Seeing Red","Disarm","Shrug It Off","Intimidate","Good Instincts","Parasite","Flame Barrier+1"],"relics":["Burning Blood","Mummified Hand","Letter Opener","Ancient Tea Set"],"potions_floor_usage":[16,16,16],"damage_taken":[{"damage":4,"enemies":"Small Slimes","floor":1,"turns":4},{"damage":5,"enemies":"Jaw Worm","floor":4,"turns":8},{"damage":39,"enemies":"Gremlin Nob","floor":7,"turns":5},{"damage":1,"enemies":"Cultist","floor":8,"turns":3},{"damage":5,"enemies":"Large Slime","floor":10,"turns":6},{"damage":5,"enemies":"Lots of Slimes","floor":11,"turns":4},{"damage":1,"enemies":"Blue Slaver","floor":14,"turns":4},{"damage":57,"enemies":"Slime Boss","floor":16,"turns":12}],"seed_played":"2715673669141487629","potions_obtained":[{"floor":1,"key":"Explosive Potion"},{"floor":10,"key":"Block Potion"},{"floor":11,"key":"Energy Potion"}],"is_trial":false,"path_per_floor":["M","?","?","M","T","R","E","M","T","M","M","$","?","M","R","B"],"character_chosen":"IRONCLAD","items_purchased":["Good Instincts"],"campfire_rested":0,"item_purchase_floors":[12],"current_hp_per_floor":[80,68,52,53,53,53,20,25,25,26,27,27,47,52,52,0],"gold":83,"neow_bonus":"THREE_CARDS","is_prod":false,"is_daily":false,"chose_seed":false,"campfire_upgraded":2,"win_rate":0,"timestamp":1545111946,"path_taken":["M","?","?","M","?","R","E","M","T","M","?","$","?","M","R","BOSS"],"build_version":"2018-12-13","purchased_purges":1,"victory":false,"max_hp_per_floor":[80,80,80,80,80,80,80,80,80,80,80,80,80,80,80,80],"card_choices":[{"not_picked":["Warcry","Iron Wave"],"picked":"Shrug It Off","floor":0},{"not_picked":["Headbutt","Clash"],"picked":"Entrench","floor":1},{"not_picked":["Rage","Twin Strike"],"picked":"Infernal Blade","floor":4},{"not_picked":["Entrench","Headbutt"],"picked":"Seeing Red","floor":7},{"not_picked":["Combust","Evolve"],"picked":"Disarm","floor":8},{"not_picked":["Whirlwind","Body Slam"],"picked":"Shrug It Off","floor":10},{"not_picked":["Power Through","Dropkick"],"picked":"Intimidate","floor":11},{"not_picked":["Rampage","Uppercut"],"picked":"Flame Barrier","floor":14}],"player_experience":68042,"relics_obtained":[{"floor":5,"key":"Letter Opener"},{"floor":7,"key":"Ancient Tea Set"}],"event_choices":[{"damage_healed":0,"gold_gain":0,"player_choice":"Success","damage_taken":12,"relics_obtained":["Mummified Hand"],"max_hp_gain":0,"max_hp_loss":0,"event_name":"Scrap Ooze","floor":2,"gold_loss":0},{"damage_healed":0,"gold_gain":0,"player_choice":"Entered Light","damage_taken":16,"max_hp_gain":0,"max_hp_loss":0,"event_name":"Shining Light","floor":3,"gold_loss":0,"cards_upgraded":["Entrench","Strike_R"]},{"damage_healed":20,"gold_gain":0,"player_choice":"Healed and dodged fight","damage_taken":0,"max_hp_gain":0,"max_hp_loss":0,"event_name":"Mushrooms","floor":13,"gold_loss":0,"cards_obtained":["Parasite"]}],"is_beta":false,"boss_relics":[],"items_purged_floors":[12],"is_endless":false,"potions_floor_spawned":[1,10,11],"killed_by":"Slime Boss","ascension_level":2}