{"gold_per_floor":[111,122,138,138,138,171,171,200,200,200,200,217,217,217],"floor_reached":14,"playtime":32347,"items_purged":[],"score":191,"play_id":"7c6f5122-4db0-4392-9716-570991ad7112","local_time":"20190622092714","is_ascension_mode":true,"campfire_choices":[{"floor":7,"key":"REST"},{"floor":10,"key":"REST"}],"neow_cost":"NONE","seed_source_timestamp":802669485223168,"circlet_count":0,"master_deck":["AscendersBane","Defend_G","Defend_G","Defend_G","Defend_G","Defend_G","Strike_G","Strike_G","Strike_G","Strike_G","Strike_G","Survivor","Neutralize","Acrobatics","Noxious Fumes","Underhanded Strike","Dagger Spray+1","Predator","Dagger Spray"],"relics":["HoveringKite","Darkstone Periapt","Incense Burner","Ornamental Fan","Golden Idol"],"potions_floor_usage":[6,6],"damage_taken":[{"damage":18,"enemies":"Cultist","floor":1,"turns":6},{"damage":5,"enemies":"Small Slimes","floor":2,"turns":6},{"damage":9,"enemies":"2 Louse","floor":3,"turns":5},{"damage":22,"enemies":"Lagavulin","floor":6,"turns":10},{"damage":32,"enemies":"3 Sentries","floor":8,"turns":7},{"damage":3,"enemies":"Blue Slaver","floor":12,"turns":4},{"damage":44,"enemies":"Gremlin Nob","floor":14,"turns":4}],"seed_played":"-7029988124289765573","potions_obtained":[{"floor":1,"key":"Dexterity Potion"},{"floor":3,"key":"Ancient Potion"}],"is_trial":false,"path_per_floor":["M","M","M","?","?","E","R","E","T","R","?","M","?","E"],"character_chosen":"THE_SILENT","items_purchased":[],"campfire_rested":2,"item_purchase_floors":[],"current_hp_per_floor":[41,36,27,49,49,27,46,14,14,33,33,30,30,0],"gold":217,"neow_bonus":"BOSS_RELIC","is_prod":false,"is_daily":false,"chose_seed":false,"campfire_upgraded":0,"win_rate":0,"timestamp":1561166834,"path_taken":["M","M","M","?","?","E","R","E","T","R","?","?","?","E"],"build_version":"2019-01-23","purchased_purges":0,"victory":false,"max_hp_per_floor":[66,66,66,66,66,66,66,66,66,66,66,66,60,60],"card_choices":[{"not_picked":["Leg Sweep","Footwork"],"picked":"Acrobatics","floor":1},{"not_picked":["Acrobatics","Dagger Throw"],"picked":"Noxious Fumes","floor":2},{"not_picked":["Distraction","Prepared"],"picked":"Underhanded Strike","floor":3},{"not_picked":["Predator","Heel Hook"],"picked":"Dagger Spray","floor":6},{"not_picked":["Cloak And Dagger","Bane"],"picked":"Predator","floor":8},{"not_picked":["Calculated Gamble","Catalyst"],"picked":"Dagger Spray","floor":12}],"player_experience":951392,"relics_obtained":[{"floor":6,"key":"Darkstone Periapt"},{"floor":8,"key":"Incense Burner"},{"floor":9,"key":"Ornamental Fan"}],"event_choices":[{"damage_healed":22,"gold_gain":0,"player_choice":"Banana","damage_taken":0,"max_hp_gain":0,"max_hp_loss":0,"event_name":"Big Fish","floor":4,"gold_loss":0},{"damage_healed":0,"gold_gain":0,"player_choice":"Ignored","damage_taken":0,"max_hp_gain":0,"max_hp_loss":0,"event_name":"Liars Game","floor":5,"gold_loss":0},{"damage_healed":0,"gold_gain":0,"player_choice":"Upgraded","damage_taken":0,"max_hp_gain":0,"max_hp_loss":0,"event_name":"Upgrade Shrine","floor":11,"gold_loss":0,"cards_upgraded":["Dagger Spray"]},{"damage_healed":0,"gold_gain":0,"player_choice":"Lose Max HP","damage_taken":0,"relics_obtained":["Golden Idol"],"max_hp_gain":0,"max_hp_loss":6,"event_name":"Golden Idol","floor":13,"gold_loss":0}],"is_beta":false,"boss_relics":[],"items_purged_floors":[],"is_endless":false,"potions_floor_spawned":[1,3],"killed_by":"Gremlin Nob","ascension_level":19}