{"gold_per_floor":[115,135,135,135,235,235,267,16,88,88,123,136,136,154,154,252,252,265,265,283,24,24],"floor_reached":22,"playtime":1356,"items_purged":[],"score":192,"play_id":"627eaee9-389c-4d0b-a829-be7072fb4a0d","local_time":"20190115221611","is_ascension_mode":false,"campfire_choices":[{"data":"Tactician","floor":6,"key":"SMITH"},{"floor":10,"key":"REST"},{"floor":13,"key":"REST"},{"floor":15,"key":"REST"}],"neow_cost":"NONE","seed_source_timestamp":584680315838263,"circlet_count":0,"master_deck":["Defend_G+1","Defend_G+1","Defend_G+1","Defend_G+1","Defend_G+1","Strike_G+1","Strike_G+1","Strike_G+1","Strike_G+1","Strike_G+1","Survivor","Neutralize","Tactician+1","Underhanded Strike+1","Outmaneuver","Dagger Spray","Underhanded Strike","Terror+1","Night Terror+1","Quick Slash+1","Terror+1"],"relics":["Ring of the Snake","Shovel","Toxic Egg 2","Shuriken","Incense Burner","White Beast Statue","Mercury Hourglass"],"potions_floor_usage":[16,16,20],"damage_taken":[{"damage":0,"enemies":"Jaw Worm","floor":1,"turns":4},{"damage":3,"enemies":"Small Slimes","floor":2,"turns":5},{"damage":39,"enemies":"3 Sentries","floor":7,"turns":12},{"damage":26,"enemies":"Gremlin Nob","floor":11,"turns":5},{"damage":0,"enemies":"Cultist","floor":12,"turns":3},{"damage":10,"enemies":"Looter","floor":14,"turns":3},{"damage":44,"enemies":"Slime Boss","floor":16,"turns":12},{"damage":48,"enemies":"3 Byrds","floor":18,"turns":5},{"damage":1,"enemies":"Shell Parasite","floor":20,"turns":4},{"damage":29,"enemies":"Centurion and Healer","floor":22,"turns":6}],"seed_played":"6203813052736518507","potions_obtained":[{"floor":0,"key":"EntropicBrew"},{"floor":0,"key":"PowerPotion"},{"floor":0,"key":"FearPotion"},{"floor":2,"key":"Regen Potion"},{"floor":12,"key":"GhostInAJar"},{"floor":14,"key":"Energy Potion"},{"floor":18,"key":"Block Potion"},{"floor":20,"key":"FearPotion"}],"is_trial":false,"path_per_floor":["M","M","?","?","?","R","E","$","T","R","E","M","R","M","R","B",null,"M","?","M","$","M"],"character_chosen":"THE_SILENT","items_purchased":["Toxic Egg 2","Mercury Hourglass"],"campfire_rested":3,"item_purchase_floors":[8,21],"current_hp_per_floor":[70,67,72,72,72,72,33,33,33,55,29,29,51,41,63,19,75,27,27,26,26,0],"gold":24,"neow_bonus":"THREE_SMALL_POTIONS","is_prod":false,"is_daily":false,"chose_seed":false,"campfire_upgraded":1,"win_rate":0.0,"timestamp":1547608571,"path_taken":["M","M","?","?","?","R","E","$","T","R","E","?","R","M","R","BOSS","M","?","M","$","M"],"build_version":"2019-01-10","purchased_purges":0,"victory":false,"max_hp_per_floor":[70,70,75,75,75,75,75,75,75,75,75,75,75,75,75,75,75,75,75,75,75,75],"card_choices":[{"not_picked":["Endless Agony","Acrobatics"],"picked":"Tactician","floor":1},{"not_picked":["Heel Hook","Dagger Spray"],"picked":"Underhanded Strike","floor":2},{"not_picked":["Expertise","Deadly Poison"],"picked":"Outmaneuver","floor":7},{"not_picked":["PiercingWail+1","Reflex+1"],"picked":"Dagger Spray","floor":11},{"not_picked":["Backflip+1","Tactician+1"],"picked":"Underhanded Strike","floor":12},{"not_picked":["Masterful Stab","Outmaneuver+1"],"picked":"Terror+1","floor":14},{"not_picked":["Venomology+1","Glass Knife"],"picked":"Night Terror+1","floor":16},{"not_picked":["Sucker Punch","Heel Hook"],"picked":"Quick Slash+1","floor":18},{"not_picked":["Choke+1","Quick Slash"],"picked":"Terror+1","floor":20}],"player_experience":24636,"relics_obtained":[{"floor":7,"key":"Shovel"},{"floor":9,"key":"Shuriken"},{"floor":11,"key":"Incense Burner"}],"event_choices":[{"damage_healed":0,"gold_gain":0,"player_choice":"Donut","damage_taken":0,"max_hp_gain":5,"max_hp_loss":0,"event_name":"Big Fish","floor":3,"gold_loss":0},{"damage_healed":0,"gold_gain":0,"player_choice":"Grow","damage_taken":0,"max_hp_gain":0,"max_hp_loss":0,"event_name":"Living Wall","floor":4,"gold_loss":0,"cards_upgraded":["Underhanded Strike"]},{"damage_healed":0,"gold_gain":100,"player_choice":"Gold","damage_taken":0,"max_hp_gain":0,"max_hp_loss":0,"event_name":"Wheel of Change","floor":5,"gold_loss":0},{"damage_healed":0,"gold_gain":0,"player_choice":"Simplicity","damage_taken":0,"max_hp_gain":0,"max_hp_loss":0,"event_name":"Back to Basics","floor":19,"gold_loss":0,"cards_upgraded":["Defend_G","Defend_G","Defend_G","Defend_G","Defend_G","Strike_G","Strike_G","Strike_G","Strike_G","Strike_G"]}],"is_beta":false,"boss_relics":[{"not_picked":["Ectoplasm","Runic Pyramid"],"picked":"White Beast Statue"}],"items_purged_floors":[],"is_endless":false,"potions_floor_spawned":[2,12,14,18,20],"killed_by":"Centurion and Healer","ascension_level":0}