{"gold_per_floor":[109,128,146,146,160,160,174,174,221,233,257,287,329,359,371,454,466,493,537,152,152,202,202,202],"floor_reached":24,"playtime":1210,"items_purged":["Strike_R"],"score":347,"play_id":"8d6c2613-96f8-4d2e-a734-881020763134","local_time":"20181212030602","is_ascension_mode":true,"campfire_choices":[{"data":"Bash","floor":6,"key":"SMITH"},{"data":"True Grit","floor":8,"key":"SMITH"},{"data":"Feel No Pain","floor":10,"key":"SMITH"},{"data":"Pommel Strike","floor":15,"key":"SMITH"},{"floor":23,"key":"REST"}],"neow_cost":"NONE","seed_source_timestamp":23287679986109,"circlet_count":0,"master_deck":["AscendersBane","Strike_R","Defend_R","Defend_R","Defend_R","Defend_R","Bash+1","Feel No Pain+1","Anger+1","Iron Wave+1","Clothesline","Battle Trance","True Grit+1","Ghostly Armor+1","Flex+1","Pommel Strike+1","Pummel","Brutality","Intimidate","Writhe"],"relics":["Burning Blood","MawBank","Singing Bowl","Empty Cage","Red Mask","Pantograph","War Paint"],"potions_floor_usage":[19,19],"damage_taken":[{"damage":2,"enemies":"2 Louse","floor":1,"turns":4},{"damage":8,"enemies":"Jaw Worm","floor":2,"turns":4},{"damage":3,"enemies":"Small Slimes","floor":3,"turns":4},{"damage":8,"enemies":"Exordium Thugs","floor":5,"turns":4},{"damage":0,"enemies":"2 Fungi Beasts","floor":7,"turns":3},{"damage":0,"enemies":"Blue Slaver","floor":11,"turns":3},{"damage":0,"enemies":"Exordium Wildlife","floor":12,"turns":4},{"damage":17,"enemies":"Gremlin Nob","floor":13,"turns":5},{"damage":0,"enemies":"2 Fungi Beasts","floor":14,"turns":3},{"damage":57,"enemies":"The Guardian","floor":16,"turns":14},{"damage":28,"enemies":"2 Thieves","floor":18,"turns":4},{"damage":26,"enemies":"Masked Bandits","floor":19,"turns":5},{"damage":44,"enemies":"Gremlin Leader","floor":24,"turns":6}],"seed_played":"-92391243452199059","potions_obtained":[{"floor":2,"key":"Energy Potion"},{"floor":3,"key":"Swift Potion"},{"floor":5,"key":"Explosive Potion"},{"floor":19,"key":"Block Potion"}],"is_trial":false,"path_per_floor":["M","M","M","?","M","R","M","R","T","R","M","M","E","M","R","B",null,"M","?","$","?","?","R","E"],"character_chosen":"IRONCLAD","items_purchased":["Intimidate","Pantograph"],"campfire_rested":1,"item_purchase_floors":[20,20],"current_hp_per_floor":[72,70,73,50,48,48,54,54,54,54,60,66,55,61,61,10,59,39,21,21,21,21,44,0],"gold":202,"neow_bonus":"TRANSFORM_CARD","is_prod":false,"is_daily":false,"chose_seed":false,"campfire_upgraded":4,"win_rate":0,"timestamp":1544594762,"path_taken":["M","M","M","?","M","R","M","R","T","R","M","M","E","M","R","BOSS","M","?","$","?","?","R","E"],"build_version":"2018-12-06","purchased_purges":1,"victory":false,"max_hp_per_floor":[75,75,75,75,75,75,75,75,75,75,75,75,75,75,75,75,75,77,79,79,79,79,79,79],"card_choices":[{"not_picked":["Body Slam","Evolve"],"picked":"Anger","floor":1},{"not_picked":["Hemokinesis","Flex"],"picked":"Iron Wave","floor":2},{"not_picked":["Sever Soul","Perfected Strike"],"picked":"Clothesline","floor":3},{"not_picked":["Clash","Dropkick"],"picked":"Battle Trance","floor":5},{"not_picked":["Armaments","Battle Trance"],"picked":"True Grit","floor":7},{"not_picked":["Dropkick","Clash"],"picked":"Ghostly Armor","floor":11},{"not_picked":["Flame Barrier","Thunderclap"],"picked":"Flex","floor":12},{"not_picked":["Cleave","Metallicize"],"picked":"Pommel Strike","floor":13},{"not_picked":["Warcry","Body Slam"],"picked":"Pummel","floor":14},{"not_picked":["Offering","Dark Embrace"],"picked":"Brutality","floor":16},{"not_picked":["Wild Strike","Thunderclap","Rampage"],"picked":"Singing Bowl","floor":18},{"not_picked":["Anger","Ghostly Armor","Body Slam"],"picked":"Singing Bowl","floor":19}],"player_experience":517557,"relics_obtained":[{"floor":9,"key":"MawBank"},{"floor":13,"key":"Singing Bowl"},{"floor":19,"key":"Red Mask"}],"event_choices":[{"damage_healed":0,"gold_gain":0,"player_choice":"Entered Light","damage_taken":23,"max_hp_gain":0,"max_hp_loss":0,"event_name":"Shining Light","floor":4,"gold_loss":0,"cards_upgraded":["Iron Wave","Anger"]},{"damage_healed":0,"gold_gain":0,"player_choice":"Fought Bandits","damage_taken":0,"max_hp_gain":0,"max_hp_loss":0,"event_name":"Masked Bandits","floor":19,"gold_loss":0},{"damage_healed":0,"gold_gain":0,"player_choice":"Opened","damage_taken":0,"relics_obtained":["War Paint"],"max_hp_gain":0,"max_hp_loss":0,"event_name":"The Mausoleum","floor":21,"gold_loss":0,"cards_obtained":["Writhe"]},{"damage_healed":0,"gold_gain":50,"player_choice":"Stole From Cult","damage_taken":0,"max_hp_gain":0,"max_hp_loss":0,"event_name":"Nest","floor":22,"gold_loss":0}],"is_beta":false,"boss_relics":[{"not_picked":["Pandora\u0027s Box","Snecko Eye"],"picked":"Empty Cage"}],"items_purged_floors":[20],"is_endless":false,"potions_floor_spawned":[2,3,5,7,13,14,19],"killed_by":"Gremlin Leader","ascension_level":15}