{"gold_per_floor":[112,287,562,21,32,57,57,91,91,91,107,107,5,23,23,121,121,135,153,173,173],"floor_reached":21,"playtime":813,"items_purged":[],"score":227,"play_id":"d93a032d-23aa-4a15-9be4-45d6bfd69dff","local_time":"20181127222644","is_ascension_mode":true,"campfire_choices":[{"floor":7,"key":"REST"},{"floor":10,"key":"REST"},{"floor":15,"key":"REST"}],"neow_cost":"NONE","seed_source_timestamp":5111594130592059,"circlet_count":0,"master_deck":["Strike_B","Strike_B","Strike_B","Strike_B+1","Defend_B","Defend_B","Defend_B","Defend_B","Zap","Dualcast","Streamline+1","Doubt","FTL","Rip and Tear","White Noise","Darkness","Conserve Battery","White Noise","Stack","White Noise","Machine Learning","Streamline+1","Go for the Eyes","Leap"],"relics":["Cracked Core","Toolbox","Torii","Letter Opener","Whetstone","Matryoshka","Lizard Tail"],"potions_floor_usage":[6,6,16,18,19,21],"damage_taken":[{"damage":9,"enemies":"Small Slimes","floor":1,"turns":3},{"damage":5,"enemies":"Cultist","floor":5,"turns":3},{"damage":31,"enemies":"3 Sentries","floor":6,"turns":8},{"damage":21,"enemies":"Lagavulin","floor":8,"turns":7},{"damage":0,"enemies":"2 Louse","floor":11,"turns":2},{"damage":18,"enemies":"Red Slaver","floor":14,"turns":4},{"damage":7,"enemies":"Slime Boss","floor":16,"turns":7},{"damage":36,"enemies":"Shell Parasite","floor":18,"turns":4},{"damage":28,"enemies":"2 Thieves","floor":19,"turns":5},{"damage":58,"enemies":"Snake Plant","floor":20,"turns":5},{"damage":13,"enemies":"Snecko","floor":21,"turns":2}],"seed_played":"7892543488008391195","potions_obtained":[{"floor":1,"key":"EssenceOfSteel"},{"floor":5,"key":"Block Potion"},{"floor":14,"key":"Poison Potion"},{"floor":16,"key":"Fire Potion"},{"floor":18,"key":"EssenceOfSteel"},{"floor":20,"key":"FearPotion"}],"is_trial":false,"path_per_floor":["M","?","?","$","M","E","R","E","T","R","M","?","$","M","R","B",null,"M","M","M","M"],"character_chosen":"DEFECT","items_purchased":["Toolbox","Torii","FTL","White Noise","Stack"],"campfire_rested":3,"item_purchase_floors":[4,4,4,13,13],"current_hp_per_floor":[73,73,73,73,68,37,61,40,40,64,64,64,64,46,70,63,82,46,18,7,0],"gold":173,"neow_bonus":"TEN_PERCENT_HP_BONUS","is_prod":false,"is_daily":false,"chose_seed":false,"campfire_upgraded":0,"win_rate":0,"timestamp":1543375604,"path_taken":["M","?","?","$","M","E","R","E","T","R","?","?","$","M","R","BOSS","M","M","?","M"],"build_version":"2018-11-15","purchased_purges":0,"victory":false,"max_hp_per_floor":[82,82,82,82,82,82,82,82,82,82,82,82,82,82,82,82,82,82,82,82,82],"card_choices":[{"not_picked":["Undo","Steam"],"picked":"Streamline","floor":1},{"not_picked":["FTL","Streamline"],"picked":"Rip and Tear","floor":5},{"not_picked":["Reinforced Body","Undo"],"picked":"White Noise","floor":6},{"not_picked":["Tempest","Chill"],"picked":"Darkness","floor":8},{"not_picked":["Barrage","Streamline"],"picked":"Conserve Battery","floor":11},{"not_picked":["Cold Snap","Sweeping Beam"],"picked":"White Noise","floor":14},{"not_picked":["Hyperbeam","Biased Cognition"],"picked":"Machine Learning","floor":16},{"not_picked":["Recycle+1","Sweeping Beam"],"picked":"Streamline+1","floor":18},{"not_picked":["Defragment","Heatsinks"],"picked":"Go for the Eyes","floor":19},{"not_picked":["Undo","Steam"],"picked":"Leap","floor":20}],"player_experience":217952,"relics_obtained":[{"floor":6,"key":"Letter Opener"},{"floor":8,"key":"Whetstone"},{"floor":9,"key":"Matryoshka"}],"event_choices":[{"damage_healed":0,"gold_gain":175,"player_choice":"AGREE","damage_taken":0,"max_hp_gain":0,"max_hp_loss":0,"event_name":"Liars Game","floor":2,"gold_loss":0,"cards_obtained":["Doubt"]},{"damage_healed":0,"gold_gain":275,"player_choice":"Desecrate","damage_taken":0,"max_hp_gain":0,"max_hp_loss":0,"event_name":"Golden Shrine","floor":3,"gold_loss":0,"cards_obtained":["Regret"]},{"cards_removed":["Regret"],"damage_healed":0,"gold_gain":0,"player_choice":"Purged","damage_taken":0,"max_hp_gain":0,"max_hp_loss":0,"event_name":"Purifier","floor":12,"gold_loss":0}],"is_beta":false,"boss_relics":[{"not_picked":["Orrery","Black Star"],"picked":"Lizard Tail"}],"items_purged_floors":[],"is_endless":false,"potions_floor_spawned":[1,5,14,16,18,20],"killed_by":"Snecko","ascension_level":4}