{"gold_per_floor":[116,128,147,147,159,159,179,179,206,206,206,224,2,21,21,121,121,137,137,155,17,17,17,34,34,57,57,57,74,86,105,105,209,209,224,224,324,335,69,69,69,81,104],"floor_reached":43,"playtime":1709,"items_purged":["Strike_G","Strike_G"],"score":422,"play_id":"ef5c1114-efd8-4396-9fde-ae90cb8b64dc","local_time":"20190212225231","is_ascension_mode":false,"campfire_choices":[{"data":"Poisoned Stab","floor":6,"key":"SMITH"},{"data":"Deadly Poison","floor":8,"key":"SMITH"},{"data":"Catalyst","floor":15,"key":"SMITH"},{"data":"Well Laid Plans","floor":23,"key":"SMITH"},{"data":"Footwork","floor":25,"key":"SMITH"},{"floor":32,"key":"REST"},{"floor":40,"key":"REST"}],"neow_cost":"NONE","seed_source_timestamp":20045334370522,"circlet_count":0,"master_deck":["Defend_G","Defend_G","Defend_G","Defend_G","Defend_G","Strike_G","Survivor+1","Neutralize","Catalyst+1","Expertise+1","Flying Knee","Poisoned Stab+1","Deadly Poison+1","Prepared","Tactician","Dash","Well Laid Plans+1","Night Terror+1","Acrobatics","Deadly Poison","Footwork+1","Backflip","Footwork","Adrenaline","Dodge and Roll+1","Burst","Leg Sweep","Footwork","Good Instincts"],"relics":["Ring of the Snake","Oddly Smooth Stone"],"potions_floor_usage":[5,12,19,29,35,35,35,37],"damage_taken":[{"damage":0,"enemies":"2 Louse","floor":1,"turns":2},{"damage":0,"enemies":"Cultist","floor":2,"turns":4},{"damage":0,"enemies":"Small Slimes","floor":3,"turns":5},{"damage":15,"enemies":"Exordium Thugs","floor":5,"turns":6},{"damage":2,"enemies":"Looter","floor":7,"turns":3},{"damage":1,"enemies":"3 Louse","floor":12,"turns":2},{"damage":3,"enemies":"Gremlin Gang","floor":14,"turns":4},{"damage":2,"enemies":"Hexaghost","floor":16,"turns":6},{"damage":6,"enemies":"Spheric Guardian","floor":18,"turns":4},{"damage":15,"enemies":"Colosseum Slavers","floor":19,"turns":6},{"damage":0,"enemies":"Chosen","floor":20,"turns":4},{"damage":8,"enemies":"Snecko","floor":24,"turns":3},{"damage":2,"enemies":"Chosen and Byrds","floor":29,"turns":6},{"damage":10,"enemies":"Centurion and Healer","floor":30,"turns":5},{"damage":6,"enemies":"Cultist and Chosen","floor":31,"turns":6},{"damage":27,"enemies":"Champ","floor":33,"turns":6},{"damage":52,"enemies":"3 Darklings","floor":35,"turns":10},{"damage":0,"enemies":"Mind Bloom Boss Battle","floor":37,"turns":5},{"damage":15,"enemies":"Orb Walker","floor":38,"turns":4},{"damage":6,"enemies":"Writhing Mass","floor":42,"turns":5}],"seed_played":"1692777907864034318","potions_obtained":[{"floor":1,"key":"SkillPotion"},{"floor":5,"key":"Fire Potion"},{"floor":16,"key":"Weak Potion"},{"floor":18,"key":"Energy Potion"},{"floor":24,"key":"Strength Potion"},{"floor":31,"key":"Fire Potion"},{"floor":33,"key":"EssenceOfSteel"},{"floor":35,"key":"Swift Potion"},{"floor":42,"key":"Strength Potion"}],"is_trial":false,"path_per_floor":["M","M","M","?","M","R","M","R","T","?","?","M","$","M","R","B",null,"M","?","M","$","$","R","M","R","T","?","?","M","M","M","R","B",null,"M","?","?","M","$","R","?","M","T"],"character_chosen":"THE_SILENT","items_purchased":["Tactician","Dash","Footwork","Burst","Leg Sweep","Footwork"],"campfire_rested":2,"item_purchase_floors":[13,13,21,39,39,39],"current_hp_per_floor":[70,70,70,70,55,55,53,53,53,39,39,38,38,35,35,33,70,64,49,49,49,49,49,41,41,41,41,41,39,29,23,44,17,70,18,18,18,3,3,24,24,18,18],"gold":104,"neow_bonus":"REMOVE_CARD","is_prod":false,"is_daily":false,"chose_seed":false,"campfire_upgraded":5,"win_rate":0,"timestamp":1550022751,"path_taken":["M","M","M","?","M","R","?","R","T","?","?","M","$","M","R","BOSS","M","?","M","?","$","R","M","R","T","?","?","M","?","M","R","BOSS","M","?","?","M","$","R","?","M","T"],"build_version":"2019-01-23","purchased_purges":2,"victory":false,"max_hp_per_floor":[70,70,70,70,70,70,70,70,70,70,70,70,70,70,70,70,70,70,70,70,70,70,70,70,70,70,70,70,70,70,70,70,70,70,70,70,70,70,70,70,70,70,70],"card_choices":[{"not_picked":["Flying Knee","Deflect"],"picked":"Catalyst","floor":1},{"not_picked":["Dodge and Roll","Setup"],"picked":"Expertise","floor":2},{"not_picked":["Backstab","Heel Hook"],"picked":"Flying Knee","floor":3},{"not_picked":["Sucker Punch","Choke"],"picked":"Poisoned Stab","floor":5},{"not_picked":["Terror","Poisoned Stab"],"picked":"Deadly Poison","floor":7},{"not_picked":["Dagger Throw","All Out Attack"],"picked":"Prepared","floor":12},{"not_picked":["Deadly Poison","Calculated Gamble"],"picked":"Well Laid Plans","floor":14},{"not_picked":["A Thousand Cuts","Grand Finale"],"picked":"Night Terror","floor":16},{"not_picked":["Sucker Punch","Expertise"],"picked":"Acrobatics","floor":18},{"not_picked":["Sucker Punch","Poisoned Stab+1"],"picked":"Deadly Poison","floor":20},{"not_picked":["Outmaneuver+1","Dagger Spray+1","Accuracy"],"picked":"SKIP","floor":24},{"not_picked":["Flechettes+1","Dagger Throw+1"],"picked":"Backflip","floor":29},{"not_picked":["Sucker Punch+1","All Out Attack","Acrobatics"],"picked":"SKIP","floor":30},{"not_picked":["Poisoned Stab","Riddle With Holes"],"picked":"Footwork","floor":31},{"not_picked":["Die Die Die","Bullet Time"],"picked":"Adrenaline","floor":33},{"not_picked":["Expertise+1","Cloak And Dagger"],"picked":"Dodge and Roll+1","floor":35},{"not_picked":["Dagger Spray+1","Backstab","Infinite Blades"],"picked":"SKIP","floor":38},{"not_picked":["HandOfGreed","Mayhem"],"picked":"Good Instincts","floor":41},{"not_picked":["Blade Dance+1","Underhanded Strike","Sucker Punch"],"picked":"SKIP","floor":42}],"player_experience":847756,"relics_obtained":[{"floor":43,"key":"Oddly Smooth Stone"}],"event_choices":[{"damage_healed":0,"gold_gain":0,"player_choice":"Ignored","damage_taken":0,"max_hp_gain":0,"max_hp_loss":0,"event_name":"WeMeetAgain","floor":4,"gold_loss":0},{"damage_healed":0,"gold_gain":0,"player_choice":"Entered Light","damage_taken":14,"max_hp_gain":0,"max_hp_loss":0,"event_name":"Shining Light","floor":10,"gold_loss":0,"cards_upgraded":["Survivor","Expertise"]},{"cards_removed":["Strike_G"],"damage_healed":0,"gold_gain":0,"player_choice":"Purged","damage_taken":0,"max_hp_gain":0,"max_hp_loss":0,"event_name":"Purifier","floor":11,"gold_loss":0},{"damage_healed":0,"gold_gain":0,"player_choice":"Fight","damage_taken":0,"max_hp_gain":0,"max_hp_loss":0,"event_name":"Colosseum","floor":19,"gold_loss":0},{"damage_healed":0,"gold_gain":0,"player_choice":"Fled From Nobs","damage_taken":0,"max_hp_gain":0,"max_hp_loss":0,"event_name":"Colosseum","floor":19,"gold_loss":0},{"damage_healed":0,"gold_gain":0,"player_choice":"Forge","damage_taken":0,"max_hp_gain":0,"max_hp_loss":0,"event_name":"Accursed Blacksmith","floor":28,"gold_loss":0,"cards_upgraded":["Night Terror"]},{"damage_healed":0,"gold_gain":0,"player_choice":"Ignored","damage_taken":0,"max_hp_gain":0,"max_hp_loss":0,"event_name":"Tomb of Lord Red Mask","floor":36,"gold_loss":0},{"damage_healed":0,"gold_gain":0,"player_choice":"Fight","damage_taken":0,"max_hp_gain":0,"max_hp_loss":0,"event_name":"MindBloom","floor":37,"gold_loss":0},{"damage_healed":0,"gold_gain":0,"player_choice":"Memory 1","damage_taken":0,"max_hp_gain":0,"max_hp_loss":0,"event_name":"SensoryStone","floor":41,"gold_loss":0}],"is_beta":false,"boss_relics":[{"not_picked":["Orrery","Eternal Feather","Empty Cage"]},{"not_picked":["Philosopher\u0027s Stone","Black Star","Pandora\u0027s Box"]}],"items_purged_floors":[13,21],"is_endless":false,"potions_floor_spawned":[1,5,16,18,24,31,33,35,42],"ascension_level":0}