{"gold_per_floor":[119,133,133,133,147,147,165,200,200,200,230,230,247,51,51,152,152,124,124,124,49,66,93,93,126,152,164,193,205,217,240,252,363,375,398,90,145,158,1,33,33,0,0,0,0,20,52,2,2,2],"floor_reached":51,"playtime":3656,"items_purged":["Decay","Writhe"],"score":1039,"play_id":"9bec4a11-1a4e-462e-91ce-be0963080407","local_time":"20190122180233","is_ascension_mode":true,"campfire_choices":[{"data":"Cloak And Dagger","floor":6.0,"key":"SMITH"},{"floor":10.0,"key":"REST"},{"floor":12.0,"key":"REST"},{"data":"A Thousand Cuts","floor":15.0,"key":"SMITH"},{"floor":24.0,"key":"REST"},{"floor":27.0,"key":"REST"},{"floor":30.0,"key":"REST"},{"data":"A Thousand Cuts","floor":32.0,"key":"SMITH"},{"floor":41,"key":"REST"},{"data":"After Image","floor":44,"key":"SMITH"},{"data":"Noxious Fumes","floor":49,"key":"SMITH"}],"neow_cost":"NONE","seed_source_timestamp":0,"circlet_count":0,"master_deck":["Defend_G","Defend_G","Defend_G","Defend_G","Defend_G","Strike_G","Strike_G","Strike_G","Strike_G","Survivor","Neutralize+1","Cloak And Dagger+1","Noxious Fumes","Dagger Spray","Expertise","Bouncing Flask","Calculated Gamble+1","Blur+1","A Thousand Cuts+1","Escape Plan","A Thousand Cuts+1","Backstab","Infinite Blades","Noxious Fumes+1","Catalyst+1","Acrobatics+1","Infinite Blades","Backflip+1","After Image+1","Distraction+1","Well Laid Plans","Backflip+1","Deadly Poison","Caltrops+1","Well Laid Plans+1","Underhanded Strike+1"],"special_seed":0,"relics":["Ring of the Snake","Centennial Puzzle","Du-Vu Doll","Paper Crane","Regal Pillow","Philosopher\u0027s Stone","MutagenicStrength","Ornamental Fan","Torii","MawBank","Black Star","Gremlin Horn","Bird Faced Urn","War Paint","Pen Nib","Meat on the Bone","Red Mask","Letter Opener","Omamori","Smiling Mask"],"potions_floor_usage":[50],"damage_taken":[{"damage":2.0,"enemies":"Jaw Worm","floor":1.0,"turns":7.0},{"damage":0.0,"enemies":"2 Louse","floor":2.0,"turns":3.0},{"damage":0.0,"enemies":"Cultist","floor":5.0,"turns":4.0},{"damage":5.0,"enemies":"2 Fungi Beasts","floor":7.0,"turns":4.0},{"damage":31.0,"enemies":"Gremlin Nob","floor":8.0,"turns":5.0},{"damage":14.0,"enemies":"Lagavulin","floor":11.0,"turns":5.0},{"damage":10.0,"enemies":"3 Louse","floor":13.0,"turns":3.0},{"damage":32.0,"enemies":"The Guardian","floor":16.0,"turns":10.0},{"damage":16.0,"enemies":"2 Thieves","floor":18.0,"turns":5.0},{"damage":9.0,"enemies":"Shell Parasite","floor":22.0,"turns":5.0},{"damage":25.0,"enemies":"Book of Stabbing","floor":23.0,"turns":5.0},{"damage":33.0,"enemies":"Gremlin Leader","floor":25.0,"turns":5.0},{"damage":12.0,"enemies":"Snecko","floor":28.0,"turns":4.0},{"damage":9.0,"enemies":"Sentry and Sphere","floor":31.0,"turns":4.0},{"damage":33.0,"enemies":"Champ","floor":33.0,"turns":10.0},{"damage":19.0,"enemies":"Orb Walker","floor":35.0,"turns":4.0},{"damage":54.0,"enemies":"2 Orb Walkers","floor":37.0,"turns":5.0},{"damage":1.0,"enemies":"3 Shapes","floor":38.0,"turns":5.0},{"damage":6,"enemies":"Giant Head","floor":40,"turns":9},{"damage":26,"enemies":"Writhing Mass","floor":46,"turns":6},{"damage":0,"enemies":"Reptomancer","floor":47,"turns":5},{"damage":51,"enemies":"Time Eater","floor":50,"turns":10}],"seed_played":"6487505809522370974","potions_obtained":[{"floor":7.0,"key":"Poison Potion"},{"floor":11.0,"key":"FearPotion"},{"floor":13.0,"key":"GamblersBrew"},{"floor":16.0,"key":"Dexterity Potion"},{"floor":22.0,"key":"FairyPotion"},{"floor":25.0,"key":"Regen Potion"},{"floor":35.0,"key":"SkillPotion"},{"floor":46,"key":"FearPotion"},{"floor":47,"key":"GamblersBrew"}],"is_trial":false,"path_per_floor":["M","M","?","?","M","R","M","E","T","R","E","R","M","$","R","B",null,"M","?","?","$","M","E","R","E","T","R","M","?","R","M","R","B",null,"M","$","?","M","$","E","R","?","T","R","?","M","E","$","R","B",null],"character_chosen":"THE_SILENT","items_purchased":["A Thousand Cuts","Escape Plan","Gremlin Horn","Well Laid Plans","War Paint"],"campfire_rested":6,"item_purchase_floors":[14,14,36,36,39],"current_hp_per_floor":[68,68,68,65,65,65,60,29,29,52,38,76,66,66,66,34,66,50,50,50,50,41,16,54,21,21,59,47,47,77,68,68,35,67,48,48,8,17,17,27,65,65,65,65,77,56,72,72,72,44],"gold":2,"neow_bonus":"TEN_PERCENT_HP_BONUS","is_prod":false,"is_daily":false,"chose_seed":false,"campfire_upgraded":5,"win_rate":0,"timestamp":1548198153,"path_taken":["M","M","?","?","M","R","?","E","T","R","E","R","M","?","R","BOSS","M","?","?","$","M","E","R","E","T","R","M","?","R","M","R","BOSS","M","$","?","M","$","E","R","?","T","R","?","M","E","?","R","BOSS"],"build_version":"2019-01-17v2","purchased_purges":2,"victory":true,"max_hp_per_floor":[77,77,77,77,77,77,77,77,77,77,77,77,77,77,77,77,77,77,77,77,77,77,77,77,77,77,77,77,77,77,77,77,77,77,77,77,77,77,77,77,77,77,77,77,77,77,77,77,77,77],"card_choices":[{"not_picked":["Slice","Underhanded Strike"],"picked":"Cloak And Dagger","floor":1.0},{"not_picked":["Deadly Poison","Dagger Spray"],"picked":"Noxious Fumes","floor":2.0},{"not_picked":["Acrobatics","Dodge and Roll"],"picked":"Dagger Spray","floor":5.0},{"not_picked":["Accuracy","Slice"],"picked":"Expertise","floor":7.0},{"not_picked":["Finisher","Dodge and Roll"],"picked":"Bouncing Flask","floor":8.0},{"not_picked":["Bane","Poisoned Stab"],"picked":"Calculated Gamble","floor":11.0},{"not_picked":["Outmaneuver","Deflect"],"picked":"Blur","floor":13.0},{"not_picked":["Grand Finale","Malaise"],"picked":"A Thousand Cuts","floor":16.0},{"not_picked":["Deflect","Bane+1"],"picked":"Backstab","floor":18.0},{"not_picked":["Cloak And Dagger","Sucker Punch+1"],"picked":"Infinite Blades","floor":22.0},{"not_picked":["Dodge and Roll","Flechettes"],"picked":"Noxious Fumes","floor":23.0},{"not_picked":["Sucker Punch","Backstab"],"picked":"Catalyst+1","floor":25.0},{"not_picked":["Dagger Spray","Escape Plan+1"],"picked":"Acrobatics+1","floor":28.0},{"not_picked":["Endless Agony","Setup"],"picked":"Backflip+1","floor":31.0},{"not_picked":["Corpse Explosion","Unload"],"picked":"After Image","floor":33.0},{"not_picked":["Deflect","Bane"],"picked":"Distraction+1","floor":35.0},{"not_picked":["Slice","Dodge and Roll+1"],"picked":"Backflip+1","floor":37.0},{"not_picked":["Tactician+1","Sucker Punch"],"picked":"Deadly Poison","floor":38.0},{"not_picked":["Blade Dance+1","Bouncing Flask"],"picked":"Caltrops+1","floor":40},{"not_picked":["Deflect","Cloak And Dagger+1"],"picked":"Well Laid Plans+1","floor":46},{"not_picked":["Dagger Spray+1","Choke+1"],"picked":"Underhanded Strike+1","floor":47}],"player_experience":174146,"relics_obtained":[{"floor":8.0,"key":"Du-Vu Doll"},{"floor":9.0,"key":"Paper Crane"},{"floor":11.0,"key":"Regal Pillow"},{"floor":23.0,"key":"Ornamental Fan"},{"floor":25.0,"key":"Torii"},{"floor":26.0,"key":"MawBank"},{"floor":37.0,"key":"Bird Faced Urn"},{"floor":40,"key":"Pen Nib"},{"floor":40,"key":"Meat on the Bone"},{"floor":43,"key":"Letter Opener"},{"floor":47,"key":"Omamori"},{"floor":47,"key":"Smiling Mask"}],"event_choices":[{"damage_healed":0.0,"max_hp_gain":0.0,"max_hp_loss":0.0,"gold_gain":0.0,"event_name":"Living Wall","player_choice":"Grow","floor":3.0,"gold_loss":0.0,"damage_taken":0.0,"cards_upgraded":["Neutralize"]},{"damage_healed":0.0,"max_hp_gain":0.0,"max_hp_loss":0.0,"gold_gain":0.0,"event_name":"Scrap Ooze","player_choice":"Success","floor":4.0,"gold_loss":0.0,"damage_taken":3.0,"relics_obtained":["Centennial Puzzle"]},{"damage_healed":0.0,"max_hp_gain":0.0,"max_hp_loss":0.0,"gold_gain":0.0,"event_name":"Forgotten Altar","player_choice":"Smashed Altar","floor":19.0,"gold_loss":0.0,"damage_taken":0.0,"cards_obtained":["Decay"]},{"damage_healed":0.0,"max_hp_gain":0.0,"max_hp_loss":0.0,"gold_gain":0.0,"event_name":"Drug Dealer","player_choice":"Inject Mutagens","floor":20.0,"gold_loss":0.0,"damage_taken":0.0,"relics_obtained":["MutagenicStrength"]},{"damage_healed":0.0,"max_hp_gain":0.0,"max_hp_loss":0.0,"gold_gain":0.0,"cards_transformed":["Strike_G"],"event_name":"Transmorgrifier","player_choice":"Transformed","floor":29.0,"gold_loss":0.0,"damage_taken":0.0,"cards_obtained":["Infinite Blades"]},{"damage_healed":0.0,"max_hp_gain":0.0,"max_hp_loss":0.0,"gold_gain":0.0,"event_name":"Mysterious Sphere","player_choice":"Fight","floor":37.0,"gold_loss":0.0,"damage_taken":0.0},{"damage_healed":0,"gold_gain":0,"player_choice":"Paid","damage_taken":0,"relics_obtained":["Red Mask"],"max_hp_gain":0,"max_hp_loss":0,"event_name":"Tomb of Lord Red Mask","floor":42,"gold_loss":33},{"damage_healed":19,"gold_gain":0,"player_choice":"Writhe","damage_taken":0,"max_hp_gain":0,"max_hp_loss":0,"event_name":"Winding Halls","floor":45,"gold_loss":0,"cards_obtained":["Writhe"]}],"is_beta":false,"boss_relics":[{"not_picked":["White Beast Statue","Coffee Dripper"],"picked":"Philosopher\u0027s Stone"},{"not_picked":["Runic Dome","HoveringKite"],"picked":"Black Star"}],"items_purged_floors":[21,48],"is_endless":false,"potions_floor_spawned":[7,11,13,16,22,25,35,46,47],"ascension_level":8}