{"gold_per_floor":[217,232,245,265,285,315,315,39,109,109,125,460,382,382,382,382],"floor_reached":16,"playtime":1404,"items_purged":[],"score":112,"play_id":"d7ba9267-d0b2-4cf8-9385-7fef7aee3c70","local_time":"20190115035001","is_ascension_mode":false,"campfire_choices":[{"floor":7,"key":"REST"},{"floor":10,"key":"REST"},{"floor":15,"key":"REST"}],"neow_cost":"NONE","seed_source_timestamp":518263800722556,"circlet_count":0,"master_deck":["Defend_G","Defend_G","Defend_G","Defend_G","Defend_G","Strike_G","Strike_G","Strike_G","Strike_G","Strike_G","Survivor","Neutralize","Calculated Gamble","Flechettes+1","Dagger Throw","Flying Knee","Flechettes","Wraith Form v2+1","Eviscerate","Cleave","Offering","Backstab"],"relics":["Ring of the Snake","Potion Belt","PrismaticShard","Letter Opener","Old Coin"],"potions_floor_usage":[16,16,16],"damage_taken":[{"damage":1,"enemies":"Cultist","floor":1,"turns":5},{"damage":7,"enemies":"2 Louse","floor":2,"turns":3},{"damage":0,"enemies":"Small Slimes","floor":3,"turns":3},{"damage":6,"enemies":"2 Fungi Beasts","floor":4,"turns":4},{"damage":7,"enemies":"Blue Slaver","floor":5,"turns":4},{"damage":44,"enemies":"3 Sentries","floor":6,"turns":12},{"damage":16,"enemies":"Large Slime","floor":11,"turns":6},{"damage":8,"enemies":"Gremlin Nob","floor":12,"turns":5},{"damage":36,"enemies":"Hexaghost","floor":16,"turns":14}],"seed_played":"8303690271939595924","potions_obtained":[{"floor":1,"key":"SpeedPotion"},{"floor":3,"key":"GamblersBrew"},{"floor":4,"key":"Dexterity Potion"}],"is_trial":false,"path_per_floor":["M","M","M","M","M","E","R","$","T","R","M","E","$","?","R","B"],"character_chosen":"THE_SILENT","items_purchased":["PrismaticShard","Eviscerate","Backstab"],"campfire_rested":3,"item_purchase_floors":[8,8,13],"current_hp_per_floor":[69,62,62,56,49,5,26,26,26,47,31,23,23,9,30,0],"gold":382,"neow_bonus":"HUNDRED_GOLD","is_prod":false,"is_daily":false,"chose_seed":false,"campfire_upgraded":0,"win_rate":0.0,"timestamp":1547542201,"path_taken":["M","M","M","M","?","E","R","$","T","R","M","E","$","?","R","BOSS"],"build_version":"2019-01-10","purchased_purges":0,"victory":false,"max_hp_per_floor":[70,70,70,70,70,70,70,70,70,70,70,70,70,70,70,70],"card_choices":[{"not_picked":["Reflex","Bane"],"picked":"Calculated Gamble","floor":1},{"not_picked":["Underhanded Strike","Backstab"],"picked":"Flechettes","floor":2},{"not_picked":["Outmaneuver","Heel Hook"],"picked":"Dagger Throw","floor":3},{"not_picked":["Poisoned Stab","Flechettes"],"picked":"Flying Knee","floor":4},{"not_picked":["Backflip","Calculated Gamble"],"picked":"Flechettes","floor":5},{"not_picked":["Dodge and Roll","Dash"],"picked":"Wraith Form v2","floor":6},{"not_picked":["Wild Strike","Bandage Up"],"picked":"Cleave","floor":11},{"not_picked":["Leg Sweep","Accuracy"],"picked":"Offering","floor":12}],"player_experience":6960,"relics_obtained":[{"floor":6,"key":"Potion Belt"},{"floor":9,"key":"Letter Opener"},{"floor":12,"key":"Old Coin"}],"event_choices":[{"damage_healed":0,"gold_gain":0,"player_choice":"Entered Light","damage_taken":14,"max_hp_gain":0,"max_hp_loss":0,"event_name":"Shining Light","floor":14,"gold_loss":0,"cards_upgraded":["Flechettes","Wraith Form v2"]}],"is_beta":false,"boss_relics":[],"items_purged_floors":[],"is_endless":false,"potions_floor_spawned":[1,3,4],"killed_by":"Hexaghost","ascension_level":0}