{"gold_per_floor":[209,222,222,242,262,262,262,262,262,80,111,127,138,38,38,112,112,88,107,124,124,140,140,157,157,157,168,168,194,194],"floor_reached":30,"playtime":2117,"items_purged":["Strike_G","Strike_G"],"score":593,"play_id":"3390cbbc-79cd-4210-81e1-ddba73595fe4","local_time":"20190102164713","is_ascension_mode":true,"campfire_choices":[{"data":"Neutralize","floor":6,"key":"SMITH"},{"floor":8,"key":"REST"},{"floor":15,"key":"REST"},{"data":"Malaise","floor":23,"key":"SMITH"},{"floor":25,"key":"REST"},{"floor":28,"key":"REST"}],"neow_cost":"NONE","seed_source_timestamp":3840084204737,"circlet_count":0,"master_deck":["AscendersBane","Defend_G","Defend_G","Defend_G","Defend_G","Defend_G","Strike_G","Strike_G","Strike_G+1","Survivor","Neutralize+1","Predator+1","Dagger Throw","Flying Knee","PiercingWail","Deflect","Malaise+1","Deadly Poison","Dash","After Image","Backflip"],"relics":["Ring of the Snake","Calipers","Bird Faced Urn","Busted Crown","Frozen Egg 2","PreservedInsect"],"potions_floor_usage":[16,19,22,29,29],"damage_taken":[{"damage":0,"enemies":"Jaw Worm","floor":1,"turns":6},{"damage":1,"enemies":"Small Slimes","floor":2,"turns":5},{"damage":0,"enemies":"Cultist","floor":4,"turns":3},{"damage":1,"enemies":"Blue Slaver","floor":5,"turns":5},{"damage":40,"enemies":"3 Sentries","floor":11,"turns":10},{"damage":0,"enemies":"3 Louse","floor":12,"turns":4},{"damage":0,"enemies":"Looter","floor":13,"turns":3},{"damage":0,"enemies":"The Guardian","floor":16,"turns":11},{"damage":12,"enemies":"2 Thieves","floor":18,"turns":4},{"damage":1,"enemies":"3 Byrds","floor":19,"turns":8},{"damage":9,"enemies":"Centurion and Healer","floor":20,"turns":7},{"damage":12,"enemies":"3 Cultists","floor":22,"turns":6},{"damage":16,"enemies":"Snake Plant","floor":24,"turns":5},{"damage":16,"enemies":"Cultist and Chosen","floor":27,"turns":8},{"damage":19,"enemies":"Book of Stabbing","floor":29,"turns":7},{"damage":28,"enemies":"Chosen and Byrds","floor":30,"turns":9}],"seed_played":"8905721199785339171","potions_obtained":[{"floor":2,"key":"Weak Potion"},{"floor":11,"key":"GhostInAJar"},{"floor":13,"key":"Poison Potion"},{"floor":20,"key":"SpeedPotion"},{"floor":21,"key":"Energy Potion"},{"floor":21,"key":"PowerPotion"},{"floor":27,"key":"Strength Potion"},{"floor":29,"key":"Ancient Potion"}],"is_trial":false,"path_per_floor":["M","M","?","M","M","R","?","R","T","$","E","M","M","$","R","B",null,"M","M","M","?","M","R","M","R","T","M","R","E","M"],"character_chosen":"THE_SILENT","items_purchased":["Deflect","Block Potion"],"campfire_rested":4,"item_purchase_floors":[10,10],"current_hp_per_floor":[59,58,58,58,57,57,37,56,56,56,16,16,16,16,35,35,58,46,47,40,40,30,30,16,35,35,21,40,23,0],"gold":194,"neow_bonus":"HUNDRED_GOLD","is_prod":false,"is_daily":false,"chose_seed":false,"campfire_upgraded":2,"win_rate":0,"timestamp":1546458433,"path_taken":["M","M","?","M","M","R","?","R","T","$","E","M","M","?","R","BOSS","M","M","M","?","M","R","M","R","T","M","R","E","M"],"build_version":"2018-12-20","purchased_purges":2,"victory":false,"max_hp_per_floor":[66,66,66,66,66,66,66,66,66,66,66,66,66,66,66,66,66,66,66,66,66,66,66,66,66,66,66,66,66,66],"card_choices":[{"not_picked":["Flying Knee","Backflip"],"picked":"Predator","floor":1},{"not_picked":["PiercingWail","Blade Dance"],"picked":"Dagger Throw","floor":2},{"not_picked":["Slice","Backflip"],"picked":"Flying Knee","floor":4},{"not_picked":["Skewer","Bouncing Flask"],"picked":"PiercingWail","floor":5},{"not_picked":["Crippling Poison","Dagger Throw"],"picked":"Malaise","floor":11},{"not_picked":["Expertise","Flying Knee"],"picked":"Deadly Poison","floor":12},{"not_picked":["Dodge and Roll","Escape Plan"],"picked":"Dash","floor":13},{"not_picked":["Doppelganger","Bullet Time"],"picked":"After Image","floor":16},{"not_picked":["Underhanded Strike"],"picked":"SKIP","floor":18},{"not_picked":["Acrobatics"],"picked":"SKIP","floor":19},{"not_picked":["Underhanded Strike+1"],"picked":"SKIP","floor":20},{"not_picked":["Blade Dance"],"picked":"SKIP","floor":22},{"not_picked":["Slice"],"picked":"SKIP","floor":24},{"not_picked":[],"picked":"Backflip","floor":27},{"not_picked":["Expertise"],"picked":"SKIP","floor":29}],"player_experience":653491,"relics_obtained":[{"floor":9,"key":"Calipers"},{"floor":11,"key":"Bird Faced Urn"},{"floor":26,"key":"Frozen Egg 2"},{"floor":29,"key":"PreservedInsect"}],"event_choices":[{"damage_healed":0,"gold_gain":0,"player_choice":"Ignored","damage_taken":0,"max_hp_gain":0,"max_hp_loss":0,"event_name":"Liars Game","floor":3,"gold_loss":0},{"damage_healed":0,"gold_gain":0,"player_choice":"Entered Light","damage_taken":20,"max_hp_gain":0,"max_hp_loss":0,"event_name":"Shining Light","floor":7,"gold_loss":0,"cards_upgraded":["Predator","Strike_G"]},{"damage_healed":0,"gold_gain":0,"player_choice":"Got Potions","damage_taken":0,"max_hp_gain":0,"max_hp_loss":0,"event_name":"Lab","floor":21,"gold_loss":0}],"is_beta":false,"boss_relics":[{"not_picked":["Calling Bell","Runic Pyramid"],"picked":"Busted Crown"}],"items_purged_floors":[10,14],"is_endless":false,"potions_floor_spawned":[2,11,13,20,27,29],"killed_by":"Chosen and Byrds","ascension_level":19}