{"gold_per_floor":[212,212,21,21,21,52,70,70,70,70,129,83,83],"floor_reached":13,"playtime":506,"items_purged":[],"score":125,"play_id":"8eb46865-cdaa-4e32-bd89-d5d1a3dc1256","local_time":"20190122115047","is_ascension_mode":true,"campfire_choices":[{"floor":8,"key":"REST"}],"neow_cost":"NONE","seed_source_timestamp":1152809508801371,"circlet_count":0,"master_deck":["Defend_G","Defend_G","Defend_G+1","Defend_G","Defend_G","Strike_G","Strike_G","Strike_G+1","Strike_G","Strike_G","Survivor","Neutralize+1","Underhanded Strike","Apotheosis","Blur","Blade Dance","Decay","PiercingWail","Cloak And Dagger"],"relics":["Ring of the Snake","Potion Belt","Orichalcum","Mummified Hand","Tiny Chest"],"potions_floor_usage":[11],"damage_taken":[{"damage":5,"enemies":"Jaw Worm","floor":1,"turns":8},{"damage":31,"enemies":"Gremlin Nob","floor":6,"turns":4},{"damage":0,"enemies":"2 Louse","floor":7,"turns":3},{"damage":24,"enemies":"3 Sentries","floor":11,"turns":9},{"damage":4,"enemies":"Small Slimes","floor":13,"turns":3}],"seed_played":"6986861593913588955","potions_obtained":[{"floor":7,"key":"AttackPotion"}],"is_trial":false,"path_per_floor":["M","?","$","?","?","E","M","R","T","?","E","$","M"],"character_chosen":"THE_SILENT","items_purchased":["Apotheosis","Cloak And Dagger"],"campfire_rested":1,"item_purchase_floors":[3,12],"current_hp_per_floor":[58,44,44,37,37,6,6,27,27,27,3,3,0],"gold":83,"neow_bonus":"HUNDRED_GOLD","is_prod":false,"is_daily":false,"chose_seed":false,"campfire_upgraded":0,"win_rate":0,"timestamp":1548175847,"path_taken":["M","?","$","?","?","E","?","R","T","?","E","?","M"],"build_version":"2019-01-17v2","purchased_purges":0,"victory":false,"max_hp_per_floor":[70,70,70,70,70,70,70,70,70,70,70,70,70],"card_choices":[{"not_picked":["Dodge and Roll","Crippling Poison"],"picked":"Underhanded Strike","floor":1},{"not_picked":["Endless Agony","Dagger Throw"],"picked":"Blur","floor":6},{"not_picked":["Distraction","Setup"],"picked":"Blade Dance","floor":7},{"not_picked":["Malaise","Deadly Poison"],"picked":"PiercingWail","floor":11}],"player_experience":173640,"relics_obtained":[{"floor":6,"key":"Orichalcum"},{"floor":9,"key":"Mummified Hand"},{"floor":11,"key":"Tiny Chest"}],"event_choices":[{"damage_healed":0,"gold_gain":0,"player_choice":"Entered Light","damage_taken":14,"max_hp_gain":0,"max_hp_loss":0,"event_name":"Shining Light","floor":2,"gold_loss":0,"cards_upgraded":["Defend_G","Strike_G"]},{"damage_healed":0,"gold_gain":0,"player_choice":"Success","damage_taken":7,"relics_obtained":["Potion Belt"],"max_hp_gain":0,"max_hp_loss":0,"event_name":"Scrap Ooze","floor":4,"gold_loss":0},{"damage_healed":0,"gold_gain":0,"player_choice":"Upgraded","damage_taken":0,"max_hp_gain":0,"max_hp_loss":0,"event_name":"Upgrade Shrine","floor":5,"gold_loss":0,"cards_upgraded":["Neutralize"]},{"damage_healed":0,"gold_gain":0,"player_choice":"Cursed","damage_taken":0,"max_hp_gain":0,"max_hp_loss":0,"event_name":"Wheel of Change","floor":10,"gold_loss":0,"cards_obtained":["Decay"]}],"is_beta":false,"boss_relics":[],"items_purged_floors":[],"is_endless":false,"potions_floor_spawned":[7],"killed_by":"Small Slimes","ascension_level":8}