{"gold_per_floor":[112,127,127,77,98,142,142,166,166,205,231,247,287,310,310,439,439,454,155,176,20,20,49,66,96,96,96,114,139,156,174,174,278,278,294,310,325,425,441,473,489,489,489,489],"floor_reached":44,"playtime":2565,"items_purged":["Injury"],"score":655,"play_id":"ac04b900-d448-4730-a8c3-564cb5160089","local_time":"20190321020114","is_ascension_mode":true,"campfire_choices":[{"data":"Inflame","floor":7,"key":"SMITH"},{"data":"Pommel Strike","floor":15,"key":"SMITH"},{"floor":27,"key":"REST"},{"data":"Heavy Blade","floor":32,"key":"SMITH"}],"neow_cost":"NONE","seed_source_timestamp":635092700992276,"circlet_count":0,"master_deck":["Strike_R","Strike_R","Strike_R","Strike_R","Strike_R","Defend_R","Defend_R","Defend_R","Defend_R","Bash","Inflame+1","Pommel Strike+1","Flame Barrier+1","Reaper","Pummel","Heavy Blade+1","Metallicize","Immolate","Inflame+1","Corruption","Pummel","Double Tap+1","Writhe","Flame Barrier+1","Pummel+1","Bloodletting+1","Feed","Heavy Blade","Battle Trance+1","Heavy Blade+1","Dark Embrace","Decay"],"relics":["Burning Blood","Smiling Mask","Bloody Idol","Mercury Hourglass","Dodecahedron","Question Card","Odd Mushroom","StoneCalendar","Cursed Key","Kunai","Pen Nib","Boot","Nunchaku","Dream Catcher","Bag of Preparation","Sozu","Ice Cream","Bag of Marbles","War Paint"],"potions_floor_usage":[13,13,16,23,33,33,40,40],"damage_taken":[{"damage":9,"enemies":"Jaw Worm","floor":1,"turns":4},{"damage":3,"enemies":"2 Louse","floor":2,"turns":3},{"damage":5,"enemies":"Small Slimes","floor":5,"turns":3},{"damage":37,"enemies":"Lagavulin","floor":6,"turns":8},{"damage":13,"enemies":"Exordium Wildlife","floor":8,"turns":3},{"damage":32,"enemies":"Gremlin Nob","floor":10,"turns":4},{"damage":16,"enemies":"The Mushroom Lair","floor":11,"turns":3},{"damage":7,"enemies":"2 Fungi Beasts","floor":12,"turns":3},{"damage":15,"enemies":"3 Sentries","floor":13,"turns":4},{"damage":1,"enemies":"Exordium Thugs","floor":14,"turns":4},{"damage":35,"enemies":"Hexaghost","floor":16,"turns":8},{"damage":0,"enemies":"3 Byrds","floor":18,"turns":2},{"damage":11,"enemies":"Chosen","floor":20,"turns":5},{"damage":46,"enemies":"Slavers","floor":23,"turns":4},{"damage":24,"enemies":"Snake Plant","floor":24,"turns":2},{"damage":30,"enemies":"Gremlin Leader","floor":25,"turns":4},{"damage":12,"enemies":"Cultist and Chosen","floor":28,"turns":3},{"damage":23,"enemies":"Slavers","floor":29,"turns":4},{"damage":12,"enemies":"Chosen and Byrds","floor":30,"turns":3},{"damage":8,"enemies":"Snake Plant","floor":31,"turns":3},{"damage":65,"enemies":"Champ","floor":33,"turns":7},{"damage":43,"enemies":"Orb Walker","floor":35,"turns":5},{"damage":32,"enemies":"3 Darklings","floor":36,"turns":4},{"damage":18,"enemies":"Jaw Worm Horde","floor":37,"turns":2},{"damage":0,"enemies":"Mind Bloom Boss Battle","floor":38,"turns":4},{"damage":57,"enemies":"Writhing Mass","floor":39,"turns":5},{"damage":44,"enemies":"Giant Head","floor":40,"turns":6},{"damage":0,"enemies":"Spire Growth","floor":41,"turns":2},{"damage":45,"enemies":"Nemesis","floor":44,"turns":4}],"seed_played":"-3341799412906114490","potions_obtained":[{"floor":6,"key":"SteroidPotion"},{"floor":8,"key":"Explosive Potion"},{"floor":10,"key":"FearPotion"},{"floor":14,"key":"Fire Potion"},{"floor":23,"key":"EssenceOfSteel"},{"floor":25,"key":"Poison Potion"},{"floor":28,"key":"Weak Potion"},{"floor":33,"key":"Poison Potion"}],"is_trial":false,"path_per_floor":["M","M","?","$","M","E","R","M","T","E","?","M","E","M","R","B",null,"M","$","M","$","?","E","M","E","T","R","M","E","M","M","R","B",null,"M","M","M","?","M","E","M","?","T","E"],"character_chosen":"IRONCLAD","items_purchased":["Kunai","Corruption","Pen Nib"],"campfire_rested":1,"item_purchase_floors":[19,19,21],"current_hp_per_floor":[77,80,80,80,80,49,49,51,51,29,31,38,36,41,41,19,65,71,71,76,76,76,51,45,36,36,60,69,68,77,80,80,33,68,46,46,54,68,27,23,34,34,34,0],"gold":489,"neow_bonus":"RANDOM_COMMON_RELIC","is_prod":false,"is_daily":false,"chose_seed":false,"campfire_upgraded":3,"win_rate":0,"timestamp":1553148074,"path_taken":["M","M","?","$","M","E","R","M","T","E","?","M","E","M","R","BOSS","M","$","M","$","?","E","M","E","T","R","M","E","M","M","R","BOSS","M","M","M","?","M","E","M","?","T","E"],"build_version":"2019-01-23","purchased_purges":1,"victory":false,"max_hp_per_floor":[80,80,80,80,80,80,80,80,80,80,80,80,80,80,80,80,80,80,80,80,80,80,80,80,80,80,80,80,80,80,80,80,80,80,83,83,83,86,86,86,86,86,86,86],"card_choices":[{"not_picked":["Wild Strike","Shrug It Off"],"picked":"Inflame","floor":1},{"not_picked":["True Grit","Rampage"],"picked":"Pommel Strike","floor":2},{"not_picked":["Clothesline","Spot Weakness"],"picked":"Flame Barrier","floor":5},{"not_picked":["Impervious","Disarm"],"picked":"Reaper","floor":6},{"not_picked":["Intimidate","Sword Boomerang","Flex"],"picked":"SKIP","floor":8},{"not_picked":["Sword Boomerang","Rupture","True Grit"],"picked":"SKIP","floor":10},{"not_picked":["Thunderclap","Anger","Flex"],"picked":"Pummel","floor":11},{"not_picked":["Flex","Anger","Whirlwind"],"picked":"Heavy Blade","floor":12},{"not_picked":["Shockwave","Rupture","Perfected Strike"],"picked":"Metallicize","floor":13},{"not_picked":["Wild Strike","Cleave","True Grit","Havoc"],"picked":"SKIP","floor":14},{"not_picked":["Juggernaut","Dark Embrace","Exhume"],"picked":"Immolate","floor":16},{"not_picked":["Warcry","Fire Breathing","Evolve"],"picked":"Inflame+1","floor":18},{"not_picked":["Shrug It Off","Wild Strike","Dropkick+1","Thunderclap+1"],"picked":"SKIP","floor":20},{"not_picked":["Sword Boomerang+1","Flex","Immolate","Anger+1"],"picked":"SKIP","floor":23},{"not_picked":["Anger","Corruption","True Grit"],"picked":"Pummel","floor":24},{"not_picked":["Immolate","Rupture","Perfected Strike"],"picked":"Double Tap","floor":25},{"not_picked":["Carnage+1","Armaments","Clothesline"],"picked":"Flame Barrier+1","floor":27},{"not_picked":["Armaments","Wild Strike","Corruption","Body Slam"],"picked":"SKIP","floor":28},{"not_picked":["Combust","Searing Blow+1","Flex","Corruption+1"],"picked":"SKIP","floor":29},{"not_picked":["Heavy Blade","True Grit","Evolve+1"],"picked":"Pummel+1","floor":30},{"not_picked":["Corruption","Havoc","Shrug It Off+1"],"picked":"Bloodletting+1","floor":31},{"not_picked":["Offering","Demon Form","Brutality"],"picked":"Feed","floor":33},{"not_picked":["Combust+1","Clash","Armaments","Havoc+1"],"picked":"SKIP","floor":35},{"not_picked":["Armaments","Infernal Blade","Body Slam"],"picked":"Heavy Blade","floor":36},{"not_picked":["Infernal Blade","Iron Wave","Clash+1"],"picked":"Battle Trance+1","floor":37},{"not_picked":["Fire Breathing+1","Havoc+1","Intimidate+1"],"picked":"Heavy Blade+1","floor":38},{"not_picked":["Combust+1","Warcry","Heavy Blade+1","Clothesline+1"],"picked":"SKIP","floor":39},{"not_picked":["Hemokinesis","Whirlwind","Searing Blow+1"],"picked":"Dark Embrace","floor":40},{"not_picked":["Cleave+1","Fire Breathing","Headbutt","Body Slam"],"picked":"SKIP","floor":41}],"player_experience":202103,"relics_obtained":[{"floor":6,"key":"Mercury Hourglass"},{"floor":9,"key":"Dodecahedron"},{"floor":10,"key":"Question Card"},{"floor":11,"key":"Odd Mushroom"},{"floor":13,"key":"StoneCalendar"},{"floor":23,"key":"Boot"},{"floor":25,"key":"Nunchaku"},{"floor":26,"key":"Dream Catcher"},{"floor":29,"key":"Bag of Preparation"},{"floor":38,"key":"Ice Cream"},{"floor":40,"key":"Bag of Marbles"},{"floor":43,"key":"War Paint"}],"event_choices":[{"damage_healed":0,"gold_gain":0,"player_choice":"Take Wound","damage_taken":0,"relics_obtained":["Golden Idol"],"max_hp_gain":0,"max_hp_loss":0,"event_name":"Golden Idol","floor":3,"gold_loss":0,"cards_obtained":["Injury"]},{"damage_healed":0,"gold_gain":0,"player_choice":"Fought Mushrooms","damage_taken":0,"max_hp_gain":0,"max_hp_loss":0,"event_name":"Mushrooms","floor":11,"gold_loss":0},{"damage_healed":0,"gold_gain":0,"player_choice":"Gave Idol","damage_taken":0,"relics_obtained":["Bloody Idol"],"max_hp_gain":0,"max_hp_loss":0,"event_name":"Forgotten Altar","floor":22,"relics_lost":["Golden Idol"],"gold_loss":0},{"damage_healed":0,"gold_gain":0,"player_choice":"Fight","damage_taken":0,"max_hp_gain":0,"max_hp_loss":0,"event_name":"MindBloom","floor":38,"gold_loss":0},{"damage_healed":0,"gold_gain":0,"player_choice":"Ignored","damage_taken":0,"max_hp_gain":0,"max_hp_loss":0,"event_name":"Tomb of Lord Red Mask","floor":42,"gold_loss":0}],"is_beta":false,"boss_relics":[{"not_picked":["Empty Cage","Runic Cube"],"picked":"Cursed Key"},{"not_picked":["Mark of Pain","Orrery"],"picked":"Sozu"}],"items_purged_floors":[4],"is_endless":false,"potions_floor_spawned":[6,8,10,14,23,25,28,33,37,38,41],"killed_by":"Nemesis","ascension_level":5}