{"gold_per_floor":[116,31,41,55,66,98,98,117,117,82,82,108,127,137,137,236,236,251,241,241,241,29,58,71,71,71,91,134,134,134,165,165,165],"floor_reached":33,"playtime":3541,"items_purged":[],"score":351,"play_id":"5eb8dc79-9ce1-4b8a-8490-0e7f1b4eaa5e","local_time":"20190615170718","is_ascension_mode":false,"campfire_choices":[{"floor":7,"key":"REST"},{"data":"Armaments","floor":11,"key":"SMITH"},{"floor":15,"key":"REST"},{"floor":25,"key":"REST"},{"floor":29,"key":"REST"},{"floor":32,"key":"REST"}],"neow_cost":"NONE","seed_source_timestamp":163770418942300,"circlet_count":0,"master_deck":["Strike_R","Strike_R","Strike_R","Strike_R","Strike_R","Defend_R","Defend_R","Defend_R","Defend_R","Bash","Flame Barrier","Heavy Blade","Heavy Blade","Heavy Blade","Armaments+1","Limit Break+1","Intimidate+1","Headbutt","Metallicize","Entrench+1","Demon Form","Armaments+1","Cleave","Iron Wave","Clothesline","Thunderclap","Flame Barrier+1","Flex+1","Transmutation+1","Double Tap+1","Sword Boomerang+1","Wild Strike+1","Armaments+1","Shrug It Off+1"],"relics":["Burning Blood","Bronze Scales","Toxic Egg 2","Bottled Flame","Orrery","Nloth\u0027s Gift","Sundial","Bottled Lightning","Charon\u0027s Ashes"],"potions_floor_usage":[6,21,23,27,28,33],"damage_taken":[{"damage":1,"enemies":"Cultist","floor":1,"turns":4},{"damage":1,"enemies":"Jaw Worm","floor":3,"turns":3},{"damage":2,"enemies":"2 Louse","floor":4,"turns":3},{"damage":16,"enemies":"Red Slaver","floor":5,"turns":3},{"damage":30,"enemies":"3 Sentries","floor":6,"turns":8},{"damage":9,"enemies":"2 Fungi Beasts","floor":8,"turns":3},{"damage":30,"enemies":"Lagavulin","floor":12,"turns":6},{"damage":16,"enemies":"Large Slime","floor":13,"turns":7},{"damage":6,"enemies":"Blue Slaver","floor":14,"turns":4},{"damage":26,"enemies":"Slime Boss","floor":16,"turns":11},{"damage":0,"enemies":"3 Byrds","floor":18,"turns":1},{"damage":20,"enemies":"2 Thieves","floor":19,"turns":4},{"damage":0,"enemies":"Centurion and Healer","floor":21,"turns":1},{"damage":48,"enemies":"Book of Stabbing","floor":23,"turns":7},{"damage":19,"enemies":"3 Cultists","floor":24,"turns":6},{"damage":31,"enemies":"Cultist and Chosen","floor":27,"turns":7},{"damage":33,"enemies":"Centurion and Healer","floor":28,"turns":7},{"damage":68,"enemies":"Gremlin Leader","floor":31,"turns":7},{"damage":61,"enemies":"Automaton","floor":33,"turns":6}],"seed_played":"-7712571882927703736","potions_obtained":[{"floor":3,"key":"SmokeBomb"},{"floor":4,"key":"Strength Potion"},{"floor":12,"key":"SkillPotion"},{"floor":13,"key":"GamblersBrew"},{"floor":14,"key":"Ancient Potion"},{"floor":16,"key":"Swift Potion"},{"floor":23,"key":"SpeedPotion"},{"floor":27,"key":"Fruit Juice"}],"is_trial":false,"path_per_floor":["M","$","M","M","M","E","R","M","T","?","R","E","M","M","R","B",null,"M","M","?","M","$","E","M","R","T","M","M","R","?","E","R","B"],"character_chosen":"IRONCLAD","items_purchased":["Inflame","Heavy Blade","Flex+1","Transmutation+1"],"campfire_rested":5,"item_purchase_floors":[2,2,22,22],"current_hp_per_floor":[80,80,80,80,70,46,70,67,77,90,90,66,56,56,83,63,90,90,76,76,82,82,40,27,54,54,29,7,35,95,33,61,0],"gold":165,"neow_bonus":"RANDOM_COMMON_RELIC","is_prod":false,"is_daily":false,"chose_seed":false,"campfire_upgraded":1,"win_rate":0.0,"timestamp":1560582438,"path_taken":["M","?","M","M","M","E","R","M","T","?","R","E","M","M","R","BOSS","M","M","?","M","$","E","?","R","T","M","M","R","?","E","R","BOSS"],"build_version":"2019-01-23","purchased_purges":0,"victory":false,"max_hp_per_floor":[80,80,80,80,80,80,80,80,90,90,90,90,90,90,90,90,90,90,90,90,90,90,90,90,90,90,90,95,95,95,95,95,95],"card_choices":[{"not_picked":["Anger","Dropkick"],"picked":"Flame Barrier","floor":1},{"not_picked":["Body Slam","Ghostly Armor"],"picked":"Heavy Blade","floor":3},{"not_picked":["Flex","Anger"],"picked":"Heavy Blade","floor":4},{"not_picked":["Battle Trance","Headbutt"],"picked":"Armaments","floor":5},{"not_picked":["Fire Breathing","Clothesline"],"picked":"Limit Break","floor":6},{"not_picked":["Warcry+1","Sword Boomerang"],"picked":"Intimidate+1","floor":8},{"not_picked":["Evolve","Clash"],"picked":"Headbutt","floor":12},{"not_picked":["Anger","Wild Strike"],"picked":"Metallicize","floor":13},{"not_picked":["Headbutt","True Grit+1"],"picked":"Entrench+1","floor":14},{"not_picked":["Offering+1","Reaper"],"picked":"Demon Form","floor":16},{"not_picked":["Perfected Strike","Flame Barrier+1"],"picked":"Armaments+1","floor":17},{"not_picked":["Heavy Blade","Perfected Strike"],"picked":"Cleave","floor":17},{"not_picked":["Heavy Blade","Twin Strike"],"picked":"Iron Wave","floor":17},{"not_picked":["Feel No Pain","Warcry+1"],"picked":"Clothesline","floor":17},{"not_picked":["Reckless Charge","Heavy Blade"],"picked":"Thunderclap","floor":18},{"not_picked":["Battle Trance+1","Reaper"],"picked":"Flame Barrier+1","floor":19},{"not_picked":["Infernal Blade+1","Headbutt"],"picked":"Double Tap+1","floor":23},{"not_picked":["Wild Strike","Metallicize"],"picked":"Sword Boomerang+1","floor":24},{"not_picked":["Iron Wave","Rupture"],"picked":"Wild Strike+1","floor":27},{"not_picked":["Cleave","Dark Embrace"],"picked":"Armaments+1","floor":28},{"not_picked":["Brutality","Feed"],"picked":"Shrug It Off+1","floor":31}],"player_experience":26829,"relics_obtained":[{"floor":6,"key":"Toxic Egg 2"},{"floor":9,"key":"Pear"},{"floor":12,"key":"Bottled Flame"},{"floor":23,"key":"Sundial"},{"floor":26,"key":"Bottled Lightning"},{"floor":31,"key":"Charon\u0027s Ashes"}],"event_choices":[{"damage_healed":22,"gold_gain":0,"player_choice":"Healed","damage_taken":0,"max_hp_gain":0,"max_hp_loss":0,"event_name":"The Cleric","floor":10,"gold_loss":35},{"damage_healed":0,"gold_gain":0,"player_choice":"Traded Relic","damage_taken":0,"relics_obtained":["Nloth\u0027s Gift"],"max_hp_gain":0,"max_hp_loss":0,"event_name":"N\u0027loth","floor":20,"relics_lost":["Pear"],"gold_loss":0},{"cards_removed":["Inflame"],"damage_healed":60,"gold_gain":0,"player_choice":"Offered Uncommon","damage_taken":0,"max_hp_gain":0,"max_hp_loss":0,"event_name":"Bonfire Elementals","floor":30,"gold_loss":0}],"is_beta":false,"boss_relics":[{"not_picked":["Runic Pyramid","Runic Dome"],"picked":"Orrery"}],"items_purged_floors":[],"is_endless":false,"potions_floor_spawned":[3,4,12,13,14,16,19,23,27],"killed_by":"Automaton","ascension_level":0}