{"gold_per_floor":[112,112,128,144,158,158,181,256,283,299,315,315,24,39,39,39],"floor_reached":16,"playtime":795,"items_purged":[],"score":96,"play_id":"0fa56894-1ccd-4d18-8f2b-d4f3fd9843a1","local_time":"20181002230541","is_ascension_mode":false,"campfire_choices":[{"data":"Leg Sweep","floor":6,"key":"SMITH"},{"floor":15,"key":"REST"}],"neow_cost":"NONE","seed_source_timestamp":29877774601150,"circlet_count":0,"master_deck":["Defend_G","Defend_G","Defend_G","Defend_G","Defend_G","Strike_G","Strike_G","Strike_G","Strike_G","Strike_G","Survivor","Neutralize","Flying Knee","Deflect","Backflip","Outmaneuver","Leg Sweep+1","Quick Slash","Outmaneuver","Crippling Poison","Skewer"],"relics":["Ring of the Snake","Golden Idol","Boot","Pen Nib","Snake Skull","Lantern"],"potions_floor_usage":[10,16,16,16],"damage_taken":[{"damage":0,"enemies":"Jaw Worm","floor":1,"turns":4},{"damage":2,"enemies":"Small Slimes","floor":3,"turns":3},{"damage":0,"enemies":"2 Louse","floor":4,"turns":2},{"damage":6,"enemies":"Lots of Slimes","floor":5,"turns":6},{"damage":1,"enemies":"Blue Slaver","floor":7,"turns":5},{"damage":11,"enemies":"Exordium Thugs","floor":10,"turns":8},{"damage":1,"enemies":"2 Fungi Beasts","floor":11,"turns":4},{"damage":0,"enemies":"Looter","floor":14,"turns":3},{"damage":35,"enemies":"Slime Boss","floor":16,"turns":10}],"seed_played":"3679993371159275359","potions_obtained":[{"floor":1,"key":"Explosive Potion"},{"floor":5,"key":"SteroidPotion"},{"floor":11,"key":"Dexterity Potion"},{"floor":14,"key":"EssenceOfSteel"}],"is_trial":false,"path_per_floor":["M","?","M","M","M","R","M","?","T","M","M","?","$","M","R"],"character_chosen":"THE_SILENT","items_purchased":["Snake Skull","Lantern"],"campfire_rested":1,"item_purchase_floors":[13,13],"current_hp_per_floor":[70,65,63,63,57,57,56,45,45,34,33,21,21,21,40,5],"gold":39,"neow_bonus":"THREE_CARDS","is_prod":false,"is_daily":false,"chose_seed":false,"campfire_upgraded":1,"win_rate":0.0,"timestamp":1538532341,"path_taken":["M","?","M","M","?","R","M","?","T","M","M","?","$","M","R","BOSS"],"build_version":"2018-09-27","purchased_purges":0,"victory":false,"max_hp_per_floor":[70,65,65,65,65,65,65,65,65,65,65,65,65,65,65,65],"card_choices":[{"not_picked":["Terror","Escape Plan"],"picked":"Flying Knee","floor":0},{"not_picked":["Finisher","Dagger Throw"],"picked":"Deflect","floor":1},{"not_picked":["Dodge and Roll","Unload"],"picked":"Backflip","floor":3},{"not_picked":["Riddle With Holes","Finisher"],"picked":"Outmaneuver","floor":4},{"not_picked":["Masterful Stab","Deflect"],"picked":"Leg Sweep","floor":5},{"not_picked":["Accuracy","Flechettes"],"picked":"Quick Slash","floor":7},{"not_picked":["Calculated Gamble","Underhanded Strike"],"picked":"Outmaneuver","floor":10},{"not_picked":["PiercingWail","Masterful Stab"],"picked":"Crippling Poison","floor":11},{"not_picked":["Outmaneuver","Underhanded Strike"],"picked":"Skewer","floor":14}],"player_experience":99008,"relics_obtained":[{"floor":9,"key":"Boot"}],"event_choices":[{"event_name":"Golden Idol","player_choice":"Lose Max HP","floor":2,"damage_taken":0},{"event_name":"World of Goop","player_choice":"Gather Gold","floor":8,"damage_taken":0},{"event_name":"Scrap Ooze","player_choice":"success","floor":12,"damage_taken":12}],"is_beta":false,"boss_relics":[],"items_purged_floors":[],"is_endless":false,"potions_floor_spawned":[1,5,11,14],"killed_by":"Slime Boss","ascension_level":0}