{"gold_per_floor":[112,62,62,74,93,93,119,119,119,119,19,50,61,86,86,191,191,206,224,224,224,69,101,101,65,65,92,109,109,136,136,136,136],"floor_reached":33,"playtime":1111,"items_purged":[],"score":367,"play_id":"6700818a-7cb7-4885-97f0-bc3d32ac5b24","local_time":"20180920232753","is_ascension_mode":true,"campfire_choices":[{"data":"Streamline","floor":6,"key":"SMITH"},{"floor":8,"key":"REST"},{"floor":15,"key":"REST"},{"floor":24,"key":"REST"},{"floor":32,"key":"REST"}],"neow_cost":"CURSE","seed_source_timestamp":552587535175419,"circlet_count":0,"master_deck":["Strike_B+1","Strike_B+1","Strike_B+1","Strike_B+1","Defend_B+1","Defend_B+1","Defend_B+1","Defend_B+1","Zap","Dualcast","Redo+1","Streamline+1","Storm","Ball Lightning","Hello World","Sweeping Beam","Gash","Go for the Eyes","Redo","Buffer","Static Discharge","Core Surge","Writhe","Compile Driver+1","Defragment","White Noise","Barrage+1","FTL"],"relics":["Cracked Core","Torii","Ornamental Fan","Pen Nib","Dead Branch","Oddly Smooth Stone","Velvet Choker","Strawberry","Happy Flower","Omamori","Blue Candle","Art of War","Bag of Marbles"],"potions_floor_usage":[12,14,14,16,23,23,27,27],"damage_taken":[{"damage":7,"enemies":"2 Louse","floor":1,"turns":3},{"damage":1,"enemies":"Jaw Worm","floor":4,"turns":3},{"damage":0,"enemies":"Cultist","floor":5,"turns":3},{"damage":23,"enemies":"3 Sentries","floor":7,"turns":7},{"damage":1,"enemies":"Gremlin Nob","floor":12,"turns":3},{"damage":0,"enemies":"Large Slime","floor":13,"turns":2},{"damage":13,"enemies":"Lagavulin","floor":14,"turns":5},{"damage":36,"enemies":"The Guardian","floor":16,"turns":8},{"damage":22,"enemies":"Shell Parasite","floor":18,"turns":4},{"damage":0,"enemies":"Chosen","floor":19,"turns":3},{"damage":32,"enemies":"Book of Stabbing","floor":23,"turns":4},{"damage":15,"enemies":"Gremlin Leader","floor":27,"turns":6},{"damage":30,"enemies":"Snake Plant","floor":28,"turns":3},{"damage":25,"enemies":"Book of Stabbing","floor":30,"turns":5},{"damage":40,"enemies":"Champ","floor":33,"turns":5}],"seed_played":"-7796185927008195717","potions_obtained":[{"floor":7,"key":"Fire Potion"},{"floor":10,"key":"PowerPotion"},{"floor":10,"key":"Weak Potion"},{"floor":13,"key":"PowerPotion"},{"floor":14,"key":"Swift Potion"},{"floor":16,"key":"Ancient Potion"},{"floor":19,"key":"AttackPotion"},{"floor":23,"key":"Poison Potion"}],"is_trial":false,"path_per_floor":["M","?","?","M","M","R","E","R","T","?","$","E","M","E","R","B",null,"M","M","?","?","$","E","R","$","T","E","M","?","E","?","R"],"character_chosen":"DEFECT","items_purchased":["Hello World","Sweeping Beam","Happy Flower","Defragment"],"campfire_rested":4,"item_purchase_floors":[11,11,22,25],"current_hp_per_floor":[68,68,53,52,52,52,29,51,51,51,51,57,57,44,66,30,75,53,53,53,60,60,28,52,52,52,37,7,34,9,9,33,0],"gold":136,"neow_bonus":"ONE_RARE_RELIC","is_prod":false,"is_daily":false,"chose_seed":false,"campfire_upgraded":1,"win_rate":0,"timestamp":1537500473,"path_taken":["M","?","?","M","M","R","E","R","T","?","?","E","M","E","R","BOSS","M","M","?","?","$","E","R","$","T","E","M","?","E","?","R","BOSS"],"build_version":"2018-09-20","purchased_purges":0,"victory":false,"max_hp_per_floor":[75,75,75,75,75,75,75,75,75,75,75,75,75,75,75,75,75,75,75,75,82,82,82,82,82,82,82,82,82,82,82,82,82],"card_choices":[{"not_picked":["Leap","Compile Driver"],"picked":"Redo","floor":1},{"not_picked":["Rebound","Stack"],"picked":"Streamline","floor":4},{"not_picked":["Consume","Steam"],"picked":"Storm","floor":5},{"not_picked":["Fission","Rip and Tear"],"picked":"Ball Lightning","floor":7},{"not_picked":["Coolheaded","Sweeping Beam"],"picked":"Gash","floor":12},{"not_picked":["Consume","Stack"],"picked":"Go for the Eyes","floor":13},{"not_picked":["Hologram","All For One"],"picked":"Redo","floor":14},{"not_picked":["Biased Cognition","All For One"],"picked":"Buffer","floor":16},{"not_picked":["Defragment","Streamline"],"picked":"Static Discharge","floor":18},{"not_picked":["Leap","Skim+1"],"picked":"Streamline","floor":19},{"not_picked":["Rainbow","Streamline+1"],"picked":"Compile Driver+1","floor":23},{"not_picked":["Consume","Tempest"],"picked":"White Noise","floor":27},{"not_picked":["Turbo+1","Gash"],"picked":"Barrage+1","floor":28},{"not_picked":["Redo","Rebound+1"],"picked":"FTL","floor":30}],"player_experience":160775,"relics_obtained":[{"floor":7,"key":"Ornamental Fan"},{"floor":9,"key":"Pen Nib"},{"floor":12,"key":"Dead Branch"},{"floor":14,"key":"Oddly Smooth Stone"},{"floor":23,"key":"Omamori"},{"floor":26,"key":"Blue Candle"},{"floor":27,"key":"Art of War"},{"floor":30,"key":"Bag of Marbles"}],"event_choices":[{"event_name":"The Cleric","player_choice":"Card Removal","floor":2,"damage_taken":0},{"event_name":"Shining Light","player_choice":"Entered Light","floor":3,"damage_taken":0},{"event_name":"The Lab","player_choice":"Got Potions","floor":10,"damage_taken":0},{"event_name":"Transmorgrifier","player_choice":"Transform","floor":20,"damage_taken":0},{"event_name":"The Mausoleum","player_choice":"Yes","floor":21,"damage_taken":0},{"event_name":"The Library","player_choice":"Heal","floor":29,"damage_taken":0},{"event_name":"Back to Basics","player_choice":"Simplicity","floor":31,"damage_taken":0}],"is_beta":false,"boss_relics":[{"not_picked":["Runic Dome","Ectoplasm"],"picked":"Velvet Choker"}],"items_purged_floors":[],"is_endless":false,"potions_floor_spawned":[7,13,14,16,19,23],"killed_by":"Champ","ascension_level":3}