{"gold_per_floor":[111,123,143,143,143,175,175,203,203,203,249,8,8,23,23,123,123,138,237,247,261,0,0,28,28,55,82,96,196,230,246,246,246],"floor_reached":33,"playtime":2705,"items_purged":[],"score":313,"play_id":"6484f25a-7aa0-45e8-a890-928a2122f4c9","local_time":"20190116130443","is_ascension_mode":false,"campfire_choices":[{"floor":7,"key":"REST"},{"floor":10,"key":"REST"},{"data":"Dagger Spray","floor":15,"key":"SMITH"},{"floor":23,"key":"REST"},{"floor":25,"key":"REST"},{"floor":32,"key":"REST"}],"neow_cost":"NONE","seed_source_timestamp":636647930013975,"circlet_count":0,"master_deck":["Defend_G+1","Defend_G","Defend_G","Defend_G","Defend_G","Strike_G","Strike_G","Strike_G","Strike_G","Strike_G","Survivor","Neutralize+1","Backflip+1","Poisoned Stab","Deadly Poison","Heel Hook","Blade Dance+1","Dagger Spray+1","Acrobatics","A Thousand Cuts","Backflip","Blade Dance","Cloak And Dagger","Caltrops","Predator","Quick Slash","Dagger Throw+1","Wraith Form v2","Backstab+1","Dagger Throw+1","Backflip+1"],"relics":["Ring of the Snake","Matryoshka","Meat on the Bone","Ninja Scroll","Bag of Preparation","Pear","Dream Catcher","Anchor","Ornamental Fan","Black Star","Kunai","Mercury Hourglass","Bronze Scales","Centennial Puzzle","WingedGreaves","Happy Flower","Peace Pipe","Molten Egg 2","Toxic Egg 2","War Paint"],"potions_floor_usage":[20,31,31,31,33],"damage_taken":[{"damage":0,"enemies":"Small Slimes","floor":1,"turns":3},{"damage":0,"enemies":"Jaw Worm","floor":2,"turns":4},{"damage":0,"enemies":"2 Louse","floor":3,"turns":3},{"damage":28,"enemies":"Gremlin Nob","floor":6,"turns":5},{"damage":9,"enemies":"Lagavulin","floor":8,"turns":6},{"damage":0,"enemies":"Red Slaver","floor":14,"turns":2},{"damage":52,"enemies":"Slime Boss","floor":16,"turns":12},{"damage":7,"enemies":"2 Thieves","floor":18,"turns":4},{"damage":26,"enemies":"Spheric Guardian","floor":20,"turns":6},{"damage":23,"enemies":"Snecko","floor":21,"turns":5},{"damage":27,"enemies":"Book of Stabbing","floor":24,"turns":7},{"damage":12,"enemies":"Slavers","floor":27,"turns":4},{"damage":0,"enemies":"Cultist and Chosen","floor":28,"turns":4},{"damage":4,"enemies":"Colosseum Slavers","floor":29,"turns":2},{"damage":24,"enemies":"Colosseum Nobs","floor":29,"turns":4},{"damage":40,"enemies":"Gremlin Leader","floor":30,"turns":5},{"damage":0,"enemies":"Sentry and Sphere","floor":31,"turns":3},{"damage":61,"enemies":"Collector","floor":33,"turns":10}],"seed_played":"5596472809816608709","potions_obtained":[{"floor":1,"key":"Dexterity Potion"},{"floor":14,"key":"SkillPotion"},{"floor":24,"key":"EssenceOfSteel"},{"floor":30,"key":"Strength Potion"},{"floor":31,"key":"Ancient Potion"}],"is_trial":false,"path_per_floor":["M","M","M","?","?","E","R","E","T","R","T","$","?","M","R","B",null,"M","?","M","M","$","R","E","R","T","E","M","?","E","M","R","B"],"character_chosen":"THE_SILENT","items_purchased":["Ornamental Fan","Kunai"],"campfire_rested":5,"item_purchase_floors":[12,22],"current_hp_per_floor":[70,70,70,70,63,35,56,47,57,80,80,80,80,80,80,40,80,73,73,47,36,36,60,45,69,69,57,57,41,13,25,49,0],"gold":246,"neow_bonus":"THREE_CARDS","is_prod":false,"is_daily":false,"chose_seed":false,"campfire_upgraded":1,"win_rate":0.0,"timestamp":1547661883,"path_taken":["M","M","M","?","?","E","R","E","T","R","?","$","?","?","R","BOSS","M","?","M","M","$","R","E","R","T","E","M","?","E","M","R","BOSS"],"build_version":"2019-01-10","purchased_purges":0,"victory":false,"max_hp_per_floor":[70,70,70,70,70,70,70,70,80,80,80,80,80,80,80,80,80,80,80,80,80,80,80,80,80,80,80,80,80,80,80,80,80],"card_choices":[{"not_picked":["Caltrops","Choke"],"picked":"Backflip","floor":0},{"not_picked":["Bouncing Flask","Deflect"],"picked":"Poisoned Stab","floor":1},{"not_picked":["Deflect","Finisher"],"picked":"Deadly Poison","floor":2},{"not_picked":["Flechettes","Deflect"],"picked":"Heel Hook","floor":3},{"not_picked":["Flechettes","Deadly Poison"],"picked":"Blade Dance","floor":6},{"not_picked":["Caltrops","Bane"],"picked":"Dagger Spray","floor":8},{"not_picked":["Outmaneuver","Deflect"],"picked":"Acrobatics","floor":14},{"not_picked":["Wraith Form v2","Glass Knife"],"picked":"A Thousand Cuts","floor":16},{"not_picked":["Dash","Slice"],"picked":"Backflip","floor":18},{"not_picked":["Outmaneuver+1","Bane"],"picked":"Blade Dance","floor":20},{"not_picked":["Footwork","Blade Dance+1"],"picked":"Cloak And Dagger","floor":21},{"not_picked":["Endless Agony","Dagger Throw"],"picked":"Caltrops","floor":23},{"not_picked":["Outmaneuver","Poisoned Stab"],"picked":"Predator","floor":24},{"not_picked":["Caltrops","Dagger Throw"],"picked":"Quick Slash","floor":27},{"not_picked":["Choke","Tactician"],"picked":"Dagger Throw+1","floor":28},{"not_picked":["Deflect+1","Deadly Poison"],"picked":"Wraith Form v2","floor":29},{"not_picked":["PiercingWail","Dash+1"],"picked":"Backstab+1","floor":30},{"not_picked":["Noxious Fumes","Escape Plan+1"],"picked":"Dagger Throw+1","floor":31},{"not_picked":["Slice+1","Eviscerate+1"],"picked":"Backflip+1","floor":32}],"player_experience":42878,"relics_obtained":[{"floor":6,"key":"Meat on the Bone"},{"floor":8,"key":"Ninja Scroll"},{"floor":9,"key":"Bag of Preparation"},{"floor":9,"key":"Pear"},{"floor":11,"key":"Dream Catcher"},{"floor":11,"key":"Anchor"},{"floor":24,"key":"Mercury Hourglass"},{"floor":24,"key":"Bronze Scales"},{"floor":26,"key":"Centennial Puzzle"},{"floor":27,"key":"WingedGreaves"},{"floor":27,"key":"Happy Flower"},{"floor":29,"key":"Peace Pipe"},{"floor":29,"key":"Molten Egg 2"},{"floor":30,"key":"Toxic Egg 2"},{"floor":30,"key":"War Paint"}],"event_choices":[{"damage_healed":0,"gold_gain":0,"player_choice":"Grow","damage_taken":0,"max_hp_gain":0,"max_hp_loss":0,"event_name":"Living Wall","floor":4,"gold_loss":0,"cards_upgraded":["Neutralize"]},{"damage_healed":0,"gold_gain":0,"player_choice":"Success","damage_taken":7,"relics_obtained":["Matryoshka"],"max_hp_gain":0,"max_hp_loss":0,"event_name":"Scrap Ooze","floor":5,"gold_loss":0},{"damage_healed":0,"gold_gain":0,"player_choice":"Upgraded","damage_taken":0,"max_hp_gain":0,"max_hp_loss":0,"event_name":"Upgrade Shrine","floor":13,"gold_loss":0,"cards_upgraded":["Blade Dance"]},{"damage_healed":0,"gold_gain":99,"player_choice":"Stole From Cult","damage_taken":0,"max_hp_gain":0,"max_hp_loss":0,"event_name":"Nest","floor":19,"gold_loss":0},{"damage_healed":0,"gold_gain":0,"player_choice":"Fight","damage_taken":0,"max_hp_gain":0,"max_hp_loss":0,"event_name":"Colosseum","floor":29,"gold_loss":0},{"damage_healed":0,"gold_gain":0,"player_choice":"Fought Nobs","damage_taken":0,"max_hp_gain":0,"max_hp_loss":0,"event_name":"Colosseum","floor":29,"gold_loss":0}],"is_beta":false,"boss_relics":[{"not_picked":["WristBlade","Fusion Hammer"],"picked":"Black Star"}],"items_purged_floors":[],"is_endless":false,"potions_floor_spawned":[1,14,24,29,30,31],"killed_by":"Collector","ascension_level":0}