{"gold_per_floor":[115,115,115,115,135,169,73,104,104,104,104,120,120,134,134,235,235,249,249,249,174,162,196,196,47,74,74,74,86,11,11,11,114,114,125,141,1140,1160,449,449],"floor_reached":40,"playtime":3288,"items_purged":["Shame","Wild Strike","Normality"],"score":724,"play_id":"34656bd2-b497-492c-9712-bced72745554","local_time":"20190611231307","is_ascension_mode":true,"campfire_choices":[{"data":"Flame Barrier","floor":11.0,"key":"SMITH"},{"data":"Bash","floor":13.0,"key":"SMITH"},{"floor":15.0,"key":"REST"},{"floor":24.0,"key":"REST"},{"data":"Demon Form","floor":28.0,"key":"SMITH"},{"floor":32,"key":"REST"}],"neow_cost":"NONE","seed_source_timestamp":0,"circlet_count":0,"master_deck":["AscendersBane","Bash+1","Flame Barrier+1","True Grit+1","Uppercut","Iron Wave","Cleave","Disarm","Impervious","Dual Wield","Corruption","Infernal Blade","Limit Break","Offering","Bloodletting","Dark Embrace","Demon Form+1","Pummel","Thunderclap","Blind","Headbutt","Warcry","Offering","Pummel+1","Normality","Inflame","Panacea","Flame Barrier+1","Metamorphosis"],"special_seed":0,"relics":["Burning Blood","NeowsBlessing","Letter Opener","Potion Belt","Darkstone Periapt","War Paint","Bag of Preparation","Pandora\u0027s Box","Unceasing Top","Singing Bowl","Strawberry","Cursed Key","DollysMirror"],"potions_floor_usage":[29,33,38,40,40,40],"damage_taken":[{"damage":0.0,"enemies":"Small Slimes","floor":1.0,"turns":1.0},{"damage":0.0,"enemies":"Jaw Worm","floor":5.0,"turns":1.0},{"damage":0.0,"enemies":"3 Sentries","floor":6.0,"turns":2.0},{"damage":32.0,"enemies":"Lagavulin","floor":8.0,"turns":8.0},{"damage":0.0,"enemies":"2 Louse","floor":12.0,"turns":2.0},{"damage":12.0,"enemies":"Exordium Wildlife","floor":14.0,"turns":4.0},{"damage":44.0,"enemies":"Hexaghost","floor":16.0,"turns":15.0},{"damage":15.0,"enemies":"Chosen","floor":18.0,"turns":5.0},{"damage":26.0,"enemies":"2 Thieves","floor":22.0,"turns":4.0},{"damage":43.0,"enemies":"Book of Stabbing","floor":23.0,"turns":7.0},{"damage":30,"enemies":"Cultist and Chosen","floor":29,"turns":5},{"damage":56,"enemies":"Automaton","floor":33,"turns":8},{"damage":36,"enemies":"3 Darklings","floor":35,"turns":4},{"damage":15,"enemies":"Orb Walker","floor":36,"turns":3},{"damage":52,"enemies":"Spire Growth","floor":38,"turns":5},{"damage":35,"enemies":"Nemesis","floor":40,"turns":3}],"seed_played":"-7936620781262704784","potions_obtained":[{"floor":1.0,"key":"Fire Potion"},{"floor":6.0,"key":"EssenceOfSteel"},{"floor":16.0,"key":"AttackPotion"},{"floor":29,"key":"Regen Potion"},{"floor":33,"key":"Dexterity Potion"},{"floor":36,"key":"SteroidPotion"}],"is_trial":false,"path_per_floor":["M","?","?","?","M","E","$","E","T","T","R","M","R","M","R","B",null,"M","?","?","$","M","E","R","$","T","?","R","M","$","$","R","B",null,"M","M","?","M","$","E"],"character_chosen":"IRONCLAD","items_purchased":["Iron Wave","Explosive Potion","PowerPotion","Warcry","SpeedPotion","Panacea","EssenceOfSteel","PowerPotion","DollysMirror","Metamorphosis"],"campfire_rested":3,"item_purchase_floors":[7,7,25,30,30,39,39,39,39,39],"current_hp_per_floor":[78,62,62,55,61,67,67,41,41,41,41,47,47,41,65,27,67,58,80,86,86,66,31,57,57,64,64,64,40,40,40,68,18,76,48,39,51,19,19,0],"gold":449,"neow_bonus":"THREE_ENEMY_KILL","is_prod":false,"is_daily":false,"chose_seed":false,"campfire_upgraded":3,"win_rate":0,"timestamp":1560319987,"path_taken":["M","?","?","?","M","E","$","E","T","?","R","M","R","M","R","BOSS","M","?","?","?","?","E","R","$","T","?","R","M","?","$","R","BOSS","M","M","?","M","$","E"],"build_version":"2019-01-23","purchased_purges":3,"victory":false,"max_hp_per_floor":[80,80,80,80,80,80,80,80,80,80,80,80,80,80,80,80,80,80,80,86,86,86,88,88,88,95,95,95,95,95,95,95,95,95,97,97,109,109,109,109],"card_choices":[{"not_picked":["Clothesline","Seeing Red"],"picked":"Flame Barrier","floor":1.0},{"not_picked":["Armaments","Dual Wield"],"picked":"True Grit","floor":5.0},{"not_picked":["Iron Wave","Evolve"],"picked":"Uppercut","floor":6.0},{"not_picked":["Clothesline","Rage"],"picked":"Cleave","floor":8.0},{"not_picked":["Twin Strike","Corruption","Intimidate"],"picked":"SKIP","floor":12.0},{"not_picked":["Pommel Strike","Cleave"],"picked":"Disarm","floor":14.0},{"not_picked":["Exhume","Juggernaut"],"picked":"Impervious","floor":16.0},{"not_picked":["Twin Strike+1","Whirlwind"],"picked":"Pummel","floor":18.0},{"not_picked":["Clothesline","Heavy Blade","Bloodletting"],"picked":"SKIP","floor":22.0},{"not_picked":["Perfected Strike","Heavy Blade","Body Slam+1"],"picked":"Singing Bowl","floor":23.0},{"not_picked":["Bludgeon","Pommel Strike"],"picked":"Headbutt","floor":29},{"not_picked":["Bludgeon","Fiend Fire"],"picked":"Offering","floor":33},{"not_picked":["Clash+1","Burning Pact+1","Perfected Strike+1"],"picked":"Singing Bowl","floor":35},{"not_picked":["Twin Strike","Battle Trance+1"],"picked":"Pummel+1","floor":36},{"not_picked":["Bloodletting","Body Slam"],"picked":"Inflame","floor":38}],"player_experience":233652,"relics_obtained":[{"floor":6.0,"key":"Potion Belt"},{"floor":8.0,"key":"Darkstone Periapt"},{"floor":9.0,"key":"War Paint"},{"floor":10.0,"key":"Bag of Preparation"},{"floor":23.0,"key":"Singing Bowl"},{"floor":26.0,"key":"Strawberry"}],"event_choices":[{"damage_healed":0.0,"max_hp_gain":0.0,"max_hp_loss":0.0,"gold_gain":0.0,"event_name":"Shining Light","player_choice":"Entered Light","floor":2.0,"gold_loss":0.0,"damage_taken":16.0,"cards_upgraded":["Strike_R","Defend_R"]},{"damage_healed":0.0,"max_hp_gain":0.0,"max_hp_loss":0.0,"gold_gain":0.0,"event_name":"Big Fish","player_choice":"Box","floor":3.0,"gold_loss":0.0,"damage_taken":0.0,"relics_obtained":["Letter Opener"],"cards_obtained":["Regret"]},{"cards_removed":["Regret"],"damage_healed":0.0,"max_hp_gain":0.0,"max_hp_loss":0.0,"gold_gain":0.0,"event_name":"Golden Wing","player_choice":"Card Removal","floor":4.0,"gold_loss":0.0,"damage_taken":7.0},{"damage_healed":26.0,"max_hp_gain":0.0,"max_hp_loss":0.0,"gold_gain":0.0,"event_name":"The Library","player_choice":"Heal","floor":19.0,"gold_loss":0.0,"damage_taken":0.0},{"damage_healed":0.0,"max_hp_gain":0.0,"max_hp_loss":0.0,"gold_gain":0.0,"event_name":"Addict","player_choice":"Stole Relic","floor":20.0,"gold_loss":0.0,"damage_taken":0.0,"relics_obtained":["Unceasing Top"],"cards_obtained":["Shame"]},{"damage_healed":0.0,"max_hp_gain":0.0,"max_hp_loss":0.0,"gold_gain":0.0,"event_name":"Match and Keep!","player_choice":"2 cards matched","floor":27.0,"gold_loss":0.0,"damage_taken":0.0,"cards_obtained":["Thunderclap","Blind"]},{"damage_healed":0,"gold_gain":999,"player_choice":"Gold","damage_taken":0,"max_hp_gain":0,"max_hp_loss":0,"event_name":"MindBloom","floor":37,"gold_loss":0,"cards_obtained":["Normality","Normality"]}],"is_beta":false,"boss_relics":[{"not_picked":["Runic Pyramid","Fusion Hammer"],"picked":"Pandora\u0027s Box"},{"not_picked":["White Beast Statue","Astrolabe"],"picked":"Cursed Key"}],"items_purged_floors":[21,25,39],"is_endless":false,"potions_floor_spawned":[1,6,16,29,33,36],"killed_by":"Nemesis","ascension_level":11}