{"gold_per_floor":[116,116,116,127,127,160,160,195,195,212,225,236,236,311,311,412,412,426,232,264,17,17,17,32,51,51,141,158,3,3,13,13,108,108,119,130,182,33,33,66,66,78,108,125,25,36,36,50,50,50],"floor_reached":51,"playtime":2204,"items_purged":["Bash","Strike_R"],"score":943,"play_id":"d92bb3de-6b46-46df-b886-0cef79bbef47","local_time":"20181017033927","is_ascension_mode":true,"campfire_choices":[{"data":"Armaments","floor":7,"key":"SMITH"},{"data":"Flame Barrier","floor":13,"key":"SMITH"},{"floor":15,"key":"REST"},{"floor":23,"key":"REST"},{"floor":30,"key":"REST"},{"floor":32,"key":"REST"},{"data":"Body Slam","floor":41,"key":"SMITH"},{"data":"Body Slam","floor":47,"key":"SMITH"},{"data":"Warcry","floor":49,"key":"SMITH"}],"neow_cost":"NONE","seed_source_timestamp":478541864573,"circlet_count":0,"master_deck":["Strike_R","Strike_R","Strike_R","Defend_R","Defend_R","Defend_R","Defend_R","Armaments+1","Pommel Strike","Armaments+1","Barricade+1","Body Slam+1","Flame Barrier+1","Juggernaut+1","Shrug It Off","Warcry+1","Body Slam+1","Power Through+1","Power Through","Metallicize+1","Iron Wave","Warcry+1"],"relics":["Burning Blood","NeowsBlessing","Ornamental Fan","Blue Candle","Frozen Egg 2","Velvet Choker","Bronze Scales","Red Mask","Bottled Tornado","Darkstone Periapt","Anchor","Sozu","FossilizedHelix","Red Skull","Tiny Chest"],"potions_floor_usage":[20,50,50],"damage_taken":[{"damage":0,"enemies":"Jaw Worm","floor":1,"turns":1},{"damage":0,"enemies":"Cultist","floor":4,"turns":1},{"damage":0,"enemies":"Gremlin Nob","floor":6,"turns":1},{"damage":24,"enemies":"3 Sentries","floor":8,"turns":10},{"damage":10,"enemies":"Small Slimes","floor":10,"turns":3},{"damage":1,"enemies":"2 Fungi Beasts","floor":11,"turns":4},{"damage":8,"enemies":"Exordium Thugs","floor":12,"turns":4},{"damage":27,"enemies":"The Guardian","floor":16,"turns":9},{"damage":0,"enemies":"3 Byrds","floor":18,"turns":3},{"damage":47,"enemies":"Masked Bandits","floor":20,"turns":5},{"damage":0,"enemies":"Chosen","floor":24,"turns":5},{"damage":30,"enemies":"3 Cultists","floor":25,"turns":5},{"damage":7,"enemies":"Snake Plant","floor":28,"turns":4},{"damage":0,"enemies":"Centurion and Healer","floor":31,"turns":4},{"damage":0,"enemies":"Collector","floor":33,"turns":9},{"damage":0,"enemies":"Orb Walker","floor":35,"turns":3},{"damage":0,"enemies":"3 Darklings","floor":36,"turns":6},{"damage":21,"enemies":"Mysterious Sphere","floor":37,"turns":7},{"damage":0,"enemies":"Nemesis","floor":40,"turns":5},{"damage":0,"enemies":"Spire Growth","floor":42,"turns":3},{"damage":0,"enemies":"Maw","floor":44,"turns":5},{"damage":0,"enemies":"4 Shapes","floor":46,"turns":7},{"damage":0,"enemies":"3 Darklings","floor":48,"turns":5},{"damage":0,"enemies":"Time Eater","floor":50,"turns":9}],"seed_played":"1864044491246646541","potions_obtained":[{"floor":8,"key":"SkillPotion"},{"floor":10,"key":"Ancient Potion"},{"floor":12,"key":"Ancient Potion"},{"floor":20,"key":"FearPotion"},{"floor":31,"key":"EssenceOfSteel"}],"is_trial":false,"path_per_floor":["M","?","$","M","?","E","R","E","T","M","M","M","R","?","R","B",null,"M","$","?","$","$","R","M","M","T","?","M","$","R","M","R","B",null,"M","M","?","$","?","E","R","M","T","M","$","M","R","M","R","B"],"character_chosen":"IRONCLAD","items_purchased":["Bronze Scales","Warcry","Bottled Tornado","Anchor","Metallicize+1"],"campfire_rested":4,"item_purchase_floors":[19,19,21,29,38],"current_hp_per_floor":[80,80,80,80,80,80,80,62,62,58,63,61,61,50,74,53,80,80,80,39,39,39,63,69,45,45,29,28,28,52,58,80,80,80,80,80,65,65,65,71,71,77,77,80,80,80,80,80,80,80],"gold":50,"neow_bonus":"THREE_ENEMY_KILL","is_prod":false,"is_daily":false,"chose_seed":false,"campfire_upgraded":5,"win_rate":0,"timestamp":1539758367,"path_taken":["M","?","?","?","?","E","R","E","T","M","M","M","R","?","R","BOSS","M","$","?","?","$","R","M","M","T","?","M","$","R","M","R","BOSS","M","M","?","$","?","E","R","?","T","?","$","?","R","M","R","BOSS"],"build_version":"2018-10-11","purchased_purges":2,"victory":true,"max_hp_per_floor":[80,80,80,80,80,80,80,80,80,80,80,80,80,80,80,80,80,80,80,80,80,80,80,80,80,80,80,80,80,80,80,80,80,80,80,80,80,80,80,80,80,80,80,80,80,80,80,80,80,80],"card_choices":[{"not_picked":["Perfected Strike","Wild Strike"],"picked":"Armaments","floor":1},{"not_picked":["Evolve","Double Tap"],"picked":"Pommel Strike","floor":4},{"not_picked":["Bloodletting","Thunderclap"],"picked":"Armaments","floor":6},{"not_picked":["Carnage","Anger"],"picked":"Cleave","floor":8},{"not_picked":["Body Slam","Havoc"],"picked":"Barricade+1","floor":10},{"not_picked":["Havoc","Burning Pact"],"picked":"Body Slam","floor":11},{"not_picked":["Pommel Strike","Pummel"],"picked":"Flame Barrier","floor":12},{"not_picked":["Brutality+1","Berserk+1"],"picked":"Juggernaut+1","floor":16},{"not_picked":["Iron Wave","Hemokinesis+1"],"picked":"Shrug It Off","floor":18},{"not_picked":["Hemokinesis","Searing Blow","Feed"],"picked":"SKIP","floor":24},{"not_picked":["Hemokinesis","Searing Blow","Feed"],"picked":"SKIP","floor":24},{"not_picked":["Spot Weakness","Thunderclap+1"],"picked":"Body Slam","floor":25},{"not_picked":["Intimidate+1","Evolve+1"],"picked":"Power Through+1","floor":28},{"not_picked":["Anger","Flex+1","Fire Breathing+1"],"picked":"SKIP","floor":31},{"not_picked":["Feel No Pain+1","Pommel Strike+1"],"picked":"Power Through","floor":35},{"not_picked":["Pummel","Seeing Red","Power Through+1"],"picked":"SKIP","floor":36},{"not_picked":["Seeing Red","Sword Boomerang+1","Berserk+1"],"picked":"SKIP","floor":40},{"not_picked":["Seeing Red","Sword Boomerang+1","Berserk+1"],"picked":"SKIP","floor":40},{"not_picked":["Dropkick","Sentinel+1","Pommel Strike+1"],"picked":"SKIP","floor":42},{"not_picked":["Carnage","Bloodletting+1","Headbutt"],"picked":"SKIP","floor":44},{"not_picked":["Clothesline","Wild Strike+1"],"picked":"Iron Wave","floor":46},{"not_picked":["Clash","Feed"],"picked":"Warcry+1","floor":48}],"player_experience":158543,"relics_obtained":[{"floor":6,"key":"Ornamental Fan"},{"floor":8,"key":"Blue Candle"},{"floor":9,"key":"Frozen Egg 2"},{"floor":20,"key":"Red Mask"},{"floor":26,"key":"Darkstone Periapt"},{"floor":37,"key":"FossilizedHelix"},{"floor":40,"key":"Red Skull"},{"floor":43,"key":"Tiny Chest"}],"event_choices":[{"event_name":"Purifier","player_choice":"One Purge","floor":2,"damage_taken":0},{"event_name":"Upgrade Shrine","player_choice":"Upgraded","floor":5,"damage_taken":0},{"event_name":"World of Goop","player_choice":"Gather Gold","floor":14,"damage_taken":0},{"event_name":"Masked Bandits","player_choice":"Fought Bandits","floor":20,"damage_taken":0},{"event_name":"Knowing Skull","player_choice":"GOLD ","floor":27,"damage_taken":0},{"event_name":"Mysterious Sphere","player_choice":"Fight","floor":37,"damage_taken":0},{"event_name":"Falling","player_choice":"Removed Attack","floor":39,"damage_taken":0}],"is_beta":false,"boss_relics":[{"not_picked":["Orrery","Philosopher\u0027s Stone"],"picked":"Velvet Choker"},{"not_picked":["Black Blood","Coffee Dripper"],"picked":"Sozu"}],"items_purged_floors":[38,45],"is_endless":false,"potions_floor_spawned":[8,10,12,16,20,31,36,40,46,48],"ascension_level":2}