{"gold_per_floor":[112,122,122,35,85,129,152,152,176,216,239,267,23,41,41,130,130,151,166,166,166,38,38,38,38,38,52,62,72,72,19,19,96,96,111,126,96,15,15,15,115,115,115,115],"floor_reached":44,"playtime":2511,"items_purged":["Strike_G","Writhe"],"score":928,"play_id":"984a27ff-f487-4da7-abe2-66e54ca90628","local_time":"20190318160620","is_ascension_mode":true,"campfire_choices":[{"data":"Noxious Fumes","floor":8,"key":"SMITH"},{"data":"Malaise","floor":15,"key":"SMITH"},{"data":"Catalyst","floor":23,"key":"SMITH"},{"floor":25,"key":"REST"},{"data":"Noxious Fumes","floor":30,"key":"SMITH"},{"data":"Neutralize","floor":32,"key":"SMITH"},{"data":"Night Terror","floor":40,"key":"SMITH"},{"floor":42,"key":"REST"}],"neow_cost":"NONE","seed_source_timestamp":1869728383633,"circlet_count":0,"master_deck":["AscendersBane","Defend_G","Defend_G","Defend_G","Defend_G","Defend_G","Strike_G","Survivor","Neutralize+1","Crippling Poison","Blur","Footwork","Catalyst+1","Noxious Fumes+1","Malaise+1","Deadly Poison","Deflect","Noxious Fumes+1","Corpse Explosion","Footwork+1","After Image+1","Footwork+1","Dodge and Roll","Backflip","Catalyst+1","Dodge and Roll","Dodge and Roll","Acrobatics","Night Terror+1","Escape Plan"],"relics":["Ring of the Snake","NeowsBlessing","Bloody Idol","Potion Belt","Regal Pillow","Bag of Marbles","Odd Mushroom","Astrolabe","Shuriken","Boot","Busted Crown","Unceasing Top","Ninja Scroll"],"potions_floor_usage":[12,14,16,19,28,29,44,44,44],"damage_taken":[{"damage":0,"enemies":"2 Louse","floor":1,"turns":1},{"damage":0,"enemies":"Cultist","floor":2,"turns":1},{"damage":0,"enemies":"Gremlin Nob","floor":6,"turns":1},{"damage":5,"enemies":"Jaw Worm","floor":7,"turns":5},{"damage":13,"enemies":"3 Sentries","floor":10,"turns":6},{"damage":8,"enemies":"3 Louse","floor":11,"turns":4},{"damage":9,"enemies":"The Mushroom Lair","floor":12,"turns":4},{"damage":1,"enemies":"Large Slime","floor":14,"turns":7},{"damage":13,"enemies":"The Guardian","floor":16,"turns":12},{"damage":5,"enemies":"Shell Parasite","floor":18,"turns":7},{"damage":12,"enemies":"3 Byrds","floor":19,"turns":4},{"damage":0,"enemies":"Centurion and Healer","floor":27,"turns":7},{"damage":0,"enemies":"Snake Plant","floor":28,"turns":8},{"damage":11,"enemies":"Shelled Parasite and Fungi","floor":29,"turns":7},{"damage":15,"enemies":"Champ","floor":33,"turns":11},{"damage":15,"enemies":"3 Darklings","floor":35,"turns":5},{"damage":10,"enemies":"Orb Walker","floor":36,"turns":7},{"damage":3,"enemies":"Mind Bloom Boss Battle","floor":41,"turns":7},{"damage":83,"enemies":"Reptomancer","floor":44,"turns":10}],"seed_played":"6458897027858839394","potions_obtained":[{"floor":1,"key":"AttackPotion"},{"floor":2,"key":"SteroidPotion"},{"floor":6,"key":"SteroidPotion"},{"floor":14,"key":"Swift Potion"},{"floor":16,"key":"Swift Potion"},{"floor":19,"key":"Block Potion"},{"floor":27,"key":"Poison Potion"},{"floor":29,"key":"Regen Potion"},{"floor":37,"key":"Dexterity Potion"},{"floor":37,"key":"GamblersBrew"}],"is_trial":false,"path_per_floor":["M","M","?","$","?","E","M","R","T","E","M","?","$","M","R","B",null,"M","M","?","?","$","R","?","R","T","M","M","M","R","$","R","B",null,"M","M","?","$","?","R","?","R","T","E"],"character_chosen":"THE_SILENT","items_purchased":["Footwork","Escape Plan","Noxious Fumes","Backflip","Acrobatics","Escape Plan"],"campfire_rested":2,"item_purchase_floors":[4,13,13,22,31,38],"current_hp_per_floor":[59,59,59,59,53,53,48,48,48,35,27,18,18,17,17,4,46,41,29,29,29,29,29,29,60,60,60,60,54,54,54,54,44,56,46,41,41,41,41,41,43,60,60,0],"gold":115,"neow_bonus":"THREE_ENEMY_KILL","is_prod":false,"is_daily":false,"chose_seed":false,"campfire_upgraded":6,"win_rate":0,"timestamp":1552935980,"path_taken":["M","M","?","$","?","E","?","R","T","E","M","?","$","M","R","BOSS","M","M","?","?","?","R","?","R","T","M","?","M","R","$","R","BOSS","M","M","?","?","?","R","?","R","T","E"],"build_version":"2019-01-23","purchased_purges":2,"victory":false,"max_hp_per_floor":[66,66,60,60,60,60,60,60,60,60,60,60,60,60,60,60,60,60,60,60,60,60,60,60,60,60,60,60,60,60,60,60,60,60,60,60,60,60,60,60,60,60,60,60],"card_choices":[{"not_picked":["Distraction","Caltrops"],"picked":"Crippling Poison","floor":1},{"not_picked":["Masterful Stab","Dodge and Roll"],"picked":"Blur","floor":2},{"not_picked":["Footwork","Underhanded Strike"],"picked":"Catalyst","floor":6},{"not_picked":["Cloak And Dagger","Acrobatics"],"picked":"Noxious Fumes","floor":7},{"not_picked":["Dash","Expertise"],"picked":"Malaise","floor":10},{"not_picked":["Sucker Punch","Bane"],"picked":"Deadly Poison","floor":11},{"not_picked":["Blade Dance","Masterful Stab"],"picked":"Deflect","floor":12},{"not_picked":["Flying Knee","Acrobatics","Blade Dance"],"picked":"SKIP","floor":14},{"not_picked":["Glass Knife","Die Die Die"],"picked":"Corpse Explosion","floor":16},{"not_picked":["Dagger Throw","Bane"],"picked":"Dodge and Roll","floor":18},{"not_picked":["Quick Slash","Poisoned Stab","Cloak And Dagger"],"picked":"SKIP","floor":19},{"not_picked":["Dagger Throw","Expertise"],"picked":"Dodge and Roll","floor":27},{"not_picked":["Heel Hook+1","Caltrops"],"picked":"Dodge and Roll","floor":28},{"not_picked":["Blade Dance","Deadly Poison","Terror"],"picked":"SKIP","floor":29},{"not_picked":["Unload","Die Die Die"],"picked":"Night Terror","floor":33},{"not_picked":["Deadly Poison+1"],"picked":"SKIP","floor":35},{"not_picked":["PiercingWail"],"picked":"SKIP","floor":36}],"player_experience":965010,"relics_obtained":[{"floor":6,"key":"Potion Belt"},{"floor":9,"key":"Regal Pillow"},{"floor":10,"key":"Bag of Marbles"},{"floor":12,"key":"Odd Mushroom"},{"floor":26,"key":"Boot"},{"floor":41,"key":"Unceasing Top"},{"floor":43,"key":"Ninja Scroll"}],"event_choices":[{"damage_healed":0,"gold_gain":0,"player_choice":"Lose Max HP","damage_taken":0,"relics_obtained":["Golden Idol"],"max_hp_gain":0,"max_hp_loss":6,"event_name":"Golden Idol","floor":3,"gold_loss":0},{"damage_healed":0,"gold_gain":50,"player_choice":"Touch","damage_taken":6,"max_hp_gain":0,"max_hp_loss":0,"event_name":"FaceTrader","floor":5,"gold_loss":0},{"damage_healed":0,"gold_gain":0,"player_choice":"Fought Mushrooms","damage_taken":0,"max_hp_gain":0,"max_hp_loss":0,"event_name":"Mushrooms","floor":12,"gold_loss":0},{"damage_healed":0,"gold_gain":0,"player_choice":"Gave Idol","damage_taken":0,"relics_obtained":["Bloody Idol"],"max_hp_gain":0,"max_hp_loss":0,"event_name":"Forgotten Altar","floor":20,"relics_lost":["Golden Idol"],"gold_loss":0},{"damage_healed":0,"gold_gain":0,"player_choice":"Opened","damage_taken":0,"relics_obtained":["Shuriken"],"max_hp_gain":0,"max_hp_loss":0,"event_name":"The Mausoleum","floor":21,"gold_loss":0,"cards_obtained":["Writhe"]},{"damage_healed":0,"gold_gain":0,"player_choice":"Copied","damage_taken":0,"max_hp_gain":0,"max_hp_loss":0,"event_name":"Duplicator","floor":24,"gold_loss":0,"cards_obtained":["Catalyst"]},{"damage_healed":0,"gold_gain":0,"player_choice":"Bought 2 Potions","damage_taken":0,"max_hp_gain":0,"max_hp_loss":0,"event_name":"The Woman in Blue","floor":37,"gold_loss":0},{"cards_removed":["Escape Plan"],"damage_healed":0,"gold_gain":0,"player_choice":"Removed Skill","damage_taken":0,"max_hp_gain":0,"max_hp_loss":0,"event_name":"Falling","floor":39,"gold_loss":0},{"damage_healed":0,"gold_gain":0,"player_choice":"Fight","damage_taken":0,"max_hp_gain":0,"max_hp_loss":0,"event_name":"MindBloom","floor":41,"gold_loss":0}],"is_beta":false,"boss_relics":[{"not_picked":["Runic Dome","Sozu"],"picked":"Astrolabe"},{"not_picked":["Runic Pyramid","Calling Bell"],"picked":"Busted Crown"}],"items_purged_floors":[13,22],"is_endless":false,"potions_floor_spawned":[1,2,6,14,16,19,27,29],"killed_by":"Reptomancer","ascension_level":20}