{"gold_per_floor":[117,117,117,117,137,171,171,185,185,185,185,204,379,411,411,411],"floor_reached":16,"playtime":381,"items_purged":[],"score":158,"play_id":"48d18b4c-ddac-4759-a5f3-02d2e497fc51","local_time":"20190128132652","is_ascension_mode":false,"campfire_choices":[{"floor":7,"key":"RECALL"},{"data":"Feed","floor":10,"key":"SMITH"},{"floor":15,"key":"REST"}],"neow_cost":"NONE","seed_source_timestamp":1991912372461170,"circlet_count":0,"master_deck":["Strike_R","Strike_R","Strike_R","Strike_R","Strike_R","Defend_R","Defend_R","Bash","Thunderclap","Regret","Blood for Blood","Pommel Strike","Flame Barrier","Feed+1","Searing Blow","Doubt"],"relics":["Burning Blood","NeowsBlessing","Blue Candle","Bag of Preparation","Singing Bowl","Bottled Flame"],"potions_floor_usage":[12,16],"damage_taken":[{"damage":0,"enemies":"Small Slimes","floor":1,"turns":1},{"damage":0,"enemies":"2 Louse","floor":5,"turns":1},{"damage":0,"enemies":"3 Sentries","floor":6,"turns":1},{"damage":7,"enemies":"Cultist","floor":8,"turns":3},{"damage":14,"enemies":"Gremlin Gang","floor":12,"turns":5},{"damage":42,"enemies":"Gremlin Nob","floor":14,"turns":5},{"damage":74,"enemies":"Slime Boss","floor":16,"turns":11}],"seed_played":"-1747488727904116251","potions_obtained":[{"floor":1,"key":"SteroidPotion"},{"floor":5,"key":"Regen Potion"},{"floor":12,"key":"Weak Potion"}],"is_trial":false,"path_per_floor":["M","?","?","?","M","E","R","M","T","R","?","M","?","E","R","B"],"character_chosen":"IRONCLAD","items_purchased":[],"campfire_rested":1,"item_purchase_floors":[],"current_hp_per_floor":[80,80,80,80,80,80,80,82,82,82,70,68,68,38,66,0],"gold":411,"neow_bonus":"THREE_ENEMY_KILL","is_prod":false,"is_daily":false,"chose_seed":false,"campfire_upgraded":1,"win_rate":0,"timestamp":1548700012,"path_taken":["M","?","?","?","?","E","R","?","T","R","?","M","?","E","R","BOSS"],"build_version":"2019-01-23","purchased_purges":0,"victory":false,"max_hp_per_floor":[80,80,80,80,80,80,80,83,83,83,83,89,89,95,95,99],"card_choices":[{"not_picked":["Searing Blow","Sword Boomerang"],"picked":"Thunderclap","floor":1},{"not_picked":["Shockwave","Sword Boomerang"],"picked":"Flame Barrier","floor":5},{"not_picked":["Disarm","Shockwave"],"picked":"Feed","floor":6},{"not_picked":["Thunderclap","Clash"],"picked":"Searing Blow","floor":8},{"not_picked":["Havoc","Rage","True Grit"],"picked":"Singing Bowl","floor":12},{"not_picked":["Cleave","Dropkick","Warcry"],"picked":"Singing Bowl","floor":14}],"player_experience":345071,"relics_obtained":[{"floor":6,"key":"Bag of Preparation"},{"floor":14,"key":"Bottled Flame"}],"event_choices":[{"damage_healed":0,"gold_gain":0,"player_choice":"Box","damage_taken":0,"relics_obtained":["Blue Candle"],"max_hp_gain":0,"max_hp_loss":0,"event_name":"Big Fish","floor":2,"gold_loss":0,"cards_obtained":["Regret"]},{"damage_healed":0,"gold_gain":0,"cards_transformed":["Defend_R"],"player_choice":"Change","damage_taken":0,"max_hp_gain":0,"max_hp_loss":0,"event_name":"Living Wall","floor":3,"gold_loss":0,"cards_obtained":["Blood for Blood"]},{"damage_healed":0,"gold_gain":0,"cards_transformed":["Defend_R"],"player_choice":"Transformed","damage_taken":0,"max_hp_gain":0,"max_hp_loss":0,"event_name":"Transmorgrifier","floor":4,"gold_loss":0,"cards_obtained":["Pommel Strike"]},{"damage_healed":0,"gold_gain":0,"player_choice":"Success","damage_taken":12,"relics_obtained":["Singing Bowl"],"max_hp_gain":0,"max_hp_loss":0,"event_name":"Scrap Ooze","floor":11,"gold_loss":0},{"damage_healed":0,"gold_gain":175,"player_choice":"AGREE","damage_taken":0,"max_hp_gain":0,"max_hp_loss":0,"event_name":"Liars Game","floor":13,"gold_loss":0,"cards_obtained":["Doubt"]}],"is_beta":false,"boss_relics":[],"items_purged_floors":[],"is_endless":false,"potions_floor_spawned":[1,5,12],"killed_by":"Slime Boss","ascension_level":0}