{"gold_per_floor":[112,112,63,73,86,120,131,164,164,164,198,168,182,109,109,209,209,227,48,48,60,60,122,139,69,145,179,179,179,179,191,191,191],"floor_reached":33,"playtime":1687,"items_purged":[],"score":394,"play_id":"d2732957-d35b-4cd9-a328-b7eaf38d1d7b","local_time":"20181226180629","is_ascension_mode":true,"campfire_choices":[{"data":"Reaper","floor":10,"key":"SMITH"},{"data":"Fiend Fire","floor":15,"key":"SMITH"},{"data":"Fiend Fire","floor":29,"key":"SMITH"},{"data":"Shockwave","floor":32,"key":"SMITH"}],"neow_cost":"TEN_PERCENT_HP_LOSS","seed_source_timestamp":364576421185676,"circlet_count":0,"master_deck":["Strike_R","Strike_R","Strike_R+1","Strike_R","Defend_R","Defend_R","Defend_R","Bash","Cleave","Reaper+1","Spot Weakness+1","Iron Wave","True Grit","Flame Barrier+1","Shrug It Off+1","Fiend Fire+1","Ghostly Armor","Inflame","Double Tap","Shrug It Off","Feel No Pain","Fiend Fire+1","Carnage","Evolve+1","Shrug It Off+1","Shockwave+1","RitualDagger","Uppercut"],"relics":["Black Blood","Regal Pillow","War Paint","Art of War","Mummified Hand","MutagenicStrength","Tiny Chest","Frozen Egg 2","Toxic Egg 2"],"potions_floor_usage":[6,8,11,13,16,23,24,31,33],"damage_taken":[{"damage":9,"enemies":"Jaw Worm","floor":1,"turns":3},{"damage":0,"enemies":"2 Louse","floor":4,"turns":2},{"damage":0,"enemies":"Cultist","floor":5,"turns":4},{"damage":35,"enemies":"Lagavulin","floor":6,"turns":6},{"damage":3,"enemies":"Looter","floor":7,"turns":3},{"damage":18,"enemies":"Gremlin Nob","floor":8,"turns":3},{"damage":19,"enemies":"Lagavulin","floor":11,"turns":5},{"damage":0,"enemies":"2 Fungi Beasts","floor":13,"turns":2},{"damage":37,"enemies":"The Guardian","floor":16,"turns":7},{"damage":0,"enemies":"Spheric Guardian","floor":18,"turns":3},{"damage":4,"enemies":"3 Byrds","floor":21,"turns":5},{"damage":5,"enemies":"Gremlin Leader","floor":23,"turns":4},{"damage":14,"enemies":"Centurion and Healer","floor":24,"turns":5},{"damage":38,"enemies":"Slavers","floor":27,"turns":7},{"damage":20,"enemies":"Snake Plant","floor":31,"turns":4},{"damage":86,"enemies":"Automaton","floor":33,"turns":6}],"seed_played":"-8938501962361303676","potions_obtained":[{"floor":1,"key":"Ancient Potion"},{"floor":4,"key":"Explosive Potion"},{"floor":7,"key":"Energy Potion"},{"floor":8,"key":"Fire Potion"},{"floor":12,"key":"Strength Potion"},{"floor":12,"key":"FearPotion"},{"floor":13,"key":"SteroidPotion"},{"floor":21,"key":"FearPotion"},{"floor":23,"key":"Weak Potion"}],"is_trial":false,"path_per_floor":["M","?","$","M","M","E","M","E","T","R","E","?","M","$","R","B",null,"M","$","?","M","$","E","M","$","T","E","?","R","?","M","R","B"],"character_chosen":"IRONCLAD","items_purchased":["Iron Wave","Inflame","Feel No Pain","Fiend Fire","Shockwave"],"campfire_rested":0,"item_purchase_floors":[3,14,19,19,25],"current_hp_per_floor":[69,55,55,65,71,42,45,45,45,45,41,41,47,47,47,41,64,72,72,72,72,72,72,68,68,68,64,58,58,45,48,48,0],"gold":191,"neow_bonus":"TRANSFORM_TWO_CARDS","is_prod":false,"is_daily":false,"chose_seed":false,"campfire_upgraded":4,"win_rate":0,"timestamp":1545876389,"path_taken":["M","?","$","M","M","E","M","E","T","R","E","?","M","$","R","BOSS","M","?","?","M","$","E","M","$","T","E","?","R","?","?","R","BOSS"],"build_version":"2018-12-20","purchased_purges":0,"victory":false,"max_hp_per_floor":[72,72,72,72,72,72,72,72,72,72,72,72,72,72,72,72,72,72,72,72,72,72,72,72,72,72,72,72,72,77,77,77,77],"card_choices":[{"not_picked":["Shrug It Off","Cleave"],"picked":"Spot Weakness","floor":1},{"not_picked":["Twin Strike","Carnage"],"picked":"True Grit","floor":4},{"not_picked":["Blood for Blood","Body Slam"],"picked":"Flame Barrier","floor":5},{"not_picked":["Iron Wave","Warcry"],"picked":"Shrug It Off","floor":6},{"not_picked":["Bloodletting","Warcry","Clash"],"picked":"SKIP","floor":7},{"not_picked":["Bloodletting","Warcry","Clash"],"picked":"SKIP","floor":7},{"not_picked":["Headbutt","Armaments"],"picked":"Fiend Fire","floor":8},{"not_picked":["Twin Strike","Pommel Strike"],"picked":"Ghostly Armor","floor":11},{"not_picked":["Hemokinesis","Sentinel","Combust"],"picked":"SKIP","floor":13},{"not_picked":["Impervious","Immolate"],"picked":"Double Tap","floor":16},{"not_picked":["Wild Strike","Body Slam"],"picked":"Shrug It Off","floor":18},{"not_picked":["Shrug It Off","Cleave"],"picked":"Carnage","floor":21},{"not_picked":["True Grit","Fiend Fire"],"picked":"Evolve+1","floor":23},{"not_picked":["Cleave","Headbutt"],"picked":"Shrug It Off+1","floor":24},{"not_picked":["Anger","Pommel Strike","Sword Boomerang"],"picked":"SKIP","floor":27},{"not_picked":["Clothesline","Twin Strike+1"],"picked":"Uppercut","floor":31}],"player_experience":129764,"relics_obtained":[{"floor":6,"key":"Regal Pillow"},{"floor":8,"key":"War Paint"},{"floor":9,"key":"Art of War"},{"floor":11,"key":"Mummified Hand"},{"floor":23,"key":"Tiny Chest"},{"floor":26,"key":"Frozen Egg 2"},{"floor":27,"key":"Toxic Egg 2"}],"event_choices":[{"damage_healed":0,"gold_gain":0,"player_choice":"Entered Light","damage_taken":14,"max_hp_gain":0,"max_hp_loss":0,"event_name":"Shining Light","floor":2,"gold_loss":0,"cards_upgraded":["Spot Weakness","Strike_R"]},{"damage_healed":0,"gold_gain":0,"player_choice":"Bought 2 Potions","damage_taken":0,"max_hp_gain":0,"max_hp_loss":0,"event_name":"The Woman in Blue","floor":12,"gold_loss":0},{"damage_healed":0,"gold_gain":0,"player_choice":"Inject Mutagens","damage_taken":0,"relics_obtained":["MutagenicStrength"],"max_hp_gain":0,"max_hp_loss":0,"event_name":"Drug Dealer","floor":20,"gold_loss":0},{"damage_healed":0,"gold_gain":0,"player_choice":"Joined the Cult","damage_taken":6,"max_hp_gain":0,"max_hp_loss":0,"event_name":"Nest","floor":28,"gold_loss":0,"cards_obtained":["RitualDagger"]},{"damage_healed":0,"gold_gain":0,"player_choice":"Shed Blood","damage_taken":18,"max_hp_gain":5,"max_hp_loss":0,"event_name":"Forgotten Altar","floor":30,"gold_loss":0}],"is_beta":false,"boss_relics":[{"not_picked":["Runic Dome","Cursed Key"],"picked":"Black Blood"}],"items_purged_floors":[],"is_endless":false,"potions_floor_spawned":[1,4,7,8,13,21,23],"killed_by":"Automaton","ascension_level":6}