{"gold_per_floor":[110,122,122,297,314,340,340,24,78,89,121,121,131,141,141,237,237,250,250,250,200,211,240,240,252,331,342,342],"floor_reached":28,"playtime":2275,"items_purged":["Doubt"],"score":316,"play_id":"1c0b3c46-05a6-4dc1-acf8-fe550d2cdb86","local_time":"20190609170649","is_ascension_mode":true,"campfire_choices":[{"floor":7,"key":"REST"},{"floor":15,"key":"REST"},{"floor":24,"key":"REST"}],"neow_cost":"NONE","seed_source_timestamp":1462114899209300,"circlet_count":0,"master_deck":["Defend_G","Defend_G","Defend_G","Defend_G","Strike_G","Strike_G","Strike_G","Survivor","Neutralize","After Image","Blade Dance","Predator+1","PiercingWail","Cloak And Dagger","Deadly Poison+1","Envenom+1","PiercingWail+1","Calculated Gamble+1","Night Terror+1","Catalyst+1","Backstab+1","Acrobatics+1","Distraction+1","Writhe","Necronomicurse","Acrobatics+1","Prepared+1","Outmaneuver+1","Tactician+1"],"relics":["Ring of the Snake","Snake Skull","Toxic Egg 2","Boot","Tingsha","Astrolabe","Lantern","Necronomicon","Bag of Marbles","Sundial"],"potions_floor_usage":[16,23,25],"damage_taken":[{"damage":0,"enemies":"Small Slimes","floor":1,"turns":4},{"damage":0,"enemies":"Jaw Worm","floor":2,"turns":7},{"damage":0,"enemies":"Cultist","floor":5,"turns":3},{"damage":34,"enemies":"Gremlin Nob","floor":6,"turns":5},{"damage":3,"enemies":"Blue Slaver","floor":10,"turns":6},{"damage":23,"enemies":"3 Sentries","floor":11,"turns":9},{"damage":10,"enemies":"2 Fungi Beasts","floor":13,"turns":3},{"damage":0,"enemies":"Gremlin Gang","floor":14,"turns":6},{"damage":35,"enemies":"Slime Boss","floor":16,"turns":12},{"damage":7,"enemies":"Chosen","floor":18,"turns":3},{"damage":15,"enemies":"Shell Parasite","floor":22,"turns":3},{"damage":0,"enemies":"Gremlin Leader","floor":23,"turns":5},{"damage":22,"enemies":"Centurion and Healer","floor":25,"turns":5},{"damage":20,"enemies":"Snake Plant","floor":27,"turns":3},{"damage":15,"enemies":"Slavers","floor":28,"turns":1}],"seed_played":"2397546411185642193","potions_obtained":[{"floor":11,"key":"PowerPotion"},{"floor":13,"key":"GamblersBrew"},{"floor":14,"key":"FearPotion"},{"floor":22,"key":"FearPotion"}],"is_trial":false,"path_per_floor":["M","M","?","?","M","E","R","$","T","M","E","?","M","M","R","B",null,"M","?","?","?","M","E","R","M","T","M","E"],"character_chosen":"THE_SILENT","items_purchased":["Toxic Egg 2"],"campfire_rested":3,"item_purchase_floors":[8],"current_hp_per_floor":[70,70,70,70,70,36,57,57,57,54,31,31,21,21,42,7,70,63,63,47,47,32,32,53,31,31,11,0],"gold":342,"neow_bonus":"ONE_RANDOM_RARE_CARD","is_prod":false,"is_daily":false,"chose_seed":false,"campfire_upgraded":0,"win_rate":0,"timestamp":1560125209,"path_taken":["M","M","?","?","M","E","R","$","T","M","E","?","?","M","R","BOSS","M","?","?","?","?","E","R","M","T","M","E"],"build_version":"2019-01-23","purchased_purges":1,"victory":false,"max_hp_per_floor":[70,70,70,70,70,70,70,70,70,70,70,70,70,70,70,70,70,70,70,70,70,70,70,70,70,70,70,70],"card_choices":[{"not_picked":["Slice","Acrobatics"],"picked":"Blade Dance","floor":1},{"not_picked":["Backflip","Corpse Explosion"],"picked":"Predator","floor":2},{"not_picked":["Noxious Fumes","Terror"],"picked":"PiercingWail","floor":5},{"not_picked":["Dodge and Roll","Acrobatics"],"picked":"Cloak And Dagger","floor":6},{"not_picked":["Flying Knee","Underhanded Strike"],"picked":"Deadly Poison+1","floor":10},{"not_picked":["Dagger Throw","Sucker Punch"],"picked":"Envenom","floor":11},{"not_picked":["Underhanded Strike","Bane"],"picked":"PiercingWail+1","floor":13},{"not_picked":["Dagger Throw","Bane"],"picked":"Calculated Gamble+1","floor":14},{"not_picked":["Malaise+1","Doppelganger+1"],"picked":"Night Terror+1","floor":16},{"not_picked":["Dodge and Roll+1","Dagger Throw+1"],"picked":"Distraction+1","floor":18},{"not_picked":["Dagger Throw","Dodge and Roll+1"],"picked":"Acrobatics+1","floor":22},{"not_picked":["Slice","Cloak And Dagger+1"],"picked":"Prepared+1","floor":23},{"not_picked":["Dagger Throw","Venomology+1"],"picked":"Outmaneuver+1","floor":25},{"not_picked":["Poisoned Stab","Eviscerate"],"picked":"Tactician+1","floor":27}],"player_experience":198678,"relics_obtained":[{"floor":6,"key":"Snake Skull"},{"floor":9,"key":"Boot"},{"floor":11,"key":"Tingsha"},{"floor":20,"key":"Necronomicon"},{"floor":23,"key":"Bag of Marbles"},{"floor":26,"key":"Sundial"}],"event_choices":[{"damage_healed":0,"gold_gain":0,"player_choice":"Grow","damage_taken":0,"max_hp_gain":0,"max_hp_loss":0,"event_name":"Living Wall","floor":3,"gold_loss":0,"cards_upgraded":["Predator"]},{"damage_healed":0,"gold_gain":175,"player_choice":"AGREE","damage_taken":0,"max_hp_gain":0,"max_hp_loss":0,"event_name":"Liars Game","floor":4,"gold_loss":0,"cards_obtained":["Doubt"]},{"damage_healed":0,"gold_gain":0,"player_choice":"Upgraded","damage_taken":0,"max_hp_gain":0,"max_hp_loss":0,"event_name":"Upgrade Shrine","floor":12,"gold_loss":0,"cards_upgraded":["Envenom"]},{"damage_healed":0,"gold_gain":0,"player_choice":"Opened","damage_taken":0,"relics_obtained":["Lantern"],"max_hp_gain":0,"max_hp_loss":0,"event_name":"The Mausoleum","floor":19,"gold_loss":0,"cards_obtained":["Writhe"]},{"damage_healed":0,"gold_gain":0,"player_choice":"Obtained Book","damage_taken":16,"max_hp_gain":0,"max_hp_loss":0,"event_name":"Cursed Tome","floor":20,"gold_loss":0},{"damage_healed":0,"gold_gain":0,"player_choice":"Bet on Murderer","damage_taken":0,"max_hp_gain":0,"max_hp_loss":0,"event_name":"The Joust","floor":21,"gold_loss":50}],"is_beta":false,"boss_relics":[{"not_picked":["Philosopher\u0027s Stone","Calling Bell"],"picked":"Astrolabe"}],"items_purged_floors":[8],"is_endless":false,"potions_floor_spawned":[11,13,14,22],"killed_by":"Slavers","ascension_level":3}