{"gold_per_floor":[114,129,144,144,93,93,108,123,173,203,203,218,218,218,218,318,318,333,293,293,308,323,323,353,368,368,383,106,106],"floor_reached":29,"playtime":1166,"items_purged":["Pain"],"score":272,"play_id":"f5d9cc4b-b7e1-440f-bf23-17d0c822bf5f","local_time":"20180926213306","daily_mods":["Allstar","Uncertain Future","Lethality"],"is_ascension_mode":false,"campfire_choices":[{"data":"Madness","floor":6,"key":"SMITH"},{"data":"Redo","floor":11,"key":"SMITH"},{"data":"Redo","floor":15,"key":"SMITH"},{"data":"Dualcast","floor":23,"key":"SMITH"}],"neow_cost":"","seed_source_timestamp":0,"circlet_count":0,"master_deck":["Strike_B","Strike_B","Strike_B","Strike_B","Defend_B","Defend_B","Defend_B","Defend_B","Zap+1","Dualcast+1","PanicButton","Swift Strike","Jack Of All Trades","The Bomb","Madness+1","Hologram","Turbo","Hologram","Ball Lightning","Auto Shields","Self Repair","Redo+1","Redo+1","Electrodynamics+1","Leap+1","Conserve Battery+1","Auto Shields+1","White Noise+1","Coolheaded+1","Barrage+1","Conserve Battery"],"special_seed":17801,"relics":["Cracked Core","Anchor","Regal Pillow","WarpedTongs","Black Star","Blood Vial","Pen Nib","Shovel","Art of War"],"potions_floor_usage":[10,10,10,18,24,27],"damage_taken":[{"damage":0,"enemies":"2 Louse","floor":1,"turns":2},{"damage":6,"enemies":"Cultist","floor":2,"turns":3},{"damage":9,"enemies":"Jaw Worm","floor":3,"turns":3},{"damage":4,"enemies":"Looter","floor":7,"turns":3},{"damage":6,"enemies":"Red Slaver","floor":8,"turns":2},{"damage":0,"enemies":"3 Sentries","floor":10,"turns":4},{"damage":0,"enemies":"2 Fungi Beasts","floor":12,"turns":3},{"damage":55,"enemies":"The Guardian","floor":16,"turns":11},{"damage":13,"enemies":"2 Thieves","floor":18,"turns":3},{"damage":3,"enemies":"Shell Parasite","floor":21,"turns":3},{"damage":28,"enemies":"Shelled Parasite and Fungi","floor":22,"turns":7},{"damage":37,"enemies":"Slavers","floor":24,"turns":3},{"damage":19,"enemies":"Snecko","floor":25,"turns":4},{"damage":7,"enemies":"Snake Plant","floor":27,"turns":4},{"damage":27,"enemies":"3 Cultists","floor":29,"turns":4}],"seed_played":"-5863381733931304207","potions_obtained":[{"floor":2,"key":"EssenceOfSteel"},{"floor":3,"key":"Ancient Potion"},{"floor":8,"key":"EssenceOfSteel"},{"floor":16,"key":"AttackPotion"},{"floor":22,"key":"Weak Potion"},{"floor":25,"key":"Poison Potion"}],"is_trial":false,"path_per_floor":["M","M","M","?","$","R","M","M","T","E","R","M","?","?","R","B",null,"M","?","?","M","M","R","E","M","T","M","$"],"character_chosen":"DEFECT","items_purchased":["Ball Lightning","Art of War","Conserve Battery"],"campfire_rested":0,"item_purchase_floors":[5,28,28],"current_hp_per_floor":[75,69,60,60,60,60,56,50,50,57,57,64,64,64,64,19,75,69,69,69,66,48,48,21,11,11,16,16,0],"gold":106,"neow_bonus":"","is_prod":false,"is_daily":true,"chose_seed":false,"campfire_upgraded":4,"win_rate":0,"timestamp":1538011986,"path_taken":["M","M","M","?","$","R","M","M","T","E","R","M","?","?","R","BOSS","M","?","?","M","M","R","E","M","T","M","$","M"],"build_version":"2018-09-20","purchased_purges":1,"victory":false,"max_hp_per_floor":[75,75,75,75,75,75,75,75,75,75,75,75,75,75,75,75,75,75,75,75,75,75,75,75,75,75,75,75,75],"card_choices":[{"not_picked":["Barrage","Storm"],"picked":"Hologram","floor":1},{"not_picked":["Reprogram","Conserve Battery"],"picked":"Turbo","floor":2},{"not_picked":["Tempest","Darkness"],"picked":"Hologram","floor":3},{"not_picked":["Stack","Meteor Strike"],"picked":"Auto Shields","floor":7},{"not_picked":["Recycle","Beam Cell"],"picked":"Self Repair","floor":8},{"not_picked":["Coolheaded","Undo"],"picked":"Redo","floor":10},{"not_picked":["FTL","Turbo"],"picked":"Redo","floor":12},{"not_picked":["Rainbow","Creative AI"],"picked":"Electrodynamics","floor":16},{"not_picked":["Turbo","Lockon+1"],"picked":"Leap+1","floor":18},{"not_picked":["Darkness+1","Turbo"],"picked":"Conserve Battery+1","floor":21},{"not_picked":["Beam Cell+1","Darkness"],"picked":"Auto Shields+1","floor":22},{"not_picked":["Cold Snap","Gash"],"picked":"White Noise+1","floor":24},{"not_picked":["Sunder","Turbo"],"picked":"Coolheaded+1","floor":25},{"not_picked":["Steam","Turbo"],"picked":"Barrage+1","floor":27}],"player_experience":190151,"relics_obtained":[{"floor":9,"key":"Anchor"},{"floor":10,"key":"Regal Pillow"},{"floor":24,"key":"Blood Vial"},{"floor":24,"key":"Pen Nib"},{"floor":26,"key":"Shovel"}],"event_choices":[{"event_name":"Golden Wing","player_choice":"Ignored","floor":4,"damage_taken":0},{"event_name":"Accursed Blacksmith","player_choice":"Rummage","floor":13,"damage_taken":0},{"event_name":"Living Wall","player_choice":"Grow","floor":14,"damage_taken":0},{"event_name":"Designer","player_choice":"Upgrade Card","floor":19,"damage_taken":0},{"event_name":"Beggar","player_choice":"Ignored","floor":20,"damage_taken":0}],"is_beta":false,"boss_relics":[{"not_picked":["Eternal Feather","Snecko Eye"],"picked":"Black Star"}],"items_purged_floors":[28],"is_endless":false,"potions_floor_spawned":[2,3,8,16,22,25],"killed_by":"3 Cultists","ascension_level":0}