{"gold_per_floor":[116,135,210,10,27,59,74,74,98,132,146,146,158,193,205,313,325,357,294,321,347,4,4,32,32,59,59,59,94,106,126,126,126],"floor_reached":33,"playtime":2901,"items_purged":[],"score":307,"play_id":"69b02485-3eb2-40ec-9ccd-6ab3c48559fa","local_time":"20190615160757","is_ascension_mode":false,"campfire_choices":[{"floor":12,"key":"REST"},{"data":"Double Tap","floor":15,"key":"SMITH"},{"floor":25,"key":"REST"},{"floor":27,"key":"REST"},{"floor":32,"key":"REST"}],"neow_cost":"NONE","seed_source_timestamp":160849700640800,"circlet_count":0,"master_deck":["Strike_R","Strike_R","Strike_R","Defend_R","Defend_R","Defend_R","Defend_R","Bash","Infernal Blade","Spot Weakness","Twin Strike","Double Tap+1","Cleave","Disarm","Double Tap","Shrug It Off","Clothesline","Pommel Strike","Immolate","Cleave","Dropkick+1","Clash","Armaments","RitualDagger","Dual Wield+1","Perfected Strike"],"relics":["Burning Blood","Bag of Preparation","Bronze Scales","Juzu Bracelet","Boot","MawBank","Busted Crown","Peace Pipe","Letter Opener","Lantern","Nilry\u0027s Codex","Kunai"],"potions_floor_usage":[7,10,10,14,16,24,33,33],"damage_taken":[{"damage":3,"enemies":"Small Slimes","floor":1,"turns":4},{"damage":5,"enemies":"2 Louse","floor":2,"turns":2},{"damage":0,"enemies":"Cultist","floor":5,"turns":4},{"damage":8,"enemies":"Gremlin Nob","floor":6,"turns":3},{"damage":7,"enemies":"Blue Slaver","floor":7,"turns":2},{"damage":27,"enemies":"3 Sentries","floor":10,"turns":5},{"damage":10,"enemies":"Looter","floor":11,"turns":3},{"damage":6,"enemies":"3 Louse","floor":13,"turns":2},{"damage":24,"enemies":"Lagavulin","floor":14,"turns":5},{"damage":27,"enemies":"Slime Boss","floor":16,"turns":12},{"damage":17,"enemies":"Spheric Guardian","floor":18,"turns":4},{"damage":6,"enemies":"Shell Parasite","floor":20,"turns":3},{"damage":24,"enemies":"Centurion and Healer","floor":21,"turns":5},{"damage":19,"enemies":"Slavers","floor":24,"turns":2},{"damage":27,"enemies":"Gremlin Leader","floor":29,"turns":6},{"damage":14,"enemies":"Snake Plant","floor":30,"turns":3},{"damage":0,"enemies":"3 Cultists","floor":31,"turns":2},{"damage":67,"enemies":"Champ","floor":33,"turns":6}],"seed_played":"4894259865690943921","potions_obtained":[{"floor":0,"key":"AttackPotion"},{"floor":0,"key":"Poison Potion"},{"floor":0,"key":"SneckoOil"},{"floor":2,"key":"Swift Potion"},{"floor":6,"key":"Fire Potion"},{"floor":11,"key":"FearPotion"},{"floor":14,"key":"AttackPotion"},{"floor":21,"key":"Strength Potion"},{"floor":29,"key":"EssenceOfSteel"},{"floor":31,"key":"Poison Potion"}],"is_trial":false,"path_per_floor":["M","M","?","$","M","E","M","?","T","E","M","R","M","E","R","B",null,"M","?","M","M","$","?","E","R","T","R","?","E","M","M","R","B"],"character_chosen":"IRONCLAD","items_purchased":["Bag of Preparation","Twin Strike","Peace Pipe","Armaments"],"campfire_rested":4,"item_purchase_floors":[4,4,22,22],"current_hp_per_floor":[80,80,69,69,75,73,72,72,72,51,47,71,71,53,53,32,80,69,69,69,51,51,45,32,56,56,80,64,43,35,41,65,0],"gold":126,"neow_bonus":"THREE_SMALL_POTIONS","is_prod":false,"is_daily":false,"chose_seed":false,"campfire_upgraded":1,"win_rate":0.0,"timestamp":1560578877,"path_taken":["M","M","?","$","M","E","M","?","T","E","M","R","M","E","R","BOSS","M","?","M","M","$","?","E","R","T","R","?","E","M","M","R","BOSS"],"build_version":"2019-01-23","purchased_purges":0,"victory":false,"max_hp_per_floor":[80,80,80,80,80,80,80,80,80,80,80,80,80,80,80,80,80,80,80,80,80,80,80,80,80,80,80,80,80,80,80,80,80],"card_choices":[{"not_picked":["Thunderclap","Pummel"],"picked":"Infernal Blade","floor":1},{"not_picked":["Second Wind","Flame Barrier"],"picked":"Spot Weakness","floor":2},{"not_picked":["Cleave","Heavy Blade"],"picked":"Double Tap","floor":5},{"not_picked":["Pommel Strike","Armaments"],"picked":"Cleave","floor":6},{"not_picked":["Headbutt","Cleave"],"picked":"Disarm","floor":7},{"not_picked":["Ghostly Armor","Pommel Strike"],"picked":"Double Tap","floor":10},{"not_picked":["Blood for Blood","Burning Pact"],"picked":"Shrug It Off","floor":11},{"not_picked":["Sword Boomerang","Thunderclap"],"picked":"Clothesline","floor":13},{"not_picked":["Rupture","Corruption"],"picked":"Pommel Strike","floor":14},{"not_picked":["Demon Form","Juggernaut"],"picked":"Immolate","floor":16},{"not_picked":[],"picked":"Cleave","floor":18},{"not_picked":[],"picked":"Dropkick+1","floor":20},{"not_picked":[],"picked":"Clash","floor":21},{"not_picked":[],"picked":"Dual Wield+1","floor":24},{"not_picked":["Thunderclap"],"picked":"SKIP","floor":29},{"not_picked":[],"picked":"Perfected Strike","floor":30},{"not_picked":["Heavy Blade"],"picked":"SKIP","floor":31}],"player_experience":23928,"relics_obtained":[{"floor":6,"key":"Bronze Scales"},{"floor":9,"key":"Juzu Bracelet"},{"floor":10,"key":"Boot"},{"floor":14,"key":"MawBank"},{"floor":24,"key":"Letter Opener"},{"floor":26,"key":"Lantern"},{"floor":28,"key":"Nilry\u0027s Codex"},{"floor":29,"key":"Kunai"}],"event_choices":[{"damage_healed":0,"gold_gain":75,"player_choice":"Gather Gold","damage_taken":11,"max_hp_gain":0,"max_hp_loss":0,"event_name":"World of Goop","floor":3,"gold_loss":0},{"cards_removed":["Strike_R"],"damage_healed":0,"gold_gain":0,"player_choice":"Card Removal","damage_taken":0,"max_hp_gain":0,"max_hp_loss":0,"event_name":"Wheel of Change","floor":8,"gold_loss":0},{"cards_removed":["Strike_R"],"damage_healed":0,"gold_gain":0,"player_choice":"Gave Gold","damage_taken":0,"max_hp_gain":0,"max_hp_loss":0,"event_name":"Beggar","floor":19,"gold_loss":75},{"damage_healed":0,"gold_gain":0,"player_choice":"Joined the Cult","damage_taken":6,"max_hp_gain":0,"max_hp_loss":0,"event_name":"Nest","floor":23,"gold_loss":0,"cards_obtained":["RitualDagger"]},{"damage_healed":0,"gold_gain":0,"player_choice":"Obtained Book","damage_taken":16,"max_hp_gain":0,"max_hp_loss":0,"event_name":"Cursed Tome","floor":28,"gold_loss":0}],"is_beta":false,"boss_relics":[{"not_picked":["Astrolabe","Eternal Feather"],"picked":"Busted Crown"}],"items_purged_floors":[],"is_endless":false,"potions_floor_spawned":[2,5,6,11,14,21,29,31],"killed_by":"Champ","ascension_level":0}