{"gold_per_floor":[111,126,136,35,51,51,80,100,182,182,195,227,227,239,239,239],"floor_reached":16,"playtime":834,"items_purged":[],"score":228,"play_id":"f762ba0e-21ac-407e-b34d-6e74456386c6","local_time":"20190123212033","is_ascension_mode":true,"campfire_choices":[{"data":"Immolate","floor":6,"key":"SMITH"},{"data":"Flame Barrier","floor":13,"key":"SMITH"},{"data":"Armaments","floor":15,"key":"SMITH"}],"neow_cost":"TEN_PERCENT_HP_LOSS","seed_source_timestamp":4667084203107,"circlet_count":0,"master_deck":["AscendersBane","Strike_R","Strike_R","Strike_R","Strike_R","Strike_R","Defend_R","Defend_R","Defend_R","Defend_R","Bash","Immolate+1","Anger","Battle Trance","Sword Boomerang","Trip","Flame Barrier+1","Armaments+1","Pommel Strike","Spot Weakness"],"relics":["Burning Blood","Bag of Marbles","Gremlin Horn","Prayer Wheel"],"potions_floor_usage":[12,16],"damage_taken":[{"damage":7,"enemies":"Small Slimes","floor":1,"turns":3},{"damage":0,"enemies":"2 Louse","floor":2,"turns":2},{"damage":0,"enemies":"Cultist","floor":3,"turns":2},{"damage":35,"enemies":"Exordium Thugs","floor":5,"turns":4},{"damage":15,"enemies":"3 Sentries","floor":7,"turns":4},{"damage":6,"enemies":"Large Slime","floor":8,"turns":3},{"damage":6,"enemies":"Looter","floor":11,"turns":2},{"damage":21,"enemies":"Lagavulin","floor":12,"turns":6},{"damage":0,"enemies":"Blue Slaver","floor":14,"turns":3},{"damage":30,"enemies":"The Guardian","floor":16,"turns":9}],"seed_played":"-2851077460499466923","potions_obtained":[{"floor":3,"key":"Weak Potion"},{"floor":8,"key":"PowerPotion"},{"floor":14,"key":"FearPotion"}],"is_trial":false,"path_per_floor":["M","M","M","$","M","R","E","M","T","?","M","E","R","M","R","B"],"character_chosen":"IRONCLAD","items_purchased":["Trip"],"campfire_rested":0,"item_purchase_floors":[4],"current_hp_per_floor":[67,68,68,68,39,39,30,30,30,35,35,20,20,26,26,0],"gold":239,"neow_bonus":"THREE_RARE_CARDS","is_prod":false,"is_daily":false,"chose_seed":false,"campfire_upgraded":3,"win_rate":0,"timestamp":1548289233,"path_taken":["M","M","M","$","M","R","E","M","T","?","M","E","R","M","R","BOSS"],"build_version":"2019-01-23","purchased_purges":0,"victory":false,"max_hp_per_floor":[68,68,68,68,68,68,68,68,68,73,73,73,73,73,73,73],"card_choices":[{"not_picked":["Brutality","Double Tap"],"picked":"Immolate","floor":0},{"not_picked":["True Grit","Rupture"],"picked":"Anger","floor":1},{"not_picked":["Infernal Blade","Pommel Strike"],"picked":"Battle Trance","floor":2},{"not_picked":["Wild Strike","Twin Strike"],"picked":"Sword Boomerang","floor":3},{"not_picked":["Rampage","Cleave","Searing Blow"],"picked":"SKIP","floor":5},{"not_picked":["Rage","Limit Break"],"picked":"Flame Barrier","floor":7},{"not_picked":["Shrug It Off","Rage"],"picked":"Armaments","floor":8},{"not_picked":["Warcry","Heavy Blade"],"picked":"Pommel Strike","floor":11},{"not_picked":["Warcry","Clothesline","Twin Strike"],"picked":"SKIP","floor":12},{"not_picked":["Pummel","Fire Breathing"],"picked":"Spot Weakness","floor":14},{"not_picked":["Clothesline","Iron Wave","Body Slam"],"picked":"SKIP","floor":14}],"player_experience":761713,"relics_obtained":[{"floor":7,"key":"Bag of Marbles"},{"floor":9,"key":"Gremlin Horn"},{"floor":12,"key":"Prayer Wheel"}],"event_choices":[{"damage_healed":0,"gold_gain":0,"player_choice":"Donut","damage_taken":0,"max_hp_gain":5,"max_hp_loss":0,"event_name":"Big Fish","floor":10,"gold_loss":0}],"is_beta":false,"boss_relics":[],"items_purged_floors":[],"is_endless":false,"potions_floor_spawned":[3,8,11,14],"killed_by":"The Guardian","ascension_level":20}