{"gold_per_floor":[113,132,145,165,184,217,236,250,250,250,285,285,321,321,321,447,447,468,489,345,345,345,345,368,368,394,413,427,427],"floor_reached":29,"playtime":1299,"items_purged":["Injury"],"score":311,"play_id":"75c91433-24c6-4a6e-ab4d-5bf5affdda94","local_time":"20190322211317","is_ascension_mode":true,"campfire_choices":[{"floor":10,"key":"REST"},{"floor":15,"key":"REST"},{"floor":23,"key":"DIG"},{"floor":25,"key":"DIG"}],"neow_cost":"NONE","seed_source_timestamp":791881543449734,"circlet_count":0,"master_deck":["Strike_R","Strike_R","Strike_R","Strike_R","Strike_R","Defend_R","Defend_R","Defend_R","Defend_R","Bash","Fiend Fire","Pommel Strike","Flame Barrier","Shrug It Off","Perfected Strike","Cleave","Spot Weakness","Pummel","Spot Weakness","Sword Boomerang","Metallicize","Offering","Inflame","Offering","Whirlwind","Armaments","Shrug It Off","Inflame"],"relics":["Burning Blood","Dodecahedron","Shovel","Magic Flower","Golden Idol","Kunai","Philosopher\u0027s Stone","Sundial","Prayer Wheel","Art of War"],"potions_floor_usage":[6,11,13,13,29,29],"damage_taken":[{"damage":10,"enemies":"Small Slimes","floor":1,"turns":3},{"damage":9,"enemies":"Jaw Worm","floor":2,"turns":3},{"damage":6,"enemies":"Cultist","floor":3,"turns":4},{"damage":14,"enemies":"Blue Slaver","floor":4,"turns":5},{"damage":4,"enemies":"Red Slaver","floor":5,"turns":4},{"damage":20,"enemies":"Lagavulin","floor":6,"turns":4},{"damage":17,"enemies":"Exordium Wildlife","floor":7,"turns":4},{"damage":15,"enemies":"Exordium Thugs","floor":8,"turns":5},{"damage":36,"enemies":"Gremlin Nob","floor":11,"turns":4},{"damage":3,"enemies":"3 Sentries","floor":13,"turns":5},{"damage":34,"enemies":"Hexaghost","floor":16,"turns":7},{"damage":27,"enemies":"Shell Parasite","floor":18,"turns":4},{"damage":10,"enemies":"3 Byrds","floor":19,"turns":3},{"damage":14,"enemies":"Cultist and Chosen","floor":24,"turns":3},{"damage":43,"enemies":"Shelled Parasite and Fungi","floor":27,"turns":4},{"damage":28,"enemies":"Snake Plant","floor":28,"turns":3},{"damage":8,"enemies":"Slavers","floor":29,"turns":2}],"seed_played":"-3560330840987207065","potions_obtained":[{"floor":1,"key":"AttackPotion"},{"floor":6,"key":"SpeedPotion"},{"floor":7,"key":"SkillPotion"},{"floor":8,"key":"Dexterity Potion"},{"floor":16,"key":"Poison Potion"},{"floor":19,"key":"SteroidPotion"},{"floor":24,"key":"AttackPotion"}],"is_trial":false,"path_per_floor":["M","M","M","M","M","E","M","M","T","R","E","?","E","?","R","B",null,"M","M","$","?","?","R","M","R","T","M","M","E"],"character_chosen":"IRONCLAD","items_purchased":["Inflame"],"campfire_rested":2,"item_purchase_floors":[20],"current_hp_per_floor":[76,73,73,65,67,53,42,33,33,57,27,27,33,33,57,32,68,50,49,49,75,75,75,70,70,70,36,17,9],"gold":427,"neow_bonus":"ONE_RANDOM_RARE_CARD","is_prod":false,"is_daily":false,"chose_seed":false,"campfire_upgraded":0,"win_rate":0,"timestamp":1553303597,"path_taken":["M","M","M","M","M","E","M","M","T","R","E","?","E","?","R","BOSS","M","M","$","?","?","R","M","R","T","?","M","E"],"build_version":"2019-01-23","purchased_purges":1,"victory":false,"max_hp_per_floor":[80,80,80,80,80,80,80,80,80,80,80,80,80,80,80,80,80,80,80,80,80,80,80,80,80,80,80,80,80],"card_choices":[{"not_picked":["Cleave","Thunderclap"],"picked":"Pommel Strike","floor":1},{"not_picked":["Iron Wave","Corruption"],"picked":"Flame Barrier","floor":2},{"not_picked":["Rage","Evolve"],"picked":"Shrug It Off","floor":3},{"not_picked":["Shockwave","Intimidate"],"picked":"Perfected Strike","floor":4},{"not_picked":["Flex","Heavy Blade"],"picked":"Cleave","floor":5},{"not_picked":["Entrench","Battle Trance"],"picked":"Spot Weakness","floor":6},{"not_picked":["Clothesline","Armaments"],"picked":"Pummel","floor":7},{"not_picked":["Metallicize","Fire Breathing"],"picked":"Spot Weakness","floor":8},{"not_picked":["Intimidate","Twin Strike"],"picked":"Sword Boomerang","floor":11},{"not_picked":["Anger","Exhume"],"picked":"Metallicize","floor":13},{"not_picked":["Feed","Demon Form"],"picked":"Offering","floor":16},{"not_picked":["Intimidate","Infernal Blade","Cleave"],"picked":"SKIP","floor":18},{"not_picked":["Sword Boomerang","Wild Strike+1","Anger"],"picked":"SKIP","floor":19},{"not_picked":["Body Slam","Anger"],"picked":"Whirlwind","floor":24},{"not_picked":["Rampage","Whirlwind"],"picked":"Armaments","floor":27},{"not_picked":["Sever Soul","Burning Pact","True Grit"],"picked":"SKIP","floor":27},{"not_picked":["Cleave","Wild Strike"],"picked":"Shrug It Off","floor":28},{"not_picked":["Body Slam","Warcry+1"],"picked":"Inflame","floor":28}],"player_experience":238312,"relics_obtained":[{"floor":6,"key":"Dodecahedron"},{"floor":9,"key":"Shovel"},{"floor":11,"key":"Magic Flower"},{"floor":13,"key":"Kunai"},{"floor":23,"key":"Sundial"},{"floor":25,"key":"Prayer Wheel"},{"floor":26,"key":"Art of War"}],"event_choices":[{"damage_healed":0,"gold_gain":0,"player_choice":"Take Wound","damage_taken":0,"relics_obtained":["Golden Idol"],"max_hp_gain":0,"max_hp_loss":0,"event_name":"Golden Idol","floor":12,"gold_loss":0,"cards_obtained":["Injury"]},{"damage_healed":0,"gold_gain":0,"player_choice":"Bought 0 Potions","damage_taken":0,"max_hp_gain":0,"max_hp_loss":0,"event_name":"The Woman in Blue","floor":14,"gold_loss":0},{"damage_healed":26,"gold_gain":0,"player_choice":"Heal","damage_taken":0,"max_hp_gain":0,"max_hp_loss":0,"event_name":"The Library","floor":21,"gold_loss":0},{"damage_healed":0,"gold_gain":0,"player_choice":"Copied","damage_taken":0,"max_hp_gain":0,"max_hp_loss":0,"event_name":"Duplicator","floor":22,"gold_loss":0,"cards_obtained":["Offering"]}],"is_beta":false,"boss_relics":[{"not_picked":["Pandora\u0027s Box","Runic Pyramid"],"picked":"Philosopher\u0027s Stone"}],"items_purged_floors":[20],"is_endless":false,"potions_floor_spawned":[1,6,7,8,16,19,24],"killed_by":"Slavers","ascension_level":5}