{"gold_per_floor":[109,184,184,197,162,162,177,177,229,229,19,38,66,40,40,40],"floor_reached":16,"playtime":1162,"items_purged":[],"score":98,"play_id":"da11dbed-9e7c-4b04-93ee-de99c3ee2eeb","local_time":"20190614011539","is_ascension_mode":false,"campfire_choices":[{"data":"Strike_R","floor":6,"key":"SMITH"},{"data":"Strike_R","floor":10,"key":"SMITH"},{"data":"Bash","floor":15,"key":"SMITH"}],"neow_cost":"","seed_source_timestamp":22652219956200,"circlet_count":0,"master_deck":["Strike_R+1","Strike_R+1","Strike_R","Strike_R","Strike_R","Defend_R","Defend_R","Defend_R","Bash+1","Cleave","Flex","Corruption","Feel No Pain","Magnetism","True Grit","Juggernaut","Clothesline"],"relics":["Burning Blood","Kunai","Potion Belt","Bottled Lightning"],"potions_floor_usage":[16,16],"damage_taken":[{"damage":19,"enemies":"Small Slimes","floor":1,"turns":4},{"damage":10,"enemies":"Cultist","floor":4,"turns":4},{"damage":1,"enemies":"2 Louse","floor":7,"turns":2},{"damage":6,"enemies":"Exordium Wildlife","floor":12,"turns":4},{"damage":25,"enemies":"Lagavulin","floor":13,"turns":8},{"damage":49,"enemies":"The Guardian","floor":16,"turns":8}],"seed_played":"4729069563077511057","potions_obtained":[{"floor":7,"key":"BloodPotion"},{"floor":13,"key":"FearPotion"}],"is_trial":false,"path_per_floor":["M","?","?","M","?","R","M","?","T","R","$","M","E","$","R","B"],"character_chosen":"IRONCLAD","items_purchased":["Feel No Pain","Magnetism","Clothesline"],"campfire_rested":0,"item_purchase_floors":[11,11,14],"current_hp_per_floor":[67,56,38,34,54,54,59,59,59,59,59,59,40,40,40,0],"gold":40,"neow_bonus":"","is_prod":false,"is_daily":false,"chose_seed":false,"campfire_upgraded":3,"win_rate":0.0,"timestamp":1560438939,"path_taken":["M","?","?","M","?","R","M","?","T","R","$","?","E","$","R","BOSS"],"build_version":"2019-01-23","purchased_purges":0,"victory":false,"max_hp_per_floor":[80,80,80,80,80,80,80,80,80,80,80,80,80,80,80,80],"card_choices":[{"not_picked":["Intimidate","Uppercut"],"picked":"Cleave","floor":1},{"not_picked":["Cleave","Body Slam"],"picked":"Flex","floor":4},{"not_picked":["Clothesline","Thunderclap"],"picked":"Corruption","floor":7},{"not_picked":["Intimidate","Iron Wave"],"picked":"True Grit","floor":12},{"not_picked":["Headbutt","Perfected Strike"],"picked":"Juggernaut","floor":13}],"player_experience":0,"relics_obtained":[{"floor":9,"key":"Potion Belt"},{"floor":13,"key":"Bottled Lightning"}],"event_choices":[{"damage_healed":0,"gold_gain":75,"player_choice":"Gather Gold","damage_taken":11,"max_hp_gain":0,"max_hp_loss":0,"event_name":"World of Goop","floor":2,"gold_loss":0},{"damage_healed":0,"gold_gain":0,"player_choice":"Success","damage_taken":18,"relics_obtained":["Kunai"],"max_hp_gain":0,"max_hp_loss":0,"event_name":"Scrap Ooze","floor":3,"gold_loss":0},{"damage_healed":20,"gold_gain":0,"player_choice":"Healed","damage_taken":0,"max_hp_gain":0,"max_hp_loss":0,"event_name":"The Cleric","floor":5,"gold_loss":35},{"cards_removed":["Defend_R"],"damage_healed":0,"gold_gain":0,"player_choice":"Purged","damage_taken":0,"max_hp_gain":0,"max_hp_loss":0,"event_name":"Purifier","floor":8,"gold_loss":0}],"is_beta":false,"boss_relics":[],"items_purged_floors":[],"is_endless":false,"potions_floor_spawned":[7,13],"killed_by":"The Guardian","ascension_level":0}