{"gold_per_floor":[118,128,25,39,39,39,49,49,49,62,82,82,100,100,100,204,204,176,203,302,326,326,326,343,190,265,265,265],"floor_reached":28,"playtime":1723,"items_purged":["Strike_G"],"score":281,"play_id":"d0637105-bcd0-4731-ae35-65bf0cb21755","local_time":"20181105165324","is_ascension_mode":true,"campfire_choices":[{"data":"Blade Dance","floor":6,"key":"SMITH"},{"data":"Blade Dance","floor":8,"key":"SMITH"},{"data":"Prepared","floor":12,"key":"SMITH"},{"floor":15,"key":"REST"},{"data":"Cloak And Dagger","floor":23,"key":"SMITH"},{"data":"Cloak And Dagger","floor":27,"key":"SMITH"}],"neow_cost":"NONE","seed_source_timestamp":3874473578198,"circlet_count":0,"master_deck":["Defend_G","Defend_G","Defend_G","Defend_G","Defend_G","Strike_G","Strike_G","Strike_G","Strike_G","Survivor","Neutralize","After Image+1","Blade Dance+1","Prepared+1","Backflip","Blade Dance+1","Well Laid Plans","Deflect","Blade Dance","Adrenaline","Deflect","Cloak And Dagger+1","Cloak And Dagger+1","Blur"],"relics":["Ring of the Snake","Paper Crane","Singing Bowl","Eternal Feather","Red Mask","Regal Pillow","Pear"],"potions_floor_usage":[18,19,19],"damage_taken":[{"damage":1,"enemies":"Jaw Worm","floor":1,"turns":6},{"damage":3,"enemies":"Cultist","floor":2,"turns":5},{"damage":2,"enemies":"2 Louse","floor":4,"turns":3},{"damage":0,"enemies":"Large Slime","floor":7,"turns":9},{"damage":10,"enemies":"Blue Slaver","floor":10,"turns":4},{"damage":5,"enemies":"3 Louse","floor":11,"turns":3},{"damage":0,"enemies":"Looter","floor":13,"turns":4},{"damage":12,"enemies":"The Guardian","floor":16,"turns":17},{"damage":7,"enemies":"2 Thieves","floor":18,"turns":5},{"damage":33,"enemies":"Masked Bandits","floor":19,"turns":6},{"damage":4,"enemies":"Shell Parasite","floor":24,"turns":6},{"damage":56,"enemies":"Centurion and Healer","floor":28,"turns":11}],"seed_played":"6145020180146007618","potions_obtained":[{"floor":1,"key":"Weak Potion"},{"floor":7,"key":"Dexterity Potion"},{"floor":11,"key":"Block Potion"},{"floor":13,"key":"Strength Potion"},{"floor":24,"key":"LiquidBronze"}],"is_trial":false,"path_per_floor":["M","M","$","M","?","R","M","R","T","M","M","R","M","?","R","B",null,"M","?","?","T","?","R","M","$","T","R","M"],"character_chosen":"THE_SILENT","items_purchased":["Backflip","Blade Dance","Blur"],"campfire_rested":1,"item_purchase_floors":[3,3,25],"current_hp_per_floor":[62,59,59,57,57,57,57,57,57,47,42,42,42,35,56,44,64,57,24,24,24,24,36,34,34,44,56,0],"gold":265,"neow_bonus":"ONE_RANDOM_RARE_CARD","is_prod":false,"is_daily":false,"chose_seed":false,"campfire_upgraded":5,"win_rate":0,"timestamp":1541447604,"path_taken":["M","M","$","M","?","R","M","R","T","M","M","R","?","?","R","BOSS","M","?","?","?","?","R","M","$","T","R","M"],"build_version":"2018-11-01","purchased_purges":1,"victory":false,"max_hp_per_floor":[70,70,70,70,70,70,70,70,70,70,70,70,70,70,70,70,70,70,70,70,70,70,70,72,72,82,82,82],"card_choices":[{"not_picked":["Skewer","PiercingWail"],"picked":"Blade Dance","floor":1},{"not_picked":["Setup","Deflect"],"picked":"Prepared","floor":2},{"not_picked":["Dagger Spray","Bane"],"picked":"Well Laid Plans","floor":4},{"not_picked":["Slice","Setup","Poisoned Stab"],"picked":"SKIP","floor":7},{"not_picked":["Eviscerate","Bouncing Flask","Slice"],"picked":"SKIP","floor":10},{"not_picked":["Poisoned Stab","Dagger Spray"],"picked":"Deflect","floor":11},{"not_picked":["Outmaneuver","Reflex"],"picked":"Blade Dance","floor":13},{"not_picked":["Bullet Time","Doppelganger"],"picked":"Adrenaline","floor":16},{"not_picked":["Prepared+1","Sucker Punch+1"],"picked":"Deflect","floor":18},{"not_picked":["Eviscerate","Deflect+1"],"picked":"Cloak And Dagger","floor":19},{"not_picked":["Flechettes","Dagger Spray+1","Setup"],"picked":"Singing Bowl","floor":24}],"player_experience":290920,"relics_obtained":[{"floor":9,"key":"Paper Crane"},{"floor":19,"key":"Red Mask"},{"floor":21,"key":"Regal Pillow"},{"floor":26,"key":"Pear"}],"event_choices":[{"damage_healed":0,"gold_gain":0,"player_choice":"Upgraded","damage_taken":0,"max_hp_gain":0,"max_hp_loss":0,"event_name":"Upgrade Shrine","floor":5,"gold_loss":0,"cards_upgraded":["After Image"]},{"damage_healed":0,"gold_gain":0,"player_choice":"Success","damage_taken":7,"relics_obtained":["Singing Bowl"],"max_hp_gain":0,"max_hp_loss":0,"event_name":"Scrap Ooze","floor":14,"gold_loss":0},{"damage_healed":0,"gold_gain":0,"player_choice":"Fought Bandits","damage_taken":0,"max_hp_gain":0,"max_hp_loss":0,"event_name":"Masked Bandits","floor":19,"gold_loss":0},{"damage_healed":0,"gold_gain":99,"player_choice":"Stole From Cult","damage_taken":0,"max_hp_gain":0,"max_hp_loss":0,"event_name":"Nest","floor":20,"gold_loss":0},{"damage_healed":0,"gold_gain":0,"player_choice":"Read","damage_taken":0,"max_hp_gain":0,"max_hp_loss":0,"event_name":"The Library","floor":22,"gold_loss":0,"cards_obtained":["Cloak And Dagger"]}],"is_beta":false,"boss_relics":[{"not_picked":["Ectoplasm","White Beast Statue"],"picked":"Eternal Feather"}],"items_purged_floors":[25],"is_endless":false,"potions_floor_spawned":[1,7,11,13,24],"killed_by":"Centurion and Healer","ascension_level":7}