{"gold_per_floor":[211,311,6,21,37,37,56,84,110,110,120,147,147,162,162,262,262,280,297,22,37,37,37,68,68,123,137,155,187,187,202,202,301,301,314,314,36,36,53,53,63,63,63,63],"floor_reached":44,"playtime":3088,"items_purged":[],"score":577,"play_id":"6572f6c7-d303-4b94-8a6e-8485dd1734fe","local_time":"20181030195818","is_ascension_mode":true,"campfire_choices":[{"data":"Zap","floor":6,"key":"SMITH"},{"data":"Fusion","floor":10,"key":"SMITH"},{"data":"Hologram","floor":13,"key":"SMITH"},{"floor":15,"key":"REST"},{"data":"Apotheosis","floor":25,"key":"SMITH"},{"data":"Chill","floor":30,"key":"SMITH"},{"data":"Machine Learning","floor":32,"key":"SMITH"},{"data":"Tempest","floor":40,"key":"SMITH"},{"floor":42,"key":"REST"}],"neow_cost":"NONE","seed_source_timestamp":5623155346399,"circlet_count":0,"master_deck":["Defend_B","Defend_B","Defend_B","Defend_B","Zap+1","Dualcast","Hologram+1","Self Repair","Ball Lightning+1","Fusion+1","Auto Shields","Stack","Capacitor","Machine Learning+1","Coolheaded","Chill+1","Apotheosis+1","Bite","Bite","Bite+1","Bite","Bite","Stack","Machine Learning","Compile Driver+1","BootSequence","Tempest+1","Parasite"],"relics":["Cracked Core","Bird Faced Urn","Orichalcum","Potion Belt","Pen Nib","Busted Crown","Bag of Marbles","Art of War","Whetstone","Inserter","Kunai","Medical Kit","Shuriken"],"potions_floor_usage":[12,19,21,29,29,33,39,44],"damage_taken":[{"damage":4,"enemies":"Jaw Worm","floor":1,"turns":4},{"damage":0,"enemies":"Cultist","floor":4,"turns":3},{"damage":8,"enemies":"2 Louse","floor":5,"turns":2},{"damage":16,"enemies":"Large Slime","floor":7,"turns":5},{"damage":25,"enemies":"Lagavulin","floor":8,"turns":6},{"damage":6,"enemies":"Red Slaver","floor":11,"turns":3},{"damage":20,"enemies":"3 Sentries","floor":12,"turns":6},{"damage":16,"enemies":"Exordium Thugs","floor":14,"turns":4},{"damage":36,"enemies":"Hexaghost","floor":16,"turns":11},{"damage":28,"enemies":"3 Byrds","floor":18,"turns":5},{"damage":30,"enemies":"2 Thieves","floor":19,"turns":5},{"damage":12,"enemies":"Centurion and Healer","floor":21,"turns":14},{"damage":36,"enemies":"Book of Stabbing","floor":24,"turns":7},{"damage":21,"enemies":"Sentry and Sphere","floor":27,"turns":7},{"damage":5,"enemies":"Snecko","floor":28,"turns":6},{"damage":44,"enemies":"Slavers","floor":29,"turns":8},{"damage":25,"enemies":"3 Cultists","floor":31,"turns":6},{"damage":59,"enemies":"Collector","floor":33,"turns":12},{"damage":12,"enemies":"3 Shapes","floor":35,"turns":7},{"damage":11,"enemies":"3 Darklings","floor":39,"turns":8},{"damage":51,"enemies":"Writhing Mass","floor":41,"turns":9},{"damage":73,"enemies":"Reptomancer","floor":44,"turns":3}],"seed_played":"-4226532070349210937","potions_obtained":[{"floor":7,"key":"SteroidPotion"},{"floor":8,"key":"PowerPotion"},{"floor":11,"key":"Swift Potion"},{"floor":16,"key":"EssenceOfSteel"},{"floor":19,"key":"Energy Potion"},{"floor":29,"key":"SteroidPotion"},{"floor":31,"key":"Poison Potion"},{"floor":33,"key":"Ancient Potion"},{"floor":35,"key":"SkillPotion"},{"floor":41,"key":"AttackPotion"}],"is_trial":false,"path_per_floor":["M","?","$","M","M","R","M","E","T","R","M","E","R","M","R","B",null,"M","M","$","M","?","$","E","R","T","M","M","E","R","M","R","B",null,"M","?","$","?","M","R","M","R","T"],"character_chosen":"DEFECT","items_purchased":["Bird Faced Urn","Coolheaded","Chill","Apotheosis","Tempest","Medical Kit"],"campfire_rested":2,"item_purchase_floors":[3,20,20,20,37,37],"current_hp_per_floor":[71,71,71,71,72,72,65,49,49,49,52,43,43,36,58,33,75,60,43,43,47,47,47,50,50,50,52,52,45,45,48,48,52,52,52,52,52,42,52,52,37,52,52,0],"gold":63,"neow_bonus":"HUNDRED_GOLD","is_prod":false,"is_daily":false,"chose_seed":false,"campfire_upgraded":7,"win_rate":0,"timestamp":1540940298,"path_taken":["M","?","$","M","M","R","M","E","T","R","M","E","R","M","R","BOSS","M","M","$","M","?","?","E","R","T","M","M","E","R","M","R","BOSS","M","?","$","?","M","R","M","R","T","E"],"build_version":"2018-10-25v2","purchased_purges":0,"victory":false,"max_hp_per_floor":[75,75,75,75,75,75,75,75,75,75,75,75,75,75,75,75,75,75,75,75,75,52,52,52,52,52,52,52,52,52,52,52,52,52,52,52,52,52,52,52,52,52,52,52],"card_choices":[{"not_picked":["Turbo","Skim"],"picked":"Hologram","floor":1},{"not_picked":["Leap","Turbo"],"picked":"Self Repair","floor":4},{"not_picked":["Double Energy","Melter"],"picked":"Ball Lightning","floor":5},{"not_picked":["Hyperbeam","Gash"],"picked":"Fusion","floor":7},{"not_picked":["Leap","Double Energy"],"picked":"Auto Shields","floor":8},{"not_picked":["Doom and Gloom","Redo"],"picked":"Stack","floor":11},{"not_picked":["Streamline","Rip and Tear","Steam Power"],"picked":"SKIP","floor":12},{"not_picked":["Reprogram","Lockon"],"picked":"Capacitor","floor":14},{"not_picked":["Seek","Hyperbeam"],"picked":"Machine Learning","floor":16},{"not_picked":["Lockon+1"],"picked":"SKIP","floor":18},{"not_picked":["Streamline"],"picked":"SKIP","floor":19},{"not_picked":["Beam Cell"],"picked":"SKIP","floor":21},{"not_picked":["Steam Power"],"picked":"SKIP","floor":24},{"not_picked":[],"picked":"Stack","floor":27},{"not_picked":[],"picked":"Machine Learning","floor":28},{"not_picked":[],"picked":"Compile Driver+1","floor":29},{"not_picked":[],"picked":"BootSequence","floor":31},{"not_picked":["Sunder"],"picked":"SKIP","floor":35},{"not_picked":["Blizzard"],"picked":"SKIP","floor":39},{"not_picked":["Hologram"],"picked":"SKIP","floor":41}],"player_experience":183813,"relics_obtained":[{"floor":8,"key":"Orichalcum"},{"floor":9,"key":"Potion Belt"},{"floor":12,"key":"Pen Nib"},{"floor":24,"key":"Bag of Marbles"},{"floor":26,"key":"Art of War"},{"floor":29,"key":"Whetstone"},{"floor":43,"key":"Shuriken"}],"event_choices":[{"damage_healed":0,"gold_gain":100,"player_choice":"Pray","damage_taken":0,"max_hp_gain":0,"max_hp_loss":0,"event_name":"Golden Shrine","floor":2,"gold_loss":0},{"damage_healed":0,"gold_gain":0,"player_choice":"Became a vampire","damage_taken":0,"max_hp_gain":0,"max_hp_loss":23,"event_name":"Vampires","floor":22,"gold_loss":0,"cards_obtained":["Bite","Bite","Bite","Bite","Bite"]},{"damage_healed":0,"gold_gain":0,"player_choice":"Gave Potion","damage_taken":0,"relics_obtained":["Kunai"],"max_hp_gain":0,"max_hp_loss":0,"event_name":"WeMeetAgain","floor":36,"gold_loss":0},{"damage_healed":0,"gold_gain":0,"player_choice":"Memory 3","damage_taken":10,"max_hp_gain":0,"max_hp_loss":0,"event_name":"SensoryStone","floor":38,"gold_loss":0}],"is_beta":false,"boss_relics":[{"not_picked":["Lizard Tail","Philosopher\u0027s Stone"],"picked":"Busted Crown"},{"not_picked":["Tiny House","Runic Pyramid"],"picked":"Inserter"}],"items_purged_floors":[],"is_endless":false,"potions_floor_spawned":[7,8,11,16,19,29,31,33,35,41],"killed_by":"Reptomancer","ascension_level":4}