{"gold_per_floor":[360,371,76,76,76,76,101,111,187,187,216,235,235,265,265,367,367,380,380,415,415,415],"floor_reached":22,"playtime":2129,"items_purged":["Parasite"],"score":304,"play_id":"f5b81351-3975-46cc-833f-1328da93a5c9","local_time":"20190321230707","is_ascension_mode":true,"campfire_choices":[{"floor":6,"key":"REST"},{"floor":10,"key":"REST"},{"floor":15,"key":"REST"}],"neow_cost":"CURSE","seed_source_timestamp":711472097894680,"circlet_count":0,"master_deck":["AscendersBane","Defend_G+1","Defend_G+1","Defend_G","Defend_G","Defend_G","Strike_G","Strike_G","Strike_G","Strike_G","Strike_G","Survivor+1","Neutralize+1","Caltrops+1","Dash","Well Laid Plans","PiercingWail","PiercingWail","Glass Knife","Burst","Endless Agony+1","Dagger Throw"],"relics":["Ring of the Serpent","Oddly Smooth Stone","PreservedInsect","War Paint","Bottled Lightning","Calipers","Happy Flower","Red Mask"],"potions_floor_usage":[14,16],"damage_taken":[{"damage":13,"enemies":"Jaw Worm","floor":1,"turns":8},{"damage":19,"enemies":"Small Slimes","floor":2,"turns":9},{"damage":0,"enemies":"Cultist","floor":8,"turns":4},{"damage":10,"enemies":"3 Sentries","floor":11,"turns":9},{"damage":3,"enemies":"Looter","floor":12,"turns":4},{"damage":16,"enemies":"Gremlin Nob","floor":14,"turns":4},{"damage":25,"enemies":"The Guardian","floor":16,"turns":17},{"damage":6,"enemies":"Shell Parasite","floor":18,"turns":8},{"damage":25,"enemies":"Masked Bandits","floor":20,"turns":7},{"damage":21,"enemies":"Spheric Guardian","floor":22,"turns":3}],"seed_played":"8185567660679904395","potions_obtained":[{"floor":8,"key":"SteroidPotion"},{"floor":11,"key":"Swift Potion"},{"floor":16,"key":"Weak Potion"},{"floor":20,"key":"FairyPotion"}],"is_trial":false,"path_per_floor":["M","M","$","?","?","R","T","M","T","R","E","M","?","E","R","B",null,"M","?","?","?","M"],"character_chosen":"THE_SILENT","items_purchased":["Oddly Smooth Stone","Well Laid Plans"],"campfire_rested":3,"item_purchase_floors":[3,3],"current_hp_per_floor":[50,31,31,19,6,26,26,26,26,46,36,33,33,17,37,12,53,47,35,10,1,0],"gold":415,"neow_bonus":"TWO_FIFTY_GOLD","is_prod":false,"is_daily":false,"chose_seed":false,"campfire_upgraded":0,"win_rate":0,"timestamp":1553224027,"path_taken":["M","M","$","?","?","R","?","M","T","R","E","?","?","E","R","BOSS","M","?","?","?","M"],"build_version":"2019-01-23","purchased_purges":1,"victory":false,"max_hp_per_floor":[70,70,67,67,67,67,67,67,67,67,67,67,67,67,67,67,67,67,72,72,72,72],"card_choices":[{"not_picked":["Bane","Escape Plan"],"picked":"Caltrops","floor":1},{"not_picked":["Acrobatics","Riddle With Holes"],"picked":"Dash","floor":2},{"not_picked":["Choke","Backflip"],"picked":"PiercingWail","floor":8},{"not_picked":["Blade Dance","Endless Agony"],"picked":"PiercingWail","floor":11},{"not_picked":["Outmaneuver","Prepared","Slice"],"picked":"SKIP","floor":12},{"not_picked":["Flechettes","Caltrops"],"picked":"Glass Knife","floor":14},{"not_picked":["Grand Finale","Doppelganger"],"picked":"Burst","floor":16},{"not_picked":["Expertise","Outmaneuver"],"picked":"Endless Agony+1","floor":18},{"not_picked":["Dodge and Roll","Bane"],"picked":"Dagger Throw","floor":20}],"player_experience":229306,"relics_obtained":[{"floor":7,"key":"War Paint"},{"floor":9,"key":"Bottled Lightning"},{"floor":11,"key":"Calipers"},{"floor":14,"key":"Happy Flower"},{"floor":20,"key":"Red Mask"}],"event_choices":[{"damage_healed":0,"gold_gain":0,"player_choice":"Success","damage_taken":12,"relics_obtained":["PreservedInsect"],"max_hp_gain":0,"max_hp_loss":0,"event_name":"Scrap Ooze","floor":4,"gold_loss":0},{"damage_healed":0,"gold_gain":0,"player_choice":"Entered Light","damage_taken":13,"max_hp_gain":0,"max_hp_loss":0,"event_name":"Shining Light","floor":5,"gold_loss":0,"cards_upgraded":["Neutralize","Defend_G"]},{"damage_healed":0,"gold_gain":0,"player_choice":"Grow","damage_taken":0,"max_hp_gain":0,"max_hp_loss":0,"event_name":"Living Wall","floor":13,"gold_loss":0,"cards_upgraded":["Caltrops"]},{"damage_healed":0,"gold_gain":0,"player_choice":"Shed Blood","damage_taken":17,"max_hp_gain":5,"max_hp_loss":0,"event_name":"Forgotten Altar","floor":19,"gold_loss":0},{"damage_healed":0,"gold_gain":0,"player_choice":"Fought Bandits","damage_taken":0,"max_hp_gain":0,"max_hp_loss":0,"event_name":"Masked Bandits","floor":20,"gold_loss":0},{"damage_healed":0,"gold_gain":0,"player_choice":"Stopped","damage_taken":9,"max_hp_gain":0,"max_hp_loss":0,"event_name":"Cursed Tome","floor":21,"gold_loss":0}],"is_beta":false,"boss_relics":[{"not_picked":["Astrolabe","Snecko Eye"],"picked":"Ring of the Serpent"}],"items_purged_floors":[3],"is_endless":false,"potions_floor_spawned":[8,11,16,20],"killed_by":"Spheric Guardian","ascension_level":12}