{"gold_per_floor":[115,115,128,128,141,175,175,210,210,385,385,396,406,422,422,517,517,533,623,135,153,168,193,204,204,227,227,149,181,59,94,94,195,195,210,224,224,244,244,244,269,269,269,301,301,28,28,28,28,28],"floor_reached":51,"playtime":2959,"items_purged":["Doubt"],"score":832,"play_id":"ed65891f-8a4d-4cc6-a4c5-2d5199a7d05f","local_time":"20190118205153","is_ascension_mode":true,"campfire_choices":[{"data":"Anger","floor":7,"key":"SMITH"},{"floor":15,"key":"REST"},{"data":"Barricade","floor":25,"key":"SMITH"},{"floor":32,"key":"REST"},{"data":"Inflame","floor":40,"key":"SMITH"},{"data":"Limit Break","floor":42,"key":"SMITH"},{"floor":47,"key":"REST"},{"floor":49,"key":"REST"}],"neow_cost":"NONE","seed_source_timestamp":837216785370134,"circlet_count":0,"master_deck":["Strike_R","Strike_R","Strike_R","Strike_R","Strike_R","Defend_R","Defend_R","Defend_R","Bash","Anger+1","Warcry","Flame Barrier","Anger","Body Slam","Dual Wield","Limit Break+1","Uppercut","Pommel Strike","Feed","Shockwave","Inflame","Metallicize","Barricade+1","Entrench","Necronomicurse","Inflame+1","Anger+1","Metallicize","Armaments","Shockwave","Immolate","Spot Weakness","Pummel+1","Parasite","Heavy Blade+1","Writhe","Disarm+1","Heavy Blade","Inflame","Uppercut","Dropkick","True Grit+1","Battle Trance+1"],"relics":["Black Blood","Dream Catcher","Red Skull","Pear","Blood Vial","Art of War","Orichalcum","Meat on the Bone","Ancient Tea Set","Mummified Hand","Juzu Bracelet","Necronomicon","PreservedInsect","Vajra","Sozu","The Courier","Omamori","Darkstone Periapt","Bag of Preparation"],"potions_floor_usage":[16,16,21,21,29,31,33],"damage_taken":[{"damage":0,"enemies":"2 Louse","floor":1,"turns":4},{"damage":1,"enemies":"Cultist","floor":3,"turns":3},{"damage":3,"enemies":"Small Slimes","floor":5,"turns":3},{"damage":36,"enemies":"Gremlin Nob","floor":6,"turns":5},{"damage":22,"enemies":"3 Sentries","floor":8,"turns":7},{"damage":6,"enemies":"Red Slaver","floor":12,"turns":4},{"damage":3,"enemies":"Exordium Wildlife","floor":13,"turns":5},{"damage":8,"enemies":"Looter","floor":14,"turns":3},{"damage":44,"enemies":"The Guardian","floor":16,"turns":8},{"damage":34,"enemies":"Shell Parasite","floor":18,"turns":9},{"damage":22,"enemies":"Spheric Guardian","floor":21,"turns":5},{"damage":15,"enemies":"Centurion and Healer","floor":22,"turns":6},{"damage":40,"enemies":"Slavers","floor":23,"turns":6},{"damage":12,"enemies":"Shelled Parasite and Fungi","floor":24,"turns":6},{"damage":16,"enemies":"Gremlin Leader","floor":29,"turns":5},{"damage":15,"enemies":"Book of Stabbing","floor":31,"turns":4},{"damage":36,"enemies":"Collector","floor":33,"turns":11},{"damage":5,"enemies":"Orb Walker","floor":35,"turns":3},{"damage":7,"enemies":"3 Shapes","floor":36,"turns":4},{"damage":26,"enemies":"Writhing Mass","floor":38,"turns":5},{"damage":7,"enemies":"Giant Head","floor":41,"turns":5},{"damage":50,"enemies":"Reptomancer","floor":44,"turns":5},{"damage":54,"enemies":"Time Eater","floor":50,"turns":7}],"seed_played":"8281238637805977026","potions_obtained":[{"floor":3,"key":"Dexterity Potion"},{"floor":8,"key":"PowerPotion"},{"floor":13,"key":"Strength Potion"},{"floor":14,"key":"Swift Potion"},{"floor":16,"key":"SteroidPotion"},{"floor":21,"key":"Energy Potion"},{"floor":23,"key":"AttackPotion"},{"floor":24,"key":"SpeedPotion"}],"is_trial":false,"path_per_floor":["M","?","M","?","M","E","R","E","T","?","T","M","M","M","R","B",null,"M","?","$","M","M","E","M","R","T","?","$","E","$","E","R","B",null,"M","M","?","M","?","R","E","R","T","E","?","$","R","$","R","B",null],"character_chosen":"IRONCLAD","items_purchased":["Meat on the Bone","Ancient Tea Set","Inflame","Metallicize","AttackPotion","Bag of Preparation","Inflame","Uppercut","Dropkick"],"campfire_rested":4,"item_purchase_floors":[20,20,28,30,30,46,46,46,46],"current_hp_per_floor":[80,80,80,73,76,56,56,40,40,40,40,42,47,47,74,38,90,69,51,51,53,65,52,67,67,67,51,51,59,59,68,98,74,102,102,102,102,86,102,102,102,102,102,62,62,62,92,92,102,70],"gold":28,"neow_bonus":"RANDOM_COMMON_RELIC","is_prod":false,"is_daily":false,"chose_seed":false,"campfire_upgraded":4,"win_rate":0,"timestamp":1547862713,"path_taken":["M","?","M","?","M","E","R","E","T","?","?","?","M","M","R","BOSS","M","?","$","M","?","E","M","R","T","?","$","E","$","E","R","BOSS","M","M","?","M","?","R","E","R","T","E","?","$","R","?","R","BOSS"],"build_version":"2019-01-17v2","purchased_purges":1,"victory":true,"max_hp_per_floor":[80,80,80,80,80,90,90,90,90,90,90,90,90,90,90,90,90,93,93,93,93,96,99,102,102,102,102,102,102,102,102,102,102,102,102,102,102,102,102,102,102,102,102,102,102,102,102,102,102,102],"card_choices":[{"not_picked":["Sever Soul","Carnage"],"picked":"Anger","floor":1},{"not_picked":["Hemokinesis","Iron Wave"],"picked":"Warcry","floor":3},{"not_picked":["Ghostly Armor","Cleave"],"picked":"Flame Barrier","floor":5},{"not_picked":["Armaments","Flex"],"picked":"Anger","floor":6},{"not_picked":["Feel No Pain","Ghostly Armor"],"picked":"Body Slam","floor":8},{"not_picked":["Anger","Shockwave"],"picked":"Dual Wield","floor":12},{"not_picked":["Pommel Strike","Iron Wave"],"picked":"Limit Break","floor":13},{"not_picked":["Perfected Strike","Armaments"],"picked":"Uppercut","floor":14},{"not_picked":["Headbutt","True Grit"],"picked":"Pommel Strike","floor":15},{"not_picked":["Demon Form","Berserk"],"picked":"Feed","floor":16},{"not_picked":["Iron Wave","Clash"],"picked":"Shockwave","floor":18},{"not_picked":["True Grit","Sword Boomerang+1"],"picked":"Inflame","floor":21},{"not_picked":["Perfected Strike","Armaments"],"picked":"Metallicize","floor":22},{"not_picked":["Spot Weakness","Thunderclap+1"],"picked":"Barricade","floor":23},{"not_picked":["Flex","Armaments"],"picked":"Entrench","floor":24},{"not_picked":["Power Through","Fire Breathing+1"],"picked":"Anger+1","floor":29},{"not_picked":["True Grit","Feel No Pain"],"picked":"Armaments","floor":31},{"not_picked":["Flex","Wild Strike"],"picked":"Shockwave","floor":32},{"not_picked":["Barricade","Juggernaut"],"picked":"Immolate","floor":33},{"not_picked":["Warcry+1","Evolve+1"],"picked":"Spot Weakness","floor":35},{"not_picked":["Anger+1","Seeing Red"],"picked":"Pummel+1","floor":36},{"not_picked":["Whirlwind+1","Carnage"],"picked":"Heavy Blade+1","floor":38},{"not_picked":["Warcry","Cleave"],"picked":"Disarm+1","floor":41},{"not_picked":["Seeing Red","Anger+1"],"picked":"Heavy Blade","floor":44},{"not_picked":["Shrug It Off","Armaments"],"picked":"True Grit+1","floor":47},{"not_picked":["Pommel Strike","Spot Weakness"],"picked":"Battle Trance+1","floor":49}],"player_experience":100411,"relics_obtained":[{"floor":6,"key":"Pear"},{"floor":8,"key":"Blood Vial"},{"floor":9,"key":"Art of War"},{"floor":11,"key":"Orichalcum"},{"floor":23,"key":"Mummified Hand"},{"floor":26,"key":"Juzu Bracelet"},{"floor":27,"key":"Necronomicon"},{"floor":29,"key":"PreservedInsect"},{"floor":31,"key":"Vajra"},{"floor":41,"key":"The Courier"},{"floor":43,"key":"Omamori"},{"floor":44,"key":"Darkstone Periapt"}],"event_choices":[{"damage_healed":0,"gold_gain":0,"player_choice":"Leave","damage_taken":0,"max_hp_gain":0,"max_hp_loss":0,"event_name":"The Cleric","floor":2,"gold_loss":0},{"damage_healed":0,"gold_gain":0,"player_choice":"Success","damage_taken":7,"relics_obtained":["Red Skull"],"max_hp_gain":0,"max_hp_loss":0,"event_name":"Scrap Ooze","floor":4,"gold_loss":0},{"damage_healed":0,"gold_gain":175,"player_choice":"AGREE","damage_taken":0,"max_hp_gain":0,"max_hp_loss":0,"event_name":"Liars Game","floor":10,"gold_loss":0,"cards_obtained":["Doubt"]},{"damage_healed":0,"gold_gain":90,"player_choice":"GOLD ","damage_taken":18,"max_hp_gain":0,"max_hp_loss":0,"event_name":"Knowing Skull","floor":19,"potions_obtained":[],"gold_loss":0,"cards_obtained":[]},{"damage_healed":0,"gold_gain":0,"player_choice":"Obtained Book","damage_taken":16,"max_hp_gain":0,"max_hp_loss":0,"event_name":"Cursed Tome","floor":27,"gold_loss":0},{"damage_healed":0,"gold_gain":0,"player_choice":"Got Potions","damage_taken":0,"max_hp_gain":0,"max_hp_loss":0,"event_name":"Lab","floor":37,"gold_loss":0},{"damage_healed":26,"gold_gain":0,"player_choice":"Writhe","damage_taken":0,"max_hp_gain":0,"max_hp_loss":0,"event_name":"Winding Halls","floor":39,"gold_loss":0,"cards_obtained":["Writhe"]},{"cards_removed":["Defend_R"],"damage_healed":0,"gold_gain":0,"player_choice":"Removed Skill","damage_taken":0,"max_hp_gain":0,"max_hp_loss":0,"event_name":"Falling","floor":45,"gold_loss":0}],"is_beta":false,"boss_relics":[{"not_picked":["Runic Dome","Ectoplasm"],"picked":"Black Blood"},{"not_picked":["Astrolabe","Runic Cube"],"picked":"Sozu"}],"items_purged_floors":[20],"is_endless":false,"potions_floor_spawned":[3,8,13,14,16,21,23,24,38,41],"ascension_level":1}