{"gold_per_floor":[14,189,139,151,170,170,186,199,223,223,223,253,253,272,272,369,369,381,23,40,58,73,73,101,101,101,6,105,79,96,107,107,209,209,225,225,225,96,108,108,69,69,69,84,95,95,22,36,36,36],"floor_reached":51,"playtime":3665,"items_purged":[],"score":737,"play_id":"c7554899-1cf7-4d46-9b54-3c05028a4c74","local_time":"20190118175114","is_ascension_mode":true,"campfire_choices":[{"data":"Neutralize","floor":6,"key":"SMITH"},{"data":"Dagger Spray","floor":10,"key":"SMITH"},{"data":"Blade Dance","floor":13,"key":"SMITH"},{"data":"Caltrops","floor":15,"key":"SMITH"},{"floor":23,"key":"REST"},{"floor":25,"key":"REST"},{"floor":32,"key":"REST"},{"floor":40,"key":"REST"},{"data":"Apotheosis","floor":42,"key":"SMITH"},{"floor":46,"key":"REST"},{"floor":49,"key":"REST"}],"neow_cost":"NO_GOLD","seed_source_timestamp":825667694586231,"circlet_count":0,"master_deck":["Survivor","Neutralize+1","PiercingWail","Footwork","Dagger Spray+1","Well Laid Plans","Quick Slash","Blade Dance+1","Caltrops+1","Glass Knife","Poisoned Stab","Terror","Acrobatics+1","Accuracy","Panache","Cloak And Dagger","Leg Sweep+1","Caltrops","Venomology","Flying Knee+1","Envenom","Tactician","Prepared","Glass Knife+1","Sucker Punch+1","Flying Knee+1","Venomology","Catalyst","Concentrate","Predator+1","Apotheosis+1","Blur","Backstab+1","Cloak And Dagger+1","Blur","Dagger Spray+1"],"relics":["Ring of the Snake","Vajra","Snake Skull","WristBlade","Bronze Scales","Membership Card","Oddly Smooth Stone","Molten Egg 2","Pandora\u0027s Box","Shuriken","FossilizedHelix","Lantern"],"potions_floor_usage":[12,16,16,21,24,33,33,33,39,39,44,44,45,45,48,50,50,50],"damage_taken":[{"damage":5,"enemies":"Jaw Worm","floor":1,"turns":7},{"damage":0,"enemies":"2 Louse","floor":4,"turns":4},{"damage":0,"enemies":"Cultist","floor":5,"turns":6},{"damage":25,"enemies":"Exordium Thugs","floor":7,"turns":10},{"damage":0,"enemies":"Looter","floor":8,"turns":4},{"damage":3,"enemies":"Lagavulin","floor":12,"turns":8},{"damage":2,"enemies":"2 Fungi Beasts","floor":14,"turns":3},{"damage":6,"enemies":"Slime Boss","floor":16,"turns":10},{"damage":17,"enemies":"2 Thieves","floor":18,"turns":4},{"damage":0,"enemies":"3 Byrds","floor":20,"turns":1},{"damage":23,"enemies":"Shelled Parasite and Fungi","floor":21,"turns":4},{"damage":24,"enemies":"Snake Plant","floor":22,"turns":3},{"damage":27,"enemies":"Book of Stabbing","floor":24,"turns":5},{"damage":3,"enemies":"Centurion and Healer","floor":30,"turns":5},{"damage":23,"enemies":"Cultist and Chosen","floor":31,"turns":5},{"damage":33,"enemies":"Champ","floor":33,"turns":11},{"damage":5,"enemies":"Orb Walker","floor":35,"turns":3},{"damage":27,"enemies":"3 Darklings","floor":39,"turns":7},{"damage":48,"enemies":"Writhing Mass","floor":44,"turns":4},{"damage":1,"enemies":"Spire Growth","floor":45,"turns":4},{"damage":0,"enemies":"Sphere and 2 Shapes","floor":48,"turns":10},{"damage":75,"enemies":"Awakened One","floor":50,"turns":13}],"seed_played":"3552999276455643759","potions_obtained":[{"floor":7,"key":"Weak Potion"},{"floor":8,"key":"Dexterity Potion"},{"floor":12,"key":"Regen Potion"},{"floor":14,"key":"SpeedPotion"},{"floor":21,"key":"EssenceOfSteel"},{"floor":22,"key":"PowerPotion"},{"floor":30,"key":"Poison Potion"},{"floor":31,"key":"Ancient Potion"},{"floor":33,"key":"LiquidBronze"},{"floor":39,"key":"PowerPotion"},{"floor":44,"key":"Block Potion"}],"is_trial":false,"path_per_floor":["M","?","?","M","M","R","M","M","T","R","?","E","R","M","R","B",null,"M","$","M","M","M","R","E","R","T","$","?","$","M","M","R","B",null,"M","?","?","$","M","R","$","R","T","M","M","R","$","M","R","B",null],"character_chosen":"THE_SILENT","items_purchased":["Bronze Scales","Membership Card","Panache","Cloak And Dagger","Shuriken","Backstab+1","Lantern"],"campfire_rested":6,"item_purchase_floors":[19,19,27,29,38,41,47],"current_hp_per_floor":[79,79,79,79,79,79,54,54,54,54,82,79,79,77,77,71,84,67,67,67,53,29,54,27,52,52,52,52,52,49,26,51,18,84,79,79,79,79,52,77,77,77,77,29,28,53,53,53,78,3],"gold":36,"neow_bonus":"TWENTY_PERCENT_HP_BONUS","is_prod":false,"is_daily":false,"chose_seed":false,"campfire_upgraded":5,"win_rate":0,"timestamp":1547851874,"path_taken":["M","?","?","M","M","R","M","M","T","R","?","E","R","M","R","BOSS","M","$","M","M","M","R","E","R","T","$","?","$","M","M","R","BOSS","M","?","?","?","M","R","$","R","T","?","M","R","?","M","R","BOSS"],"build_version":"2019-01-17v2","purchased_purges":0,"victory":true,"max_hp_per_floor":[84,84,84,84,84,84,84,84,84,84,84,84,84,84,84,84,84,84,84,84,84,84,84,84,84,84,84,84,84,84,84,84,84,84,84,84,84,84,84,84,84,84,84,84,84,84,84,84,84,84],"card_choices":[{"not_picked":["Acrobatics","Flying Knee"],"picked":"PiercingWail","floor":1},{"not_picked":["Cloak And Dagger","Finisher"],"picked":"Footwork","floor":4},{"not_picked":["Heel Hook","Prepared"],"picked":"Dagger Spray","floor":5},{"not_picked":["Backflip","Deadly Poison"],"picked":"Well Laid Plans","floor":7},{"not_picked":["Calculated Gamble","Eviscerate"],"picked":"Quick Slash","floor":8},{"not_picked":["Heel Hook","Choke"],"picked":"Blade Dance","floor":12},{"not_picked":["Dagger Throw","Flying Knee"],"picked":"Caltrops","floor":14},{"not_picked":["Storm of Steel","Tools of the Trade"],"picked":"Glass Knife","floor":16},{"not_picked":["Prepared","Deadly Poison"],"picked":"Poisoned Stab","floor":18},{"not_picked":["Bane","Dodge and Roll"],"picked":"Terror","floor":20},{"not_picked":["Dagger Spray","Bane"],"picked":"Acrobatics+1","floor":21},{"not_picked":["Quick Slash+1","Slice"],"picked":"Sucker Punch","floor":22},{"not_picked":["Endless Agony","Distraction"],"picked":"Accuracy","floor":24},{"not_picked":["Slice+1","Backflip"],"picked":"Leg Sweep+1","floor":30},{"not_picked":["Distraction","Expertise+1"],"picked":"Caltrops","floor":31},{"not_picked":["Unload+1","Envenom"],"picked":"Venomology","floor":33},{"not_picked":["Escape Plan+1","Prepared+1"],"picked":"Predator+1","floor":35},{"not_picked":["Metamorphosis","Transmutation"],"picked":"Apotheosis","floor":36},{"not_picked":["Cloak And Dagger","Prepared+1"],"picked":"Blur","floor":39},{"not_picked":["Masterful Stab+1","Bane+1"],"picked":"Cloak And Dagger+1","floor":44},{"not_picked":["Eviscerate+1","Outmaneuver+1"],"picked":"Blur","floor":45},{"not_picked":["Flechettes+1","Bouncing Flask"],"picked":"Dagger Spray+1","floor":48}],"player_experience":89074,"relics_obtained":[{"floor":9,"key":"Vajra"},{"floor":12,"key":"Snake Skull"},{"floor":24,"key":"Oddly Smooth Stone"},{"floor":26,"key":"Molten Egg 2"},{"floor":43,"key":"FossilizedHelix"}],"event_choices":[{"damage_healed":0,"gold_gain":175,"player_choice":"AGREE","damage_taken":0,"max_hp_gain":0,"max_hp_loss":0,"event_name":"Liars Game","floor":2,"gold_loss":0,"cards_obtained":["Doubt"]},{"cards_removed":["Doubt"],"damage_healed":0,"gold_gain":0,"player_choice":"Card Removal","damage_taken":0,"max_hp_gain":0,"max_hp_loss":0,"event_name":"The Cleric","floor":3,"gold_loss":50},{"damage_healed":28,"gold_gain":0,"player_choice":"Banana","damage_taken":0,"max_hp_gain":0,"max_hp_loss":0,"event_name":"Big Fish","floor":11,"gold_loss":0},{"damage_healed":0,"gold_gain":99,"player_choice":"Stole From Cult","damage_taken":0,"max_hp_gain":0,"max_hp_loss":0,"event_name":"Nest","floor":28,"gold_loss":0},{"damage_healed":0,"gold_gain":0,"player_choice":"Memory 1","damage_taken":0,"max_hp_gain":0,"max_hp_loss":0,"event_name":"SensoryStone","floor":36,"gold_loss":0},{"cards_removed":["Sucker Punch"],"damage_healed":0,"gold_gain":0,"player_choice":"Removed Attack","damage_taken":0,"max_hp_gain":0,"max_hp_loss":0,"event_name":"Falling","floor":37,"gold_loss":0}],"is_beta":false,"boss_relics":[{"not_picked":["White Beast Statue","Empty Cage"],"picked":"WristBlade"},{"not_picked":["Coffee Dripper","Tiny House"],"picked":"Pandora\u0027s Box"}],"items_purged_floors":[],"is_endless":false,"potions_floor_spawned":[7,8,12,14,21,22,30,31,33,39,44],"ascension_level":3}