{"gold_per_floor":[110,110,110,122,138,168,168,200,200,220,65,65,40,55,55,153,153,169,169,269,283,283,283,293,312,364,364,364,380,380,394,394,490,490,502,853,864,600,613,613,625,659,659,659,671,671],"floor_reached":46,"playtime":3837,"items_purged":[],"score":535,"play_id":"61426a87-2772-46c0-aab7-3b48178984dd","local_time":"20190122213402","is_ascension_mode":true,"campfire_choices":[{"data":"Defragment","floor":7,"key":"SMITH"},{"floor":15,"key":"REST"},{"floor":23,"key":"REST"},{"floor":27,"key":"REST"},{"data":"Echo Form","floor":32,"key":"SMITH"},{"floor":40,"key":"REST"},{"data":"Echo Form","floor":44,"key":"SMITH"}],"neow_cost":"NONE","seed_source_timestamp":1184477111717881,"circlet_count":0,"master_deck":["Defend_B+1","Defend_B+1","Defend_B+1","Defend_B+1","Zap+1","Ball Lightning","Defragment+1","Coolheaded","Defragment","Capacitor","Leap","Go for the Eyes","Conserve Battery","Echo Form+1","Cold Snap+1","White Noise+1","Undo","Hologram","Glacier","Reinforced Body","Self Repair+1","Consume","Sweeping Beam","Conserve Battery","Echo Form+1","Static Discharge","Go for the Eyes","Electrodynamics","Compile Driver","Hologram","Double Energy+1","Fusion+1"],"relics":["Cracked Core","War Paint","Bottled Lightning","Peace Pipe","Torii","Orichalcum","Pear","Astrolabe","Nunchaku","Darkstone Periapt","Bronze Scales","Pantograph","Lizard Tail","Old Coin","MealTicket","Pen Nib","Frozen Egg 2"],"potions_floor_usage":[20,20,21,33,39],"damage_taken":[{"damage":0,"enemies":"2 Louse","floor":1,"turns":3},{"damage":1,"enemies":"Jaw Worm","floor":4,"turns":3},{"damage":0,"enemies":"Cultist","floor":5,"turns":2},{"damage":24,"enemies":"Lagavulin","floor":6,"turns":6},{"damage":10,"enemies":"Gremlin Nob","floor":8,"turns":3},{"damage":8,"enemies":"Red Slaver","floor":10,"turns":3},{"damage":1,"enemies":"3 Louse","floor":14,"turns":3},{"damage":24,"enemies":"Hexaghost","floor":16,"turns":10},{"damage":16,"enemies":"Chosen","floor":18,"turns":5},{"damage":37,"enemies":"Colosseum Slavers","floor":20,"turns":6},{"damage":15,"enemies":"Colosseum Nobs","floor":20,"turns":6},{"damage":15,"enemies":"3 Byrds","floor":21,"turns":6},{"damage":17,"enemies":"3 Cultists","floor":24,"turns":8},{"damage":1,"enemies":"Snake Plant","floor":25,"turns":6},{"damage":1,"enemies":"Cultist and Chosen","floor":29,"turns":8},{"damage":6,"enemies":"Centurion and Healer","floor":31,"turns":10},{"damage":60,"enemies":"Collector","floor":33,"turns":9},{"damage":9,"enemies":"3 Darklings","floor":35,"turns":9},{"damage":97,"enemies":"2 Orb Walkers","floor":36,"turns":6},{"damage":2,"enemies":"Orb Walker","floor":37,"turns":6},{"damage":12,"enemies":"Spire Growth","floor":39,"turns":9},{"damage":18,"enemies":"Sphere and 2 Shapes","floor":41,"turns":6},{"damage":36,"enemies":"Nemesis","floor":42,"turns":13},{"damage":39,"enemies":"Writhing Mass","floor":45,"turns":6},{"damage":29,"enemies":"Giant Head","floor":46,"turns":11}],"seed_played":"2912335814317648589","potions_obtained":[{"floor":5,"key":"GamblersBrew"},{"floor":8,"key":"Fire Potion"},{"floor":16,"key":"Dexterity Potion"},{"floor":18,"key":"Swift Potion"},{"floor":21,"key":"Fruit Juice"},{"floor":24,"key":"SteroidPotion"},{"floor":35,"key":"FearPotion"},{"floor":36,"key":"PowerPotion"},{"floor":45,"key":"Weak Potion"}],"is_trial":false,"path_per_floor":["M","?","?","M","M","E","R","E","T","M","$","T","$","M","R","B",null,"M","?","?","M","?","R","M","M","T","R","T","M","?","M","R","B",null,"M","?","M","$","M","R","M","E","T","R","M","E"],"character_chosen":"DEFECT","items_purchased":["Orichalcum","Go for the Eyes","Electrodynamics","MealTicket"],"campfire_rested":4,"item_purchase_floors":[11,13,38,38],"current_hp_per_floor":[75,75,75,74,74,50,50,40,40,32,32,42,42,41,66,42,85,69,69,17,7,7,34,17,16,16,43,43,62,62,66,66,40,90,81,45,53,53,61,88,80,64,64,64,25,0],"gold":671,"neow_bonus":"RANDOM_COMMON_RELIC","is_prod":false,"is_daily":false,"chose_seed":false,"campfire_upgraded":3,"win_rate":0,"timestamp":1548210842,"path_taken":["M","?","?","M","M","E","R","E","T","?","$","?","$","M","R","BOSS","M","?","?","M","?","R","M","?","T","R","?","M","?","M","R","BOSS","M","?","M","$","M","R","M","E","T","R","M","E"],"build_version":"2019-01-17v2","purchased_purges":0,"victory":false,"max_hp_per_floor":[75,75,75,75,75,75,75,75,75,75,75,85,85,85,85,85,85,85,85,85,90,90,90,90,90,90,90,90,90,90,90,90,90,90,90,90,90,90,90,90,90,90,90,90,90,90],"card_choices":[{"not_picked":["Steam","Rip and Tear"],"picked":"Ball Lightning","floor":1},{"not_picked":["Redo","Barrage"],"picked":"Defragment","floor":4},{"not_picked":["Doom and Gloom","Sunder"],"picked":"Coolheaded","floor":5},{"not_picked":["Rebound","Glacier"],"picked":"Defragment","floor":6},{"not_picked":["Undo","Steam Power"],"picked":"Capacitor","floor":8},{"not_picked":["Barrage","Blizzard"],"picked":"Leap","floor":10},{"not_picked":["BootSequence","Reprogram"],"picked":"Conserve Battery","floor":14},{"not_picked":["Multi-Cast","Reboot"],"picked":"Echo Form","floor":16},{"not_picked":["Hologram","Stack"],"picked":"Undo","floor":18},{"not_picked":["Genetic Algorithm","Stack"],"picked":"Hologram","floor":20},{"not_picked":["Redo+1","White Noise"],"picked":"Glacier","floor":21},{"not_picked":["Turbo","Leap"],"picked":"Reinforced Body","floor":24},{"not_picked":["Reinforced Body","Force Field"],"picked":"Self Repair+1","floor":25},{"not_picked":["Gash","Sweeping Beam","Rebound"],"picked":"SKIP","floor":29},{"not_picked":["Steam","Sweeping Beam"],"picked":"Conserve Battery","floor":31},{"not_picked":["Buffer","Amplify"],"picked":"Echo Form","floor":33},{"not_picked":["Turbo","Rebound"],"picked":"Static Discharge","floor":35},{"not_picked":["Streamline+1","Hologram"],"picked":"Go for the Eyes","floor":36},{"not_picked":["Barrage","Turbo+1","Rebound"],"picked":"SKIP","floor":37},{"not_picked":["Beam Cell+1","Coolheaded+1"],"picked":"Compile Driver","floor":39},{"not_picked":["FTL","Streamline"],"picked":"Hologram","floor":41},{"not_picked":["Undo+1","Leap"],"picked":"Double Energy+1","floor":42},{"not_picked":["Coolheaded+1","Melter+1"],"picked":"Fusion+1","floor":45}],"player_experience":186397,"relics_obtained":[{"floor":6,"key":"Bottled Lightning"},{"floor":8,"key":"Peace Pipe"},{"floor":9,"key":"Torii"},{"floor":12,"key":"Pear"},{"floor":20,"key":"Nunchaku"},{"floor":20,"key":"Darkstone Periapt"},{"floor":26,"key":"Bronze Scales"},{"floor":28,"key":"Pantograph"},{"floor":36,"key":"Old Coin"},{"floor":42,"key":"Pen Nib"},{"floor":43,"key":"Frozen Egg 2"}],"event_choices":[{"damage_healed":0,"gold_gain":0,"player_choice":"Ignored","damage_taken":0,"max_hp_gain":0,"max_hp_loss":0,"event_name":"Golden Wing","floor":2,"gold_loss":0},{"cards_removed":["Strike_B"],"damage_healed":0,"gold_gain":0,"player_choice":"Offered Basic","damage_taken":0,"max_hp_gain":0,"max_hp_loss":0,"event_name":"Bonfire Elementals","floor":3,"gold_loss":0},{"damage_healed":0,"gold_gain":0,"player_choice":"Simplicity","damage_taken":0,"max_hp_gain":0,"max_hp_loss":0,"event_name":"Back to Basics","floor":19,"gold_loss":0,"cards_upgraded":["Defend_B","Defend_B","Defend_B"]},{"damage_healed":0,"gold_gain":0,"player_choice":"Fight","damage_taken":0,"max_hp_gain":0,"max_hp_loss":0,"event_name":"Colosseum","floor":20,"gold_loss":0},{"damage_healed":0,"gold_gain":0,"player_choice":"Fought Nobs","damage_taken":0,"max_hp_gain":0,"max_hp_loss":0,"event_name":"Colosseum","floor":20,"gold_loss":0},{"damage_healed":0,"gold_gain":0,"player_choice":"Ignored","damage_taken":0,"max_hp_gain":0,"max_hp_loss":0,"event_name":"Vampires","floor":22,"gold_loss":0},{"damage_healed":0,"gold_gain":0,"cards_transformed":["Dualcast","Reprogram"],"player_choice":"Became Test Subject","damage_taken":0,"max_hp_gain":0,"max_hp_loss":0,"event_name":"Drug Dealer","floor":30,"gold_loss":0,"cards_obtained":["Consume","Sweeping Beam"]},{"damage_healed":0,"gold_gain":0,"player_choice":"Fight","damage_taken":0,"max_hp_gain":0,"max_hp_loss":0,"event_name":"Mysterious Sphere","floor":36,"gold_loss":0}],"is_beta":false,"boss_relics":[{"not_picked":["Coffee Dripper","Inserter"],"picked":"Astrolabe"},{"not_picked":["Empty Cage","Busted Crown"],"picked":"Lizard Tail"}],"items_purged_floors":[],"is_endless":false,"potions_floor_spawned":[5,8,16,18,21,24,35,36,45],"killed_by":"Giant Head","ascension_level":1}