{"gold_per_floor":[216,391,391,415,415,453,453,20,74,89,89,13,52,75,75,199,199,212,228,35,35,35,35],"floor_reached":23,"playtime":663,"items_purged":[],"score":217,"play_id":"887d61a3-e56a-425c-aff1-a0f9fdb4d684","local_time":"20180920225053","is_ascension_mode":true,"campfire_choices":[{"floor":7,"key":"REST"},{"floor":11,"key":"REST"},{"data":"Loop","floor":15,"key":"SMITH"}],"neow_cost":"NONE","seed_source_timestamp":550816322827186,"circlet_count":0,"master_deck":["Strike_B","Strike_B","Strike_B","Strike_B","Defend_B+1","Defend_B","Defend_B+1","Defend_B","Zap+1","Dualcast","Rip and Tear","Doubt","Injury","Static Discharge","Gash","Hello World","Go for the Eyes","Multi-Cast","Self Repair","Loop+1","Buffer","Loop","Go for the Eyes","Conserve Battery","Ball Lightning","Genetic Algorithm","Compile Driver","Rebound","Writhe","Pain"],"relics":["Cracked Core","Golden Idol","Anchor","Toolbox","War Paint","PreservedInsect","Orrery","Runic Capacitor","Regal Pillow","WarpedTongs"],"potions_floor_usage":[6,14,16],"damage_taken":[{"damage":7,"enemies":"Jaw Worm","floor":1,"turns":3},{"damage":0,"enemies":"2 Louse","floor":4,"turns":2},{"damage":38,"enemies":"Gremlin Nob","floor":6,"turns":4},{"damage":10,"enemies":"Small Slimes","floor":10,"turns":3},{"damage":0,"enemies":"3 Louse","floor":13,"turns":3},{"damage":0,"enemies":"Gremlin Gang","floor":14,"turns":2},{"damage":28,"enemies":"Hexaghost","floor":16,"turns":11},{"damage":36,"enemies":"3 Byrds","floor":18,"turns":4},{"damage":11,"enemies":"Chosen","floor":19,"turns":5},{"damage":48,"enemies":"Slavers","floor":23,"turns":2}],"seed_played":"-8617758826193903020","potions_obtained":[{"floor":1,"key":"GamblersBrew"},{"floor":6,"key":"PowerPotion"},{"floor":13,"key":"PowerPotion"}],"is_trial":false,"path_per_floor":["M","?","?","M","?","E","R","$","T","M","R","$","M","M","R","B",null,"M","M","$","?","?"],"character_chosen":"DEFECT","items_purchased":["Toolbox","War Paint","Hello World","Multi-Cast","Runic Capacitor"],"campfire_rested":2,"item_purchase_floors":[8,8,8,12,20],"current_hp_per_floor":[68,68,68,68,68,30,52,52,52,46,68,68,68,68,68,47,75,46,42,42,42,42,0],"gold":35,"neow_bonus":"HUNDRED_GOLD","is_prod":false,"is_daily":false,"chose_seed":false,"campfire_upgraded":1,"win_rate":0,"timestamp":1537498253,"path_taken":["M","?","?","?","?","E","R","?","T","?","R","$","M","M","R","BOSS","M","M","$","?","?","E"],"build_version":"2018-09-20","purchased_purges":0,"victory":false,"max_hp_per_floor":[75,75,75,75,75,75,75,75,75,75,75,75,75,75,75,75,75,75,75,75,75,75,75],"card_choices":[{"not_picked":["Capacitor","Melter"],"picked":"Rip and Tear","floor":1},{"not_picked":["Leap","Fusion"],"picked":"Static Discharge","floor":4},{"not_picked":["Double Energy","Sweeping Beam"],"picked":"Gash","floor":6},{"not_picked":["Beam Cell","Steam Power"],"picked":"Go for the Eyes","floor":10},{"not_picked":["Double Energy","Leap"],"picked":"Self Repair","floor":13},{"not_picked":["Leap","Skim"],"picked":"Loop","floor":14},{"not_picked":["Echo Form","Creative AI"],"picked":"Buffer","floor":16},{"not_picked":["Barrage","Leap"],"picked":"Loop","floor":17},{"not_picked":["Conserve Battery","Recycle"],"picked":"Go for the Eyes","floor":17},{"not_picked":["Chaos","Glacier"],"picked":"Conserve Battery","floor":17},{"not_picked":["Scrape","Consume"],"picked":"Ball Lightning","floor":17},{"not_picked":["Redo","Chill"],"picked":"Genetic Algorithm","floor":17},{"not_picked":["Aggregate","Streamline"],"picked":"Compile Driver","floor":18},{"not_picked":["Blizzard","Cold Snap"],"picked":"Rebound","floor":19}],"player_experience":159105,"relics_obtained":[{"floor":6,"key":"Anchor"},{"floor":9,"key":"PreservedInsect"}],"event_choices":[{"event_name":"Liars Game","player_choice":"agreed","floor":2,"damage_taken":0},{"event_name":"Golden Idol","player_choice":"Take Wound","floor":3,"damage_taken":0},{"event_name":"Living Wall","player_choice":"Grow","floor":5,"damage_taken":0},{"event_name":"The Mausoleum","player_choice":"Yes","floor":21,"damage_taken":0},{"event_name":"Accursed Blacksmith","player_choice":"Rummage","floor":22,"damage_taken":0}],"is_beta":false,"boss_relics":[{"not_picked":["Empty Cage","Snecko Eye"],"picked":"Orrery"}],"items_purged_floors":[],"is_endless":false,"potions_floor_spawned":[1,6,13],"killed_by":"Slavers","ascension_level":3}