{"gold_per_floor":[119,138,149,149,161,161,172,198,198,198,198,198,36,62,62,139,139,157,174,189,239,249,249,263,289,315,315,315,40,58,4,4,78,78,95,111,111,111,111,111,143,155,155,165,165,179,12,12,12,12],"floor_reached":51,"playtime":3259,"items_purged":["Strike_R"],"score":1327,"play_id":"338fee67-7d5c-4f1d-b278-9436b31a5a4d","local_time":"20181226203730","is_ascension_mode":true,"campfire_choices":[{"data":"Bash","floor":6,"key":"SMITH"},{"data":"Shockwave","floor":10,"key":"SMITH"},{"data":"Sword Boomerang","floor":12,"key":"SMITH"},{"data":"Flame Barrier","floor":15,"key":"SMITH"},{"data":"Battle Trance","floor":23,"key":"SMITH"},{"data":"Spot Weakness","floor":27,"key":"SMITH"},{"floor":32,"key":"REST"},{"data":"Spot Weakness","floor":40,"key":"SMITH"},{"data":"Sentinel","floor":45,"key":"SMITH"},{"data":"Spot Weakness","floor":49,"key":"SMITH"}],"neow_cost":"NONE","seed_source_timestamp":11704922382680,"circlet_count":0,"master_deck":["AscendersBane","Strike_R+1","Strike_R+1","Strike_R+1","Defend_R+1","Defend_R+1","Defend_R+1","Defend_R+1","Bash+1","Reckless Charge","Battle Trance+1","Shrug It Off","Cleave","Shockwave+1","Sword Boomerang+1","Evolve","Flame Barrier+1","Reaper","Spot Weakness+1","Spot Weakness+1","Headbutt","Heavy Blade+1","Shrug It Off","Shrug It Off","Reaper","Clothesline","Inflame","Corruption","Sentinel+1","Spot Weakness+1"],"relics":["Burning Blood","Odd Mushroom","Torii","Pear","Snecko Eye","Thread and Needle","Potion Belt","Bag of Preparation","Coffee Dripper","Smiling Mask","Sundial"],"potions_floor_usage":[25,25,29,41,47,50],"damage_taken":[{"damage":1,"enemies":"Cultist","floor":1,"turns":3},{"damage":0,"enemies":"Small Slimes","floor":2,"turns":2},{"damage":6,"enemies":"Jaw Worm","floor":3,"turns":3},{"damage":6,"enemies":"3 Louse","floor":5,"turns":4},{"damage":7,"enemies":"Exordium Thugs","floor":7,"turns":3},{"damage":18,"enemies":"The Mushroom Lair","floor":8,"turns":4},{"damage":21,"enemies":"Gremlin Nob","floor":14,"turns":4},{"damage":40,"enemies":"Hexaghost","floor":16,"turns":9},{"damage":20,"enemies":"2 Thieves","floor":18,"turns":4},{"damage":2,"enemies":"Chosen","floor":19,"turns":5},{"damage":26,"enemies":"Centurion and Healer","floor":20,"turns":9},{"damage":25,"enemies":"3 Cultists","floor":22,"turns":6},{"damage":0,"enemies":"Snecko","floor":24,"turns":3},{"damage":74,"enemies":"Gremlin Leader","floor":25,"turns":5},{"damage":0,"enemies":"Shelled Parasite and Fungi","floor":30,"turns":3},{"damage":6,"enemies":"Champ","floor":33,"turns":9},{"damage":8,"enemies":"3 Shapes","floor":35,"turns":6},{"damage":0,"enemies":"Orb Walker","floor":36,"turns":2},{"damage":53,"enemies":"Reptomancer","floor":41,"turns":5},{"damage":24,"enemies":"Maw","floor":42,"turns":7},{"damage":1,"enemies":"4 Shapes","floor":44,"turns":4},{"damage":0,"enemies":"Sphere and 2 Shapes","floor":46,"turns":3},{"damage":69,"enemies":"Time Eater","floor":50,"turns":10}],"seed_played":"-31717059511122978","potions_obtained":[{"floor":1,"key":"PowerPotion"},{"floor":8,"key":"Block Potion"},{"floor":16,"key":"Explosive Potion"},{"floor":19,"key":"Dexterity Potion"},{"floor":22,"key":"Swift Potion"},{"floor":30,"key":"LiquidBronze"},{"floor":33,"key":"FearPotion"},{"floor":35,"key":"GamblersBrew"},{"floor":44,"key":"Energy Potion"}],"is_trial":false,"path_per_floor":["M","M","M","?","M","R","M","?","T","R","?","R","$","E","R","B",null,"M","M","M","?","M","R","M","E","T","R","?","$","M","$","R","B",null,"M","M","?","?","?","R","E","M","T","M","R","M","$","?","R","B",null],"character_chosen":"IRONCLAD","items_purchased":["Evolve","Bag of Preparation","Fruit Juice","SteroidPotion","Strength Potion","Fruit Juice"],"campfire_rested":1,"item_purchase_floors":[13,29,29,31,47,47],"current_hp_per_floor":[73,75,75,80,80,80,79,67,67,67,67,67,67,62,62,28,75,67,82,74,74,67,67,83,30,30,30,30,35,41,41,69,69,89,93,95,95,95,95,95,95,77,77,95,95,95,100,100,100,97],"gold":12,"neow_bonus":"TRANSFORM_CARD","is_prod":false,"is_daily":false,"chose_seed":false,"campfire_upgraded":9,"win_rate":0,"timestamp":1545867450,"path_taken":["M","M","M","?","M","R","M","?","T","R","?","R","$","E","R","BOSS","M","M","M","?","M","R","M","E","T","R","?","$","?","?","R","BOSS","M","M","?","?","?","R","E","M","T","M","R","M","$","?","R","BOSS"],"build_version":"2018-12-20","purchased_purges":1,"victory":true,"max_hp_per_floor":[75,75,75,80,80,80,80,80,80,80,80,80,80,90,90,90,90,90,90,90,90,90,90,90,90,90,90,90,95,95,95,95,95,95,95,95,95,95,95,95,95,95,95,95,95,95,100,100,100,100],"card_choices":[{"not_picked":["Heavy Blade","Perfected Strike"],"picked":"Battle Trance","floor":1},{"not_picked":["Flex","Corruption"],"picked":"Shrug It Off","floor":2},{"not_picked":["Rampage","Sword Boomerang"],"picked":"Cleave","floor":3},{"not_picked":["Entrench","Clash"],"picked":"Shockwave","floor":5},{"not_picked":["Metallicize","Juggernaut"],"picked":"Sword Boomerang","floor":7},{"not_picked":["Second Wind","Thunderclap"],"picked":"Twin Strike","floor":8},{"not_picked":["Rage","Thunderclap"],"picked":"Flame Barrier","floor":14},{"not_picked":["Limit Break","Brutality"],"picked":"Reaper","floor":16},{"not_picked":["Infernal Blade","Blood for Blood"],"picked":"Spot Weakness","floor":18},{"not_picked":["Sword Boomerang","Wild Strike+1"],"picked":"Spot Weakness","floor":19},{"not_picked":["Cleave","Inflame"],"picked":"Headbutt","floor":20},{"not_picked":["Thunderclap","Cleave"],"picked":"Heavy Blade+1","floor":22},{"not_picked":["Shockwave","Hemokinesis"],"picked":"Shrug It Off","floor":24},{"not_picked":["Perfected Strike","Sever Soul+1"],"picked":"Shrug It Off","floor":25},{"not_picked":["Pommel Strike","Wild Strike","Anger"],"picked":"SKIP","floor":30},{"not_picked":["Brutality","Double Tap"],"picked":"Reaper","floor":33},{"not_picked":["Pommel Strike","Heavy Blade"],"picked":"Clothesline","floor":35},{"not_picked":["Headbutt","Flex+1"],"picked":"Inflame","floor":36},{"not_picked":["Thunderclap+1","Rupture+1"],"picked":"Corruption","floor":41},{"not_picked":["Twin Strike","Sentinel","Rage"],"picked":"SKIP","floor":42},{"not_picked":["Twin Strike","Rage"],"picked":"Sentinel","floor":42},{"not_picked":["Twin Strike","Clash","Sword Boomerang"],"picked":"SKIP","floor":44},{"not_picked":["Berserk","Anger+1"],"picked":"Spot Weakness","floor":46}],"player_experience":636485,"relics_obtained":[{"floor":8,"key":"Odd Mushroom"},{"floor":9,"key":"Torii"},{"floor":14,"key":"Pear"},{"floor":25,"key":"Thread and Needle"},{"floor":26,"key":"Potion Belt"},{"floor":41,"key":"Smiling Mask"},{"floor":43,"key":"Sundial"}],"event_choices":[{"damage_healed":0,"gold_gain":0,"player_choice":"Donut","damage_taken":0,"max_hp_gain":5,"max_hp_loss":0,"event_name":"Big Fish","floor":4,"gold_loss":0},{"damage_healed":0,"gold_gain":0,"player_choice":"Fought Mushrooms","damage_taken":0,"max_hp_gain":0,"max_hp_loss":0,"event_name":"Mushrooms","floor":8,"gold_loss":0},{"damage_healed":0,"gold_gain":0,"player_choice":"Leave","damage_taken":0,"max_hp_gain":0,"max_hp_loss":0,"event_name":"The Cleric","floor":11,"gold_loss":0},{"damage_healed":0,"gold_gain":50,"player_choice":"Stole From Cult","damage_taken":0,"max_hp_gain":0,"max_hp_loss":0,"event_name":"Nest","floor":21,"gold_loss":0},{"damage_healed":0,"gold_gain":0,"player_choice":"Simplicity","damage_taken":0,"max_hp_gain":0,"max_hp_loss":0,"event_name":"Back to Basics","floor":28,"gold_loss":0,"cards_upgraded":["Strike_R","Strike_R","Strike_R","Defend_R","Defend_R","Defend_R","Defend_R"]},{"cards_removed":["Twin Strike"],"damage_healed":0,"gold_gain":0,"player_choice":"Removed Attack","damage_taken":0,"max_hp_gain":0,"max_hp_loss":0,"event_name":"Falling","floor":37,"gold_loss":0},{"damage_healed":0,"gold_gain":0,"player_choice":"Ignored","damage_taken":0,"max_hp_gain":0,"max_hp_loss":0,"event_name":"Tomb of Lord Red Mask","floor":38,"gold_loss":0},{"damage_healed":0,"gold_gain":0,"player_choice":"Memory 1","damage_taken":0,"max_hp_gain":0,"max_hp_loss":0,"event_name":"SensoryStone","floor":39,"gold_loss":0},{"damage_healed":0,"gold_gain":0,"player_choice":"Ignored","damage_taken":0,"max_hp_gain":0,"max_hp_loss":0,"event_name":"Mysterious Sphere","floor":48,"gold_loss":0}],"is_beta":false,"boss_relics":[{"not_picked":["Orrery","Calling Bell"],"picked":"Snecko Eye"},{"not_picked":["Eternal Feather","Lizard Tail"],"picked":"Coffee Dripper"}],"items_purged_floors":[13],"is_endless":false,"potions_floor_spawned":[1,8,16,19,22,30,33,35,44,46],"ascension_level":18}