{"gold_per_floor":[116,35,47,47,59,93,112,112,112,127,155,165,165,245,245,245],"floor_reached":16,"playtime":1281,"items_purged":[],"score":168,"play_id":"30c25678-a89a-47f2-aee6-e2c3086d142c","local_time":"20190609011232","is_ascension_mode":true,"campfire_choices":[{"data":"Fiend Fire","floor":8,"key":"SMITH"},{"floor":15,"key":"REST"}],"neow_cost":"NONE","seed_source_timestamp":1405850782205300,"circlet_count":0,"master_deck":["AscendersBane","Strike_R","Strike_R","Strike_R","Strike_R","Defend_R","Defend_R","Defend_R","Defend_R","Bash","Clothesline","Power Through","Dark Shackles","Warcry","Blood for Blood","Fiend Fire+1","Sentinel","Barricade","Uppercut","Burning Pact"],"relics":["Burning Blood","Omamori","Blue Candle","Mango","Ancient Tea Set"],"potions_floor_usage":[10,11,16],"damage_taken":[{"damage":8,"enemies":"2 Louse","floor":1,"turns":2},{"damage":3,"enemies":"Cultist","floor":3,"turns":5},{"damage":9,"enemies":"Small Slimes","floor":5,"turns":4},{"damage":26,"enemies":"Gremlin Nob","floor":6,"turns":6},{"damage":3,"enemies":"Blue Slaver","floor":7,"turns":3},{"damage":20,"enemies":"Gremlin Gang","floor":10,"turns":4},{"damage":24,"enemies":"3 Sentries","floor":11,"turns":7},{"damage":6,"enemies":"Exordium Wildlife","floor":12,"turns":3},{"damage":69,"enemies":"Hexaghost","floor":16,"turns":15}],"seed_played":"7957357639066242871","potions_obtained":[{"floor":1,"key":"Regen Potion"},{"floor":3,"key":"SneckoOil"},{"floor":5,"key":"Strength Potion"},{"floor":10,"key":"Block Potion"}],"is_trial":false,"path_per_floor":["M","$","M","?","M","E","M","R","T","M","E","M","?","?","R","B"],"character_chosen":"IRONCLAD","items_purchased":["Dark Shackles"],"campfire_rested":1,"item_purchase_floors":[2],"current_hp_per_floor":[70,70,73,73,70,50,53,53,53,39,35,35,17,17,45,0],"gold":245,"neow_bonus":"THREE_CARDS","is_prod":false,"is_daily":false,"chose_seed":false,"campfire_upgraded":1,"win_rate":0,"timestamp":1560067952,"path_taken":["M","$","M","?","M","E","?","R","T","M","E","M","?","?","R","BOSS"],"build_version":"2019-01-23","purchased_purges":0,"victory":false,"max_hp_per_floor":[80,80,80,80,80,80,80,80,80,80,94,94,94,94,94,94],"card_choices":[{"not_picked":["Blood for Blood","Body Slam"],"picked":"Clothesline","floor":0},{"not_picked":["Rage","Heavy Blade"],"picked":"Power Through","floor":1},{"not_picked":["Clash","Metallicize"],"picked":"Warcry","floor":3},{"not_picked":["Cleave","Warcry","Sword Boomerang"],"picked":"SKIP","floor":5},{"not_picked":["Corruption","Wild Strike"],"picked":"Fiend Fire","floor":6},{"not_picked":["Body Slam","Sword Boomerang"],"picked":"Sentinel","floor":7},{"not_picked":["Blood for Blood","Uppercut"],"picked":"Barricade","floor":10},{"not_picked":["Battle Trance","Wild Strike"],"picked":"Uppercut","floor":11},{"not_picked":["Shrug It Off","Perfected Strike"],"picked":"Burning Pact","floor":12}],"player_experience":176675,"relics_obtained":[{"floor":6,"key":"Omamori"},{"floor":9,"key":"Blue Candle"},{"floor":11,"key":"Mango"}],"event_choices":[{"damage_healed":0,"gold_gain":0,"cards_transformed":["Strike_R"],"player_choice":"Transformed","damage_taken":0,"max_hp_gain":0,"max_hp_loss":0,"event_name":"Transmorgrifier","floor":4,"gold_loss":0,"cards_obtained":["Blood for Blood"]},{"damage_healed":0,"gold_gain":0,"player_choice":"Success","damage_taken":18,"relics_obtained":["Ancient Tea Set"],"max_hp_gain":0,"max_hp_loss":0,"event_name":"Scrap Ooze","floor":13,"gold_loss":0},{"damage_healed":0,"gold_gain":80,"player_choice":"Gained Gold","damage_taken":0,"max_hp_gain":0,"max_hp_loss":0,"event_name":"Golden Wing","floor":14,"gold_loss":0}],"is_beta":false,"boss_relics":[],"items_purged_floors":[],"is_endless":false,"potions_floor_spawned":[1,3,5,10],"killed_by":"Hexaghost","ascension_level":10}