{"gold_per_floor":[110,12,12,25,42,42,70,82,82,82,34,53,53,63,63,166,166,179,33,33,52,52,78,78,1,49,69,69],"floor_reached":28,"playtime":1267,"items_purged":[],"score":250,"play_id":"3968697e-6f28-4bbb-b6fe-f20b8e100fce","local_time":"20190116211606","is_ascension_mode":true,"campfire_choices":[{"floor":6,"key":"RECALL"},{"floor":10,"key":"REST"},{"floor":15,"key":"REST"},{"floor":24,"key":"REST"}],"neow_cost":"NONE","seed_source_timestamp":667571783127698,"circlet_count":0,"master_deck":["Defend_G","Defend_G","Defend_G","Defend_G","Defend_G","Strike_G","Strike_G","Strike_G","Strike_G","Strike_G","Survivor","Neutralize","Forethought","Dagger Throw","Poisoned Stab","Slice","Poisoned Stab","Poisoned Stab","Quick Slash","Dagger Throw","Envenom","Footwork","Leg Sweep","Dagger Spray","Slice","Calculated Gamble","Dagger Spray","Infinite Blades","Decay","Blur"],"relics":["Ring of the Snake","Vajra","Orrery","Centennial Puzzle","Sundial","Lantern"],"potions_floor_usage":[16,16,16,23,23,27,27],"damage_taken":[{"damage":0,"enemies":"Jaw Worm","floor":1,"turns":4},{"damage":1,"enemies":"2 Louse","floor":4,"turns":2},{"damage":2,"enemies":"Small Slimes","floor":5,"turns":4},{"damage":30,"enemies":"Gremlin Nob","floor":7,"turns":5},{"damage":15,"enemies":"3 Louse","floor":8,"turns":3},{"damage":0,"enemies":"Exordium Wildlife","floor":12,"turns":2},{"damage":9,"enemies":"2 Fungi Beasts","floor":14,"turns":3},{"damage":24,"enemies":"Hexaghost","floor":16,"turns":8},{"damage":20,"enemies":"3 Byrds","floor":18,"turns":4},{"damage":14,"enemies":"Spheric Guardian","floor":21,"turns":4},{"damage":35,"enemies":"Slavers","floor":23,"turns":6},{"damage":15,"enemies":"Snake Plant","floor":27,"turns":5},{"damage":25,"enemies":"Snecko","floor":28,"turns":4}],"seed_played":"5764362494098148691","potions_obtained":[{"floor":1,"key":"EssenceOfSteel"},{"floor":12,"key":"LiquidBronze"},{"floor":16,"key":"Energy Potion"},{"floor":21,"key":"Energy Potion"},{"floor":23,"key":"GhostInAJar"}],"is_trial":false,"path_per_floor":["M","$","?","M","M","R","E","M","T","R","$","M","?","M","R","B",null,"M","$","?","M","?","E","R","$","T","M","M"],"character_chosen":"THE_SILENT","items_purchased":["Dagger Throw","Poisoned Stab","Dexterity Potion","Centennial Puzzle","Regen Potion"],"campfire_rested":3,"item_purchase_floors":[2,2,11,19,25],"current_hp_per_floor":[70,70,70,69,67,67,37,22,22,43,43,43,43,34,55,31,70,50,50,50,36,36,1,22,22,22,22,0],"gold":69,"neow_bonus":"RANDOM_COLORLESS","is_prod":false,"is_daily":false,"chose_seed":false,"campfire_upgraded":0,"win_rate":0,"timestamp":1547691366,"path_taken":["M","$","?","M","M","R","E","M","T","R","$","M","?","M","R","BOSS","M","$","?","M","?","E","R","?","T","M","M"],"build_version":"2019-01-10","purchased_purges":0,"victory":false,"max_hp_per_floor":[70,70,70,70,70,70,70,70,70,70,70,70,70,70,70,70,70,70,70,70,70,70,70,70,70,70,70,70],"card_choices":[{"not_picked":["Underhanded Strike","Bouncing Flask","Expertise"],"picked":"SKIP","floor":1},{"not_picked":["Dodge and Roll","Escape Plan"],"picked":"Slice","floor":4},{"not_picked":["Prepared","Deadly Poison"],"picked":"Poisoned Stab","floor":5},{"not_picked":["All Out Attack","Caltrops","Distraction"],"picked":"SKIP","floor":7},{"not_picked":["Dodge and Roll","Setup"],"picked":"Poisoned Stab","floor":8},{"not_picked":["Setup","Acrobatics"],"picked":"Quick Slash","floor":12},{"not_picked":["Quick Slash","Catalyst"],"picked":"Dagger Throw","floor":14},{"not_picked":["Doppelganger","Grand Finale"],"picked":"Envenom","floor":16},{"not_picked":["Heel Hook","Crippling Poison"],"picked":"Footwork","floor":17},{"not_picked":["Expertise","Escape Plan"],"picked":"Leg Sweep","floor":17},{"not_picked":["Bane","Quick Slash"],"picked":"Dagger Spray","floor":17},{"not_picked":["Dagger Throw","Finisher"],"picked":"Slice","floor":17},{"not_picked":["Distraction","Prepared"],"picked":"Calculated Gamble","floor":17},{"not_picked":["Expertise+1","Deadly Poison+1"],"picked":"Dagger Spray","floor":18},{"not_picked":["Acrobatics","Underhanded Strike"],"picked":"Infinite Blades","floor":21},{"not_picked":["Expertise","Dodge and Roll"],"picked":"Blur","floor":23},{"not_picked":["Flying Knee","Setup","Wraith Form v2"],"picked":"SKIP","floor":27}],"player_experience":70884,"relics_obtained":[{"floor":7,"key":"Vajra"},{"floor":23,"key":"Sundial"},{"floor":26,"key":"Lantern"}],"event_choices":[{"damage_healed":0,"gold_gain":0,"player_choice":"Ignored","damage_taken":0,"max_hp_gain":0,"max_hp_loss":0,"event_name":"Golden Wing","floor":3,"gold_loss":0},{"damage_healed":0,"gold_gain":0,"player_choice":"Ignored","damage_taken":0,"max_hp_gain":0,"max_hp_loss":0,"event_name":"Liars Game","floor":13,"gold_loss":0},{"damage_healed":0,"gold_gain":0,"player_choice":"Ignored","damage_taken":0,"max_hp_gain":0,"max_hp_loss":0,"event_name":"Ghosts","floor":20,"gold_loss":0},{"damage_healed":0,"gold_gain":0,"player_choice":"Smashed Altar","damage_taken":0,"max_hp_gain":0,"max_hp_loss":0,"event_name":"Forgotten Altar","floor":22,"gold_loss":0,"cards_obtained":["Decay"]}],"is_beta":false,"boss_relics":[{"not_picked":["Lizard Tail","Ring of the Serpent"],"picked":"Orrery"}],"items_purged_floors":[],"is_endless":false,"potions_floor_spawned":[1,12,16,21,23],"killed_by":"Snecko","ascension_level":1}