{"gold_per_floor":[109,119,44,44,44,44,63,397,423,436,446,458,458,484,484,589,589,605,127,138,138,151,117,117,146,170,187,187,187,214,231,231,328,328,340,1339,1339,1357,1376,1410,1410,1410,1434,1449,54,67,86,18,18,18],"floor_reached":51,"playtime":4348,"items_purged":["Bash","Regret","Normality"],"score":935,"play_id":"8f9eeb5c-34cb-4dae-9037-eb28bcb8e051","local_time":"20190622142928","is_ascension_mode":true,"campfire_choices":[{"data":"Uppercut","floor":6,"key":"SMITH"},{"floor":15,"key":"REST"},{"floor":24,"key":"REST"},{"floor":29,"key":"REST"},{"data":"Barricade","floor":32,"key":"SMITH"},{"floor":42,"key":"REST"},{"floor":49,"key":"REST"}],"neow_cost":"NONE","seed_source_timestamp":385167413913600,"circlet_count":0,"master_deck":["Strike_R","Strike_R","Strike_R","Strike_R","Strike_R","Defend_R","Defend_R","Defend_R","Defend_R","Dramatic Entrance","Uppercut+1","Heavy Blade","Rage","Twin Strike","Iron Wave","Clothesline","Heavy Blade","Armaments","Feed","Headbutt+1","True Grit","Twin Strike","Uppercut+1","Shrug It Off+1","Corruption","Barricade+1","Cleave+1","Sword Boomerang+1","Clash+1","Impervious","Feel No Pain","Normality","Writhe","Uppercut+1","Carnage+1","Metallicize+1","Apotheosis","Secret Weapon","Chrysalis","Cleave","Ghostly Armor","Double Tap","Thunderclap+1","Violence","Deep Breath","Sentinel","Uppercut+1"],"relics":["Burning Blood","PreservedInsect","Old Coin","Boot","Red Skull","Ice Cream","Mark of Pain","Lee\u0027s Waffle","Orichalcum","Strawberry","Happy Flower","Pen Nib","Self Forming Clay","White Beast Statue","Charon\u0027s Ashes","Anchor","Du-Vu Doll","Frozen Eye","Molten Egg 2","Bronze Scales"],"potions_floor_usage":[10,14,14,16,16,30,39,40,40,46,46,46,47,50],"damage_taken":[{"damage":7,"enemies":"Jaw Worm","floor":1,"turns":2},{"damage":1,"enemies":"Cultist","floor":2,"turns":4},{"damage":3,"enemies":"Small Slimes","floor":7,"turns":3},{"damage":23,"enemies":"Lagavulin","floor":8,"turns":4},{"damage":13,"enemies":"Looter","floor":10,"turns":3},{"damage":5,"enemies":"2 Fungi Beasts","floor":11,"turns":4},{"damage":15,"enemies":"Large Slime","floor":12,"turns":6},{"damage":0,"enemies":"Gremlin Nob","floor":14,"turns":2},{"damage":31,"enemies":"Slime Boss","floor":16,"turns":11},{"damage":32,"enemies":"Shell Parasite","floor":18,"turns":6},{"damage":29,"enemies":"2 Thieves","floor":20,"turns":4},{"damage":18,"enemies":"Snake Plant","floor":22,"turns":4},{"damage":28,"enemies":"Slavers","floor":25,"turns":5},{"damage":17,"enemies":"Cultist and Chosen","floor":27,"turns":7},{"damage":16,"enemies":"Gremlin Leader","floor":30,"turns":4},{"damage":10,"enemies":"Centurion and Healer","floor":31,"turns":4},{"damage":51,"enemies":"Champ","floor":33,"turns":13},{"damage":38,"enemies":"3 Darklings","floor":35,"turns":8},{"damage":7,"enemies":"3 Shapes","floor":38,"turns":7},{"damage":48,"enemies":"Jaw Worm Horde","floor":39,"turns":7},{"damage":22,"enemies":"Reptomancer","floor":40,"turns":5},{"damage":15,"enemies":"Spire Growth","floor":44,"turns":6},{"damage":11,"enemies":"4 Shapes","floor":46,"turns":2},{"damage":12,"enemies":"Writhing Mass","floor":47,"turns":5},{"damage":56,"enemies":"Awakened One","floor":50,"turns":10}],"seed_played":"-1426029792962130277","potions_obtained":[{"floor":1,"key":"PowerPotion"},{"floor":2,"key":"FearPotion"},{"floor":8,"key":"PowerPotion"},{"floor":11,"key":"Poison Potion"},{"floor":14,"key":"Dexterity Potion"},{"floor":25,"key":"Fire Potion"},{"floor":31,"key":"GamblersBrew"},{"floor":33,"key":"Ancient Potion"},{"floor":35,"key":"Strength Potion"},{"floor":39,"key":"Poison Potion"},{"floor":40,"key":"Block Potion"},{"floor":44,"key":"Energy Potion"},{"floor":46,"key":"Swift Potion"},{"floor":47,"key":"SneckoOil"}],"is_trial":false,"path_per_floor":["M","M","$","?","?","R","M","E","T","M","M","M","?","E","R","B",null,"M","$","M","?","M","$","R","E","T","M","?","R","E","M","R","B",null,"M","?","?","M","M","E","?","R","T","M","$","M","M","?","R","B",null],"character_chosen":"IRONCLAD","items_purchased":["Lee\u0027s Waffle","Orichalcum","True Grit","Corruption","Du-Vu Doll","Frozen Eye","Molten Egg 2","Ghostly Armor","Double Tap","Thunderclap+1","Violence","Deep Breath"],"campfire_rested":5,"item_purchase_floors":[19,19,19,23,45,45,45,45,45,45,45,45],"current_hp_per_floor":[79,80,80,80,80,80,80,63,63,56,57,48,6,12,36,11,80,54,87,67,67,55,55,82,71,71,60,60,90,80,80,80,35,105,73,73,99,98,59,43,33,65,65,56,56,51,45,45,77,27],"gold":18,"neow_bonus":"RANDOM_COLORLESS","is_prod":false,"is_daily":false,"chose_seed":false,"campfire_upgraded":2,"win_rate":0,"timestamp":1561177768,"path_taken":["M","M","$","?","?","R","M","E","T","M","M","M","?","E","R","BOSS","M","$","M","?","?","$","R","E","T","M","?","R","E","M","R","BOSS","M","?","?","M","M","E","?","R","T","?","$","M","M","?","R","BOSS"],"build_version":"2019-01-23","purchased_purges":3,"victory":true,"max_hp_per_floor":[80,80,80,80,80,80,80,80,80,80,80,80,80,80,80,80,80,80,87,90,90,90,90,90,101,101,101,101,101,101,105,105,105,105,105,105,105,105,108,108,108,108,108,108,108,108,108,108,108,108],"card_choices":[{"not_picked":["Twin Strike","Searing Blow"],"picked":"Uppercut","floor":1},{"not_picked":["Warcry","Anger"],"picked":"Heavy Blade","floor":2},{"not_picked":["Exhume","Sword Boomerang"],"picked":"Rage","floor":7},{"not_picked":["Body Slam","Clash"],"picked":"Twin Strike","floor":8},{"not_picked":["Clash","Twin Strike"],"picked":"Iron Wave","floor":10},{"not_picked":["Thunderclap","True Grit"],"picked":"Clothesline","floor":11},{"not_picked":["True Grit","Second Wind"],"picked":"Heavy Blade","floor":12},{"not_picked":["Flex","Heavy Blade"],"picked":"Armaments","floor":14},{"not_picked":["Reaper","Exhume"],"picked":"Feed","floor":16},{"not_picked":["Bloodletting","Body Slam+1"],"picked":"Headbutt+1","floor":18},{"not_picked":["Sword Boomerang","Body Slam"],"picked":"Twin Strike","floor":20},{"not_picked":["True Grit","Hemokinesis"],"picked":"Shrug It Off+1","floor":22},{"not_picked":["Clothesline","Twin Strike+1"],"picked":"Barricade","floor":25},{"not_picked":["Perfected Strike+1","Rage"],"picked":"Cleave+1","floor":27},{"not_picked":["Hemokinesis","Body Slam"],"picked":"Sword Boomerang+1","floor":30},{"not_picked":["Warcry","True Grit"],"picked":"Clash+1","floor":31},{"not_picked":["Immolate","Reaper"],"picked":"Impervious","floor":33},{"not_picked":["Shrug It Off","Rupture"],"picked":"Feel No Pain","floor":35},{"not_picked":["Flex","Carnage"],"picked":"Uppercut+1","floor":38},{"not_picked":["True Grit","Body Slam+1"],"picked":"Carnage+1","floor":39},{"not_picked":["Pommel Strike","Entrench+1"],"picked":"Metallicize+1","floor":40},{"not_picked":["Panache","Enlightenment"],"picked":"Apotheosis","floor":41},{"not_picked":["Jack Of All Trades","Good Instincts"],"picked":"Secret Weapon","floor":41},{"not_picked":["Metamorphosis","Swift Strike"],"picked":"Chrysalis","floor":41},{"not_picked":["Clash","Wild Strike"],"picked":"Cleave","floor":44},{"not_picked":["Flex+1","Warcry"],"picked":"Sentinel","floor":46},{"not_picked":["Anger+1","Clothesline+1"],"picked":"Uppercut+1","floor":47}],"player_experience":123955,"relics_obtained":[{"floor":8,"key":"Old Coin"},{"floor":9,"key":"Boot"},{"floor":14,"key":"Ice Cream"},{"floor":25,"key":"Strawberry"},{"floor":26,"key":"Happy Flower"},{"floor":30,"key":"Self Forming Clay"},{"floor":40,"key":"Charon\u0027s Ashes"},{"floor":43,"key":"Anchor"}],"event_choices":[{"damage_healed":0,"gold_gain":0,"player_choice":"Box","damage_taken":0,"relics_obtained":["PreservedInsect"],"max_hp_gain":0,"max_hp_loss":0,"event_name":"Big Fish","floor":4,"gold_loss":0,"cards_obtained":["Regret"]},{"damage_healed":0,"gold_gain":0,"player_choice":"Leave","damage_taken":0,"max_hp_gain":0,"max_hp_loss":0,"event_name":"The Cleric","floor":5,"gold_loss":0},{"damage_healed":0,"gold_gain":0,"player_choice":"Success","damage_taken":42,"relics_obtained":["Red Skull"],"max_hp_gain":0,"max_hp_loss":0,"event_name":"Scrap Ooze","floor":13,"gold_loss":0},{"damage_healed":0,"gold_gain":0,"player_choice":"Copied","damage_taken":0,"max_hp_gain":0,"max_hp_loss":0,"event_name":"Duplicator","floor":21,"gold_loss":0,"cards_obtained":["Uppercut"]},{"damage_healed":0,"gold_gain":0,"player_choice":"Opened","damage_taken":0,"relics_obtained":["Pen Nib"],"max_hp_gain":0,"max_hp_loss":0,"event_name":"The Mausoleum","floor":28,"gold_loss":0},{"damage_healed":0,"gold_gain":999,"player_choice":"Gold","damage_taken":0,"max_hp_gain":0,"max_hp_loss":0,"event_name":"MindBloom","floor":36,"gold_loss":0,"cards_obtained":["Normality","Normality"]},{"damage_healed":26,"gold_gain":0,"player_choice":"Writhe","damage_taken":0,"max_hp_gain":0,"max_hp_loss":0,"event_name":"Winding Halls","floor":37,"gold_loss":0,"cards_obtained":["Writhe"]},{"damage_healed":0,"gold_gain":0,"player_choice":"Memory 3","damage_taken":10,"max_hp_gain":0,"max_hp_loss":0,"event_name":"SensoryStone","floor":41,"gold_loss":0},{"damage_healed":0,"gold_gain":0,"player_choice":"Paid Gold","damage_taken":0,"relics_obtained":["Bronze Scales"],"max_hp_gain":0,"max_hp_loss":0,"event_name":"WeMeetAgain","floor":48,"gold_loss":68}],"is_beta":false,"boss_relics":[{"not_picked":["Philosopher\u0027s Stone","Tiny House"],"picked":"Mark of Pain"},{"not_picked":["Velvet Choker","Empty Cage"],"picked":"White Beast Statue"}],"items_purged_floors":[3,19,45],"is_endless":false,"potions_floor_spawned":[1,2,8,11,14,25,31,33,35,38,39,40,44,46,47],"ascension_level":3}