{"gold_per_floor":[112,112,129,32,32,65,65,94,94,107,122,122,143,164,164,290,290,273,6,6,29,29,69,69,0,46,46,46],"floor_reached":28,"playtime":1250,"items_purged":[],"score":323,"play_id":"5146958e-c416-4e66-9742-00921f1e95bd","local_time":"20181127214308","is_ascension_mode":true,"campfire_choices":[{"data":"Go for the Eyes","floor":7,"key":"SMITH"},{"floor":15,"key":"REST"},{"floor":24,"key":"REST"}],"neow_cost":"NONE","seed_source_timestamp":5108540867619791,"circlet_count":0,"master_deck":["Strike_B","Strike_B","Strike_B","Strike_B","Defend_B","Defend_B","Defend_B","Defend_B","Zap","Dualcast","Hologram","Genetic Algorithm","Go for the Eyes","Defragment","Bandage Up","Go for the Eyes+1","Streamline","Genetic Algorithm","Conserve Battery","Injury","Seek","Turbo","Creative AI","Force Field+1","Bandage Up","Cold Snap","RitualDagger","Leap","Auto Shields+1"],"relics":["Cracked Core","Gremlin Horn","Mercury Hourglass","Pear","Golden Idol","Nuclear Battery","Boot","MutagenicStrength","Bag of Marbles","Lantern"],"potions_floor_usage":[10,11,16,18,23,27,27],"damage_taken":[{"damage":7,"enemies":"Small Slimes","floor":1,"turns":2},{"damage":0,"enemies":"Cultist","floor":3,"turns":3},{"damage":40,"enemies":"Lagavulin","floor":6,"turns":9},{"damage":44,"enemies":"Gremlin Nob","floor":8,"turns":5},{"damage":7,"enemies":"Jaw Worm","floor":10,"turns":3},{"damage":0,"enemies":"Red Slaver","floor":11,"turns":4},{"damage":0,"enemies":"2 Fungi Beasts","floor":13,"turns":3},{"damage":0,"enemies":"Exordium Wildlife","floor":14,"turns":3},{"damage":45,"enemies":"Slime Boss","floor":16,"turns":11},{"damage":18,"enemies":"2 Thieves","floor":18,"turns":4},{"damage":8,"enemies":"Spheric Guardian","floor":21,"turns":3},{"damage":59,"enemies":"Slavers","floor":23,"turns":6},{"damage":34,"enemies":"Cultist and Chosen","floor":27,"turns":7},{"damage":31,"enemies":"Centurion and Healer","floor":28,"turns":6}],"seed_played":"-9207262746903246163","potions_obtained":[{"floor":8,"key":"Regen Potion"},{"floor":10,"key":"FocusPotion"},{"floor":11,"key":"SmokeBomb"},{"floor":13,"key":"Ancient Potion"},{"floor":16,"key":"Block Potion"},{"floor":18,"key":"GamblersBrew"},{"floor":23,"key":"EssenceOfSteel"}],"is_trial":false,"path_per_floor":["M","?","M","$","?","E","R","E","T","M","M","?","M","M","R","B",null,"M","$","?","M","?","E","R","?","T","M","M"],"character_chosen":"DEFECT","items_purchased":["Genetic Algorithm","Go for the Eyes","Boot","Bandage Up","Cold Snap"],"campfire_rested":2,"item_purchase_floors":[4,4,19,19,19],"current_hp_per_floor":[75,80,80,80,80,44,44,4,14,16,16,16,20,24,51,10,92,74,74,68,68,68,17,44,44,44,18,0],"gold":46,"neow_bonus":"TEN_PERCENT_HP_BONUS","is_prod":false,"is_daily":false,"chose_seed":false,"campfire_upgraded":1,"win_rate":0,"timestamp":1543372988,"path_taken":["M","?","?","$","?","E","R","E","T","M","?","?","M","M","R","BOSS","M","$","?","M","?","E","R","?","T","?","M"],"build_version":"2018-11-15","purchased_purges":0,"victory":false,"max_hp_per_floor":[82,82,82,82,82,82,82,82,92,92,92,92,92,92,92,92,92,92,92,92,92,92,92,92,92,92,92,92],"card_choices":[{"not_picked":["Skim","Go for the Eyes"],"picked":"Gash","floor":1},{"not_picked":["Barrage","Steam"],"picked":"Hologram","floor":3},{"not_picked":["Beam Cell","Chill"],"picked":"Go for the Eyes","floor":6},{"not_picked":["Hyperbeam","Rebound"],"picked":"Streamline","floor":8},{"not_picked":["Undo","Go for the Eyes"],"picked":"Genetic Algorithm","floor":10},{"not_picked":["Coolheaded","Capacitor"],"picked":"Conserve Battery","floor":11},{"not_picked":["Turbo","BootSequence"],"picked":"Seek","floor":13},{"not_picked":["Sunder","Beam Cell"],"picked":"Turbo","floor":14},{"not_picked":["Seek","Core Surge"],"picked":"Creative AI","floor":16},{"not_picked":["Heatsinks","Cold Snap"],"picked":"Force Field+1","floor":18},{"not_picked":["Rip and Tear+1","Turbo"],"picked":"Leap","floor":21},{"not_picked":["Static Discharge+1","Go for the Eyes"],"picked":"Auto Shields+1","floor":23}],"player_experience":214935,"relics_obtained":[{"floor":6,"key":"Gremlin Horn"},{"floor":8,"key":"Mercury Hourglass"},{"floor":9,"key":"Pear"},{"floor":23,"key":"Bag of Marbles"},{"floor":26,"key":"Lantern"}],"event_choices":[{"cards_removed":["Gash"],"damage_healed":5,"gold_gain":0,"player_choice":"Offered Common","damage_taken":0,"max_hp_gain":0,"max_hp_loss":0,"event_name":"Bonfire Elementals","floor":2,"gold_loss":0},{"cards_removed":["Gash"],"damage_healed":5,"gold_gain":0,"player_choice":"Offered Special","damage_taken":0,"max_hp_gain":0,"max_hp_loss":0,"event_name":"Bonfire Elementals","floor":2,"gold_loss":0},{"damage_healed":0,"gold_gain":0,"player_choice":"2 cards matched","damage_taken":0,"max_hp_gain":0,"max_hp_loss":0,"event_name":"Match and Keep!","floor":5,"gold_loss":0,"cards_obtained":["Defragment","Bandage Up"]},{"damage_healed":0,"gold_gain":0,"player_choice":"Take Wound","damage_taken":0,"relics_obtained":["Golden Idol"],"max_hp_gain":0,"max_hp_loss":0,"event_name":"Golden Idol","floor":12,"gold_loss":0,"cards_obtained":["Injury"]},{"damage_healed":0,"gold_gain":0,"player_choice":"Joined the Cult","damage_taken":6,"max_hp_gain":0,"max_hp_loss":0,"event_name":"Nest","floor":20,"gold_loss":0,"cards_obtained":["RitualDagger"]},{"damage_healed":0,"gold_gain":0,"player_choice":"Inject Mutagens","damage_taken":0,"relics_obtained":["MutagenicStrength"],"max_hp_gain":0,"max_hp_loss":0,"event_name":"Drug Dealer","floor":22,"gold_loss":0},{"damage_healed":0,"gold_gain":0,"player_choice":"Paid Fearfully","damage_taken":0,"max_hp_gain":0,"max_hp_loss":0,"event_name":"Masked Bandits","floor":25,"gold_loss":69}],"is_beta":false,"boss_relics":[{"not_picked":["Calling Bell","Runic Pyramid"],"picked":"Nuclear Battery"}],"items_purged_floors":[],"is_endless":false,"potions_floor_spawned":[8,10,11,13,16,18,23,27],"killed_by":"Centurion and Healer","ascension_level":4}