{"gold_per_floor":[109,128,128,53,72,72,86,97,97,97,97,117,133,133,133,133],"floor_reached":16,"playtime":960,"items_purged":["Strike_G"],"score":174,"play_id":"30dea1d1-d99c-4d5b-b711-a59f5d4d9714","local_time":"20190620125253","is_ascension_mode":true,"campfire_choices":[{"data":"Neutralize","floor":6,"key":"SMITH"},{"floor":10,"key":"REST"},{"data":"Dagger Throw","floor":15,"key":"SMITH"}],"neow_cost":"NONE","seed_source_timestamp":673113265391780,"circlet_count":0,"master_deck":["AscendersBane","Defend_G","Defend_G","Defend_G","Defend_G","Strike_G","Strike_G","Strike_G","Strike_G","Survivor","Neutralize+1","Leg Sweep","Dodge and Roll","Dagger Throw+1","Crippling Poison","Blur"],"relics":["Ring of the Snake","Dream Catcher","Oddly Smooth Stone","Bag of Preparation","Frozen Egg 2"],"potions_floor_usage":[13,16],"damage_taken":[{"damage":9,"enemies":"2 Louse","floor":1,"turns":4},{"damage":0,"enemies":"Jaw Worm","floor":2,"turns":8},{"damage":4,"enemies":"Cultist","floor":5,"turns":5},{"damage":29,"enemies":"Exordium Thugs","floor":7,"turns":9},{"damage":10,"enemies":"Exordium Wildlife","floor":8,"turns":8},{"damage":0,"enemies":"Looter","floor":12,"turns":5},{"damage":0,"enemies":"Exordium Thugs","floor":13,"turns":5},{"damage":32,"enemies":"The Guardian","floor":16,"turns":25}],"seed_played":"-4263039241270130660","potions_obtained":[{"floor":5,"key":"GamblersBrew"},{"floor":7,"key":"SpeedPotion"},{"floor":8,"key":"AttackPotion"},{"floor":12,"key":"Fire Potion"}],"is_trial":false,"path_per_floor":["M","M","?","$","M","R","M","M","T","R","?","M","M","T","R","B"],"character_chosen":"THE_SILENT","items_purchased":[],"campfire_rested":1,"item_purchase_floors":[],"current_hp_per_floor":[50,50,50,50,46,46,17,7,7,26,26,26,26,26,26,0],"gold":133,"neow_bonus":"RANDOM_COMMON_RELIC","is_prod":false,"is_daily":false,"chose_seed":false,"campfire_upgraded":2,"win_rate":0,"timestamp":1561006373,"path_taken":["M","M","?","$","M","R","M","M","T","R","?","M","?","?","R","BOSS"],"build_version":"2019-01-23","purchased_purges":1,"victory":false,"max_hp_per_floor":[66,66,66,66,66,66,66,66,66,66,66,66,66,66,66,66],"card_choices":[{"not_picked":["Bane","Prepared"],"picked":"Leg Sweep","floor":1},{"not_picked":["Flechettes","Sucker Punch"],"picked":"Dodge and Roll","floor":2},{"not_picked":["Reflex","Tactician"],"picked":"Dagger Throw","floor":5},{"not_picked":["Finisher","Deflect","Predator"],"picked":"SKIP","floor":7},{"not_picked":["Quick Slash","PiercingWail"],"picked":"Tools of the Trade","floor":8},{"not_picked":["Escape Plan","Endless Agony"],"picked":"Crippling Poison","floor":12},{"not_picked":["Sucker Punch","Dodge and Roll"],"picked":"Blur","floor":13}],"player_experience":921649,"relics_obtained":[{"floor":9,"key":"Oddly Smooth Stone"},{"floor":14,"key":"Frozen Egg 2"}],"event_choices":[{"cards_removed":["Defend_G"],"damage_healed":0,"gold_gain":0,"player_choice":"Forget","damage_taken":0,"max_hp_gain":0,"max_hp_loss":0,"event_name":"Living Wall","floor":3,"gold_loss":0},{"cards_removed":["Tools of the Trade"],"damage_healed":0,"gold_gain":0,"player_choice":"Gave Card","damage_taken":0,"relics_obtained":["Bag of Preparation"],"max_hp_gain":0,"max_hp_loss":0,"event_name":"WeMeetAgain","floor":11,"gold_loss":0}],"is_beta":false,"boss_relics":[],"items_purged_floors":[4],"is_endless":false,"potions_floor_spawned":[5,7,8,12],"killed_by":"The Guardian","ascension_level":17}