{"gold_per_floor":[217,236,250,263,275,303,322,355,381,381,401,401,401,413,413,511,511,526,536,536,451,196,396,396,30,30,55,66,79,109,109,109,211,211,224,26,26],"floor_reached":37,"playtime":1481,"items_purged":["Strike_R","Strike_R"],"score":421,"play_id":"b98420ad-f859-4440-b329-17de6d7cc716","local_time":"20190212212844","is_ascension_mode":false,"campfire_choices":[{"data":"Bash","floor":10,"key":"SMITH"},{"data":"Anger","floor":13,"key":"SMITH"},{"data":"Shrug It Off","floor":15,"key":"SMITH"},{"floor":24,"key":"DIG"},{"floor":32,"key":"REST"}],"neow_cost":"NONE","seed_source_timestamp":15247627402597,"circlet_count":0,"master_deck":["Strike_R","Strike_R","Defend_R","Defend_R+1","Defend_R","Defend_R+1","Bash+1","Clash","Twin Strike","Shrug It Off+1","Anger+1","Thunderclap","Iron Wave","Warcry","Perfected Strike","True Grit","Flex","Pommel Strike","Shrug It Off+1","Shrug It Off+1","Twin Strike+1","Purity"],"relics":["Burning Blood","Turnip","Bronze Scales","War Paint","Orrery","Shovel","Anchor","Boot","Sling","Calipers","Omamori","Bag of Preparation","MutagenicStrength","Runic Pyramid","Medical Kit"],"potions_floor_usage":[8,27,28,33],"damage_taken":[{"damage":11,"enemies":"Jaw Worm","floor":1,"turns":4},{"damage":2,"enemies":"Small Slimes","floor":2,"turns":3},{"damage":0,"enemies":"2 Louse","floor":3,"turns":3},{"damage":0,"enemies":"Exordium Wildlife","floor":4,"turns":4},{"damage":6,"enemies":"Large Slime","floor":5,"turns":4},{"damage":21,"enemies":"Gremlin Nob","floor":6,"turns":4},{"damage":10,"enemies":"Lots of Slimes","floor":7,"turns":4},{"damage":18,"enemies":"3 Sentries","floor":8,"turns":7},{"damage":2,"enemies":"Looter","floor":11,"turns":3},{"damage":5,"enemies":"Exordium Thugs","floor":14,"turns":5},{"damage":33,"enemies":"The Guardian","floor":16,"turns":10},{"damage":12,"enemies":"2 Thieves","floor":18,"turns":4},{"damage":3,"enemies":"3 Byrds","floor":19,"turns":3},{"damage":11,"enemies":"Colosseum Slavers","floor":20,"turns":4},{"damage":13,"enemies":"Gremlin Leader","floor":27,"turns":5},{"damage":19,"enemies":"Sentry and Sphere","floor":28,"turns":7},{"damage":8,"enemies":"Snake Plant","floor":29,"turns":5},{"damage":18,"enemies":"Book of Stabbing","floor":30,"turns":5},{"damage":51,"enemies":"Automaton","floor":33,"turns":10},{"damage":22,"enemies":"3 Darklings","floor":35,"turns":7}],"seed_played":"-3063273329757562465","potions_obtained":[{"floor":3,"key":"GamblersBrew"},{"floor":5,"key":"Strength Potion"},{"floor":7,"key":"Energy Potion"},{"floor":16,"key":"AttackPotion"},{"floor":27,"key":"PowerPotion"},{"floor":33,"key":"BloodPotion"},{"floor":35,"key":"SpeedPotion"}],"is_trial":false,"path_per_floor":["M","M","M","M","M","E","M","E","T","R","M","?","R","M","R","B",null,"M","M","?","?","$","?","R","$","T","E","M","M","E","?","R","B",null,"M","$","?"],"character_chosen":"IRONCLAD","items_purchased":["Anchor","Flex","Pommel Strike","Sling","PowerPotion","Medical Kit"],"campfire_rested":1,"item_purchase_floors":[22,22,25,25,25,36],"current_hp_per_floor":[75,79,80,80,80,65,61,49,49,49,53,46,46,47,47,20,80,74,77,72,72,72,72,72,72,72,65,52,50,38,38,62,17,80,64,64,54],"gold":26,"neow_bonus":"HUNDRED_GOLD","is_prod":false,"is_daily":false,"chose_seed":false,"campfire_upgraded":3,"win_rate":0,"timestamp":1550017724,"path_taken":["M","M","M","M","M","E","M","E","T","R","M","?","R","M","R","BOSS","M","M","?","?","?","?","R","$","T","E","M","?","E","?","R","BOSS","M","$","?"],"build_version":"2019-01-23","purchased_purges":2,"victory":false,"max_hp_per_floor":[80,80,80,80,80,80,80,80,80,80,80,80,80,80,80,80,80,80,80,80,80,80,80,80,80,80,80,80,80,80,80,80,80,80,80,80,80],"card_choices":[{"not_picked":["Havoc","Flex"],"picked":"Clash","floor":1},{"not_picked":["Sever Soul","Rampage"],"picked":"Twin Strike","floor":2},{"not_picked":["Clash","Havoc","Feel No Pain"],"picked":"SKIP","floor":3},{"not_picked":["Body Slam","Reckless Charge"],"picked":"Shrug It Off","floor":4},{"not_picked":["Thunderclap","Fiend Fire"],"picked":"Anger","floor":5},{"not_picked":["Battle Trance","Rage","Entrench"],"picked":"SKIP","floor":6},{"not_picked":["Battle Trance","Rage","Entrench"],"picked":"SKIP","floor":6},{"not_picked":["Bloodletting","Wild Strike"],"picked":"Thunderclap","floor":7},{"not_picked":["Cleave","Whirlwind","Clash"],"picked":"SKIP","floor":8},{"not_picked":["Anger","Heavy Blade","Seeing Red"],"picked":"SKIP","floor":11},{"not_picked":["Havoc","Thunderclap","Pummel"],"picked":"SKIP","floor":14},{"not_picked":["Armaments","Corruption"],"picked":"Iron Wave","floor":17},{"not_picked":["Infernal Blade","Whirlwind"],"picked":"Warcry","floor":17},{"not_picked":["Sword Boomerang","True Grit"],"picked":"Perfected Strike","floor":17},{"not_picked":["Warcry","Clash","Havoc"],"picked":"SKIP","floor":18},{"not_picked":["Blood for Blood","Heavy Blade"],"picked":"True Grit","floor":19},{"not_picked":["Offering","Wild Strike","Immolate"],"picked":"SKIP","floor":27},{"not_picked":["Body Slam","Iron Wave"],"picked":"Shrug It Off+1","floor":28},{"not_picked":["Anger","Thunderclap"],"picked":"Shrug It Off+1","floor":29},{"not_picked":["Berserk","Warcry","Sword Boomerang+1"],"picked":"SKIP","floor":30},{"not_picked":["Dropkick+1","Perfected Strike"],"picked":"Twin Strike+1","floor":35},{"not_picked":["Jack Of All Trades","Sadistic Nature"],"picked":"Purity","floor":37}],"player_experience":843955,"relics_obtained":[{"floor":6,"key":"Turnip"},{"floor":8,"key":"Bronze Scales"},{"floor":9,"key":"War Paint"},{"floor":24,"key":"Boot"},{"floor":26,"key":"Calipers"},{"floor":27,"key":"Omamori"},{"floor":30,"key":"Bag of Preparation"}],"event_choices":[{"cards_removed":["Strike_R"],"damage_healed":0,"gold_gain":0,"player_choice":"Card Removal","damage_taken":7,"max_hp_gain":0,"max_hp_loss":0,"event_name":"Golden Wing","floor":12,"gold_loss":0},{"damage_healed":0,"gold_gain":0,"player_choice":"Fight","damage_taken":0,"max_hp_gain":0,"max_hp_loss":0,"event_name":"Colosseum","floor":20,"gold_loss":0},{"damage_healed":0,"gold_gain":0,"player_choice":"Fled From Nobs","damage_taken":0,"max_hp_gain":0,"max_hp_loss":0,"event_name":"Colosseum","floor":20,"gold_loss":0},{"damage_healed":0,"gold_gain":0,"player_choice":"Obtained Relic","damage_taken":0,"relics_obtained":["Shovel"],"max_hp_gain":0,"max_hp_loss":0,"event_name":"Addict","floor":21,"gold_loss":85},{"damage_healed":0,"gold_gain":200,"player_choice":"Gold","damage_taken":0,"max_hp_gain":0,"max_hp_loss":0,"event_name":"Wheel of Change","floor":23,"gold_loss":0},{"damage_healed":0,"gold_gain":0,"player_choice":"Inject Mutagens","damage_taken":0,"relics_obtained":["MutagenicStrength"],"max_hp_gain":0,"max_hp_loss":0,"event_name":"Drug Dealer","floor":31,"gold_loss":0},{"damage_healed":0,"gold_gain":0,"player_choice":"Memory 3","damage_taken":10,"max_hp_gain":0,"max_hp_loss":0,"event_name":"SensoryStone","floor":37,"gold_loss":0}],"is_beta":false,"boss_relics":[{"not_picked":["Pandora\u0027s Box","Philosopher\u0027s Stone"],"picked":"Orrery"},{"not_picked":["Velvet Choker","Eternal Feather"],"picked":"Runic Pyramid"}],"items_purged_floors":[22,25],"is_endless":false,"potions_floor_spawned":[3,5,7,16,18,20,27,33,35],"ascension_level":0}