{"gold_per_floor":[113,113,74,92,108,134,153,163,163,163,180,192,203,234,234,234],"floor_reached":16,"playtime":1352,"items_purged":[],"score":116,"play_id":"3a5c6ca7-c64a-4699-97fc-1ea5c462875b","local_time":"20190113113344","is_ascension_mode":false,"campfire_choices":[{"data":"Concentrate","floor":10,"key":"SMITH"},{"data":"Venomology","floor":15,"key":"SMITH"}],"neow_cost":"CURSE","seed_source_timestamp":688152974711791,"circlet_count":0,"master_deck":["Defend_G","Defend_G","Defend_G","Defend_G","Defend_G","Strike_G","Strike_G","Strike_G","Strike_G","Strike_G","Survivor","Neutralize","Decay","Endless Agony","Footwork","Masterful Stab","Backflip","Concentrate+1","Deadly Poison","Venomology+1","Dagger Spray","Poisoned Stab","Blade Dance","Dash"],"relics":["Ring of the Snake","Ginger","Blue Candle","Meat on the Bone","FossilizedHelix"],"potions_floor_usage":[6,7,12,13,14,14,14,14,16],"damage_taken":[{"damage":2,"enemies":"Small Slimes","floor":1,"turns":5},{"damage":0,"enemies":"Cultist","floor":4,"turns":5},{"damage":4,"enemies":"2 Louse","floor":5,"turns":3},{"damage":3,"enemies":"Lagavulin","floor":6,"turns":9},{"damage":7,"enemies":"Gremlin Gang","floor":7,"turns":3},{"damage":0,"enemies":"2 Fungi Beasts","floor":8,"turns":5},{"damage":10,"enemies":"3 Louse","floor":11,"turns":4},{"damage":6,"enemies":"Red Slaver","floor":12,"turns":4},{"damage":0,"enemies":"Looter","floor":13,"turns":3},{"damage":1,"enemies":"3 Sentries","floor":14,"turns":6},{"damage":50,"enemies":"The Guardian","floor":16,"turns":6}],"seed_played":"1137758732663665097","potions_obtained":[{"floor":2,"key":"GamblersBrew"},{"floor":2,"key":"GhostInAJar"},{"floor":2,"key":"SteroidPotion"},{"floor":5,"key":"SmokeBomb"},{"floor":6,"key":"SteroidPotion"},{"floor":7,"key":"Regen Potion"},{"floor":13,"key":"SkillPotion"}],"is_trial":false,"path_per_floor":["M","?","$","M","M","E","M","M","T","R","M","M","M","E","R","B"],"character_chosen":"THE_SILENT","items_purchased":["Footwork"],"campfire_rested":0,"item_purchase_floors":[3],"current_hp_per_floor":[68,68,68,68,64,61,54,54,54,54,44,50,50,49,49,0],"gold":234,"neow_bonus":"ONE_RARE_RELIC","is_prod":false,"is_daily":false,"chose_seed":false,"campfire_upgraded":2,"win_rate":0,"timestamp":1547397224,"path_taken":["M","?","?","M","M","E","M","M","T","R","M","?","?","E","R","BOSS"],"build_version":"2019-01-10","purchased_purges":0,"victory":false,"max_hp_per_floor":[70,70,70,70,70,70,70,70,70,70,70,70,70,70,70,70],"card_choices":[{"not_picked":["Caltrops","Poisoned Stab"],"picked":"Endless Agony","floor":1},{"not_picked":["Underhanded Strike","Deadly Poison"],"picked":"Masterful Stab","floor":4},{"not_picked":["Heel Hook","Deadly Poison"],"picked":"Backflip","floor":5},{"not_picked":["Quick Slash","Slice"],"picked":"Concentrate","floor":6},{"not_picked":["Calculated Gamble","Deflect"],"picked":"Deadly Poison","floor":7},{"not_picked":["Prepared","Finisher"],"picked":"Venomology","floor":8},{"not_picked":["Concentrate","Terror"],"picked":"Dagger Spray","floor":11},{"not_picked":["Deadly Poison","Cloak And Dagger"],"picked":"Poisoned Stab","floor":12},{"not_picked":["Dodge and Roll","Flechettes"],"picked":"Blade Dance","floor":13},{"not_picked":["Concentrate","Noxious Fumes"],"picked":"Dash","floor":14}],"player_experience":300309,"relics_obtained":[{"floor":6,"key":"Blue Candle"},{"floor":9,"key":"Meat on the Bone"},{"floor":14,"key":"FossilizedHelix"}],"event_choices":[{"damage_healed":0,"gold_gain":0,"player_choice":"Got Potions","damage_taken":0,"max_hp_gain":0,"max_hp_loss":0,"event_name":"Lab","floor":2,"gold_loss":0}],"is_beta":false,"boss_relics":[],"items_purged_floors":[],"is_endless":false,"potions_floor_spawned":[5,6,7,13],"killed_by":"The Guardian","ascension_level":0}