{"gold_per_floor":[116,116,136,101,81,115,115,34,34,34,69,84,57,75,75,180,180,169,269,71,118,129,157,157,170,197,42,57,57,68,94,94,94],"floor_reached":33,"playtime":2339,"items_purged":[],"score":425,"play_id":"992d768b-7764-408d-ac70-35760a16a38c","local_time":"20190307182859","is_ascension_mode":true,"campfire_choices":[{"data":"Leg Sweep","floor":7,"key":"SMITH"},{"data":"Dash","floor":10,"key":"SMITH"},{"floor":15,"key":"REST"},{"floor":24,"key":"REST"},{"floor":29,"key":"REST"},{"data":"After Image","floor":32,"key":"SMITH"}],"neow_cost":"NONE","seed_source_timestamp":656741590762702,"circlet_count":0,"master_deck":["Defend_G","Defend_G","Defend_G","Defend_G","Defend_G","Strike_G","Strike_G","Strike_G","Strike_G","Strike_G","Survivor","Neutralize+1","Footwork+1","Leg Sweep+1","Deflect","Dash+1","Cloak And Dagger","Crippling Poison+1","Backflip+1","Prepared","Glass Knife","Well Laid Plans","Writhe","Dagger Spray","Envenom","Doubt","After Image+1","Acrobatics+1","A Thousand Cuts"],"relics":["Ring of the Snake","Ginger","Gremlin Horn","Oddly Smooth Stone","Cursed Key","TwistedFunnel","Dream Catcher","Regal Pillow","Boot","War Paint"],"potions_floor_usage":[11,16,16,23,33],"damage_taken":[{"damage":0,"enemies":"Small Slimes","floor":1,"turns":3},{"damage":0,"enemies":"Jaw Worm","floor":3,"turns":4},{"damage":25,"enemies":"3 Sentries","floor":6,"turns":18},{"damage":17,"enemies":"Lagavulin","floor":11,"turns":12},{"damage":1,"enemies":"Cultist","floor":12,"turns":5},{"damage":0,"enemies":"2 Fungi Beasts","floor":14,"turns":4},{"damage":28,"enemies":"Slime Boss","floor":16,"turns":13},{"damage":0,"enemies":"2 Thieves","floor":18,"turns":4},{"damage":0,"enemies":"3 Byrds","floor":22,"turns":6},{"damage":38,"enemies":"Gremlin Leader","floor":23,"turns":10},{"damage":11,"enemies":"Shelled Parasite and Fungi","floor":25,"turns":6},{"damage":12,"enemies":"Chosen and Byrds","floor":28,"turns":8},{"damage":0,"enemies":"Cultist and Chosen","floor":30,"turns":6},{"damage":17,"enemies":"Book of Stabbing","floor":31,"turns":9},{"damage":84,"enemies":"Automaton","floor":33,"turns":12}],"seed_played":"8975070991949338024","potions_obtained":[{"floor":3,"key":"SkillPotion"},{"floor":11,"key":"Energy Potion"},{"floor":14,"key":"PowerPotion"},{"floor":16,"key":"EssenceOfSteel"},{"floor":30,"key":"Ancient Potion"}],"is_trial":false,"path_per_floor":["M","?","M","?","?","E","R","$","T","R","E","M","$","M","R","B",null,"M","?","$","T","M","E","R","M","T","$","M","R","M","E","R","B"],"character_chosen":"THE_SILENT","items_purchased":["Dash","Backflip","TwistedFunnel","After Image"],"campfire_rested":3,"item_purchase_floors":[8,13,20,27],"current_hp_per_floor":[63,63,63,70,70,45,45,45,45,45,28,27,27,27,48,20,58,58,58,58,58,58,20,56,45,45,45,33,69,69,52,52,0],"gold":94,"neow_bonus":"UPGRADE_CARD","is_prod":false,"is_daily":false,"chose_seed":false,"campfire_upgraded":3,"win_rate":0,"timestamp":1552001339,"path_taken":["M","?","M","?","?","E","R","?","T","R","E","?","$","M","R","BOSS","M","?","?","?","?","E","R","M","T","?","M","R","M","E","R","BOSS"],"build_version":"2019-01-23","purchased_purges":0,"victory":false,"max_hp_per_floor":[70,70,70,70,70,70,70,70,70,70,70,70,70,70,70,70,70,70,70,70,70,70,70,70,70,70,70,70,70,70,70,70,70],"card_choices":[{"not_picked":["Bane","Outmaneuver"],"picked":"Footwork","floor":1},{"not_picked":["Underhanded Strike","Concentrate"],"picked":"Leg Sweep","floor":3},{"not_picked":["Flechettes","Sucker Punch"],"picked":"Deflect","floor":6},{"not_picked":["Dagger Spray","Acrobatics"],"picked":"Cloak And Dagger","floor":11},{"not_picked":["Skewer","Slice"],"picked":"Crippling Poison","floor":12},{"not_picked":["Grand Finale","Dodge and Roll"],"picked":"Prepared","floor":14},{"not_picked":["Venomology","Storm of Steel"],"picked":"Glass Knife","floor":16},{"not_picked":["Cloak And Dagger","Expertise+1"],"picked":"Well Laid Plans","floor":18},{"not_picked":["Outmaneuver+1","Flying Knee"],"picked":"Dagger Spray","floor":22},{"not_picked":["Quick Slash","Dagger Spray","Sucker Punch"],"picked":"SKIP","floor":23},{"not_picked":["Skewer","Eviscerate"],"picked":"Envenom","floor":24},{"not_picked":["Sucker Punch","Poisoned Stab","Flying Knee"],"picked":"SKIP","floor":25},{"not_picked":["Outmaneuver+1","Quick Slash","Bane"],"picked":"SKIP","floor":28},{"not_picked":["Deadly Poison","Outmaneuver"],"picked":"Acrobatics+1","floor":30},{"not_picked":["Outmaneuver","Bouncing Flask"],"picked":"A Thousand Cuts","floor":31}],"player_experience":194623,"relics_obtained":[{"floor":6,"key":"Ginger"},{"floor":9,"key":"Gremlin Horn"},{"floor":11,"key":"Oddly Smooth Stone"},{"floor":21,"key":"Dream Catcher"},{"floor":23,"key":"Regal Pillow"},{"floor":26,"key":"Boot"},{"floor":31,"key":"War Paint"}],"event_choices":[{"damage_healed":0,"gold_gain":0,"player_choice":"Grow","damage_taken":0,"max_hp_gain":0,"max_hp_loss":0,"event_name":"Living Wall","floor":2,"gold_loss":0,"cards_upgraded":["Footwork"]},{"damage_healed":17,"gold_gain":0,"player_choice":"Healed","damage_taken":0,"max_hp_gain":0,"max_hp_loss":0,"event_name":"The Cleric","floor":4,"gold_loss":35},{"damage_healed":0,"gold_gain":0,"player_choice":"Left Gold","damage_taken":0,"max_hp_gain":0,"max_hp_loss":0,"event_name":"World of Goop","floor":5,"gold_loss":20},{"damage_healed":0,"gold_gain":100,"player_choice":"Pray","damage_taken":0,"max_hp_gain":0,"max_hp_loss":0,"event_name":"Golden Shrine","floor":19,"gold_loss":0}],"is_beta":false,"boss_relics":[{"not_picked":["HoveringKite","Runic Pyramid"],"picked":"Cursed Key"}],"items_purged_floors":[],"is_endless":false,"potions_floor_spawned":[3,11,14,16,30],"killed_by":"Automaton","ascension_level":9}