{"gold_per_floor":[117,117,127,127,140,315,315,331,331,204,264,280,280,310,310,405,405,421,98,110,110,110,110,110],"floor_reached":24,"playtime":979,"items_purged":["Doubt","Strike_R"],"score":243,"play_id":"44c6f7ad-e8ef-4405-8900-769b488d7d4e","local_time":"20181101163420","is_ascension_mode":true,"campfire_choices":[{"data":"Inflame","floor":7,"key":"SMITH"},{"data":"1","floor":13,"key":"LIFT"},{"data":"2","floor":15,"key":"LIFT"},{"data":"3","floor":23,"key":"LIFT"}],"neow_cost":"NONE","seed_source_timestamp":7710417613957,"circlet_count":0,"master_deck":["Strike_R+1","Strike_R+1","Strike_R+1","Defend_R+1","Defend_R+1","Defend_R+1","Bash","Purity","Pommel Strike+1","Pommel Strike","Inflame+1","Reaper","Twin Strike","Thunderclap","Infernal Blade","Twin Strike","Carnage","Pommel Strike","Bandage Up","Uppercut+1"],"relics":["Burning Blood","Letter Opener","Girya","Nunchaku","Empty Cage"],"potions_floor_usage":[16,16],"damage_taken":[{"damage":4,"enemies":"2 Louse","floor":1,"turns":3},{"damage":6,"enemies":"Cultist","floor":3,"turns":3},{"damage":2,"enemies":"Jaw Worm","floor":5,"turns":3},{"damage":26,"enemies":"Exordium Thugs","floor":8,"turns":5},{"damage":7,"enemies":"3 Louse","floor":12,"turns":3},{"damage":30,"enemies":"3 Sentries","floor":14,"turns":5},{"damage":48,"enemies":"Hexaghost","floor":16,"turns":8},{"damage":23,"enemies":"Shell Parasite","floor":18,"turns":4},{"damage":11,"enemies":"3 Byrds","floor":20,"turns":5},{"damage":31,"enemies":"Colosseum Slavers","floor":21,"turns":3},{"damage":33,"enemies":"Centurion and Healer","floor":24,"turns":3}],"seed_played":"-3661734208582763885","potions_obtained":[{"floor":5,"key":"Regen Potion"},{"floor":8,"key":"LiquidBronze"},{"floor":12,"key":"Dexterity Potion"},{"floor":16,"key":"Dexterity Potion"},{"floor":18,"key":"Ancient Potion"}],"is_trial":false,"path_per_floor":["M","?","M","T","M","?","R","M","T","$","?","M","R","E","R","B",null,"M","$","M","?","?","R"],"character_chosen":"IRONCLAD","items_purchased":["Twin Strike","Carnage","Pommel Strike","Bandage Up"],"campfire_rested":0,"item_purchase_floors":[10,19,19,19],"current_hp_per_floor":[80,80,80,80,80,80,80,60,60,60,60,59,59,48,48,21,65,48,48,56,31,31,31,0],"gold":110,"neow_bonus":"RANDOM_COLORLESS","is_prod":false,"is_daily":false,"chose_seed":false,"campfire_upgraded":1,"win_rate":0,"timestamp":1541100860,"path_taken":["M","?","M","?","?","?","R","M","T","?","?","M","R","E","R","BOSS","M","$","M","?","?","R","M"],"build_version":"2018-10-25v2","purchased_purges":2,"victory":false,"max_hp_per_floor":[80,80,80,80,80,80,80,80,80,80,80,80,80,80,80,80,80,80,80,80,80,80,80,80],"card_choices":[{"not_picked":["Armaments","Havoc"],"picked":"Pommel Strike","floor":1},{"not_picked":["Uppercut","Warcry"],"picked":"Pommel Strike","floor":3},{"not_picked":["Anger","Reckless Charge"],"picked":"Inflame","floor":5},{"not_picked":["Disarm","Twin Strike"],"picked":"Reaper","floor":8},{"not_picked":["Armaments","Headbutt"],"picked":"Thunderclap","floor":12},{"not_picked":["Clothesline","Bloodletting"],"picked":"Infernal Blade","floor":14},{"not_picked":["Cleave","Armaments"],"picked":"Twin Strike","floor":18},{"not_picked":["Metallicize","Headbutt"],"picked":"Uppercut+1","floor":20}],"player_experience":229519,"relics_obtained":[{"floor":4,"key":"Letter Opener"},{"floor":9,"key":"Girya"},{"floor":14,"key":"Nunchaku"}],"event_choices":[{"damage_healed":0,"gold_gain":0,"player_choice":"Forge","damage_taken":0,"max_hp_gain":0,"max_hp_loss":0,"event_name":"Accursed Blacksmith","floor":2,"gold_loss":0,"cards_upgraded":["Pommel Strike"]},{"damage_healed":0,"gold_gain":175,"player_choice":"AGREE","damage_taken":0,"max_hp_gain":0,"max_hp_loss":0,"event_name":"Liars Game","floor":6,"gold_loss":0,"cards_obtained":["Doubt"]},{"damage_healed":0,"gold_gain":60,"player_choice":"Gained Gold","damage_taken":0,"max_hp_gain":0,"max_hp_loss":0,"event_name":"Golden Wing","floor":11,"gold_loss":0},{"damage_healed":0,"gold_gain":0,"player_choice":"Fight","damage_taken":0,"max_hp_gain":0,"max_hp_loss":0,"event_name":"Colosseum","floor":21,"gold_loss":0},{"damage_healed":0,"gold_gain":0,"player_choice":"Fled From Nobs","damage_taken":0,"max_hp_gain":0,"max_hp_loss":0,"event_name":"Colosseum","floor":21,"gold_loss":0},{"damage_healed":0,"gold_gain":0,"player_choice":"Simplicity","damage_taken":0,"max_hp_gain":0,"max_hp_loss":0,"event_name":"Back to Basics","floor":22,"gold_loss":0,"cards_upgraded":["Strike_R","Strike_R","Strike_R","Defend_R","Defend_R","Defend_R"]}],"is_beta":false,"boss_relics":[{"not_picked":["Pandora\u0027s Box","Runic Pyramid"],"picked":"Empty Cage"}],"items_purged_floors":[10,19],"is_endless":false,"potions_floor_spawned":[5,8,12,16,18],"killed_by":"Centurion and Healer","ascension_level":5}