{"gold_per_floor":[118,164,184,204,220,220,240,240,240,253,253,273,291,306,306,379,379,395,413,429,140,152,185,185,185,211,211,211,211,211,57,57,131,131,144,144,144,19,19,19,38,38,65,65],"floor_reached":44,"playtime":2567,"items_purged":["Strike_G","Normality","Parasite"],"score":846,"play_id":"c44e7992-8336-41e2-be91-48b08854e4ba","local_time":"20190621124347","is_ascension_mode":true,"campfire_choices":[{"data":"Dagger Spray","floor":6,"key":"SMITH"},{"data":"Neutralize","floor":8,"key":"SMITH"},{"data":"Backflip","floor":15,"key":"SMITH"},{"data":"Catalyst","floor":24,"key":"SMITH"},{"data":"Corpse Explosion","floor":25,"key":"SMITH"},{"data":"Crippling Poison","floor":28,"key":"SMITH"},{"data":"Cloak And Dagger","floor":30,"key":"SMITH"},{"floor":32,"key":"REST"},{"data":"Survivor","floor":40,"key":"SMITH"},{"data":"Well Laid Plans","floor":42,"key":"SMITH"}],"neow_cost":"NONE","seed_source_timestamp":757358595817399,"circlet_count":0,"master_deck":["AscendersBane","Defend_G","Defend_G","Defend_G","Defend_G","Defend_G","Strike_G","Strike_G","Survivor+1","Neutralize+1","Corpse Explosion+1","Crippling Poison+1","Dagger Spray+1","Cloak And Dagger+1","Catalyst+1","Backflip+1","Backstab","Bullet Time","Poisoned Stab+1","Well Laid Plans+1","Escape Plan","Setup+1","Calculated Gamble","Envenom+1","Madness+1","Madness","Decay"],"relics":["Ring of the Snake","Bag of Preparation","WingedGreaves","Cursed Key","Pen Nib","Frozen Egg 2","Bronze Scales","Bottled Tornado","Busted Crown","Regal Pillow"],"potions_floor_usage":[5,16,16,23,33,44],"damage_taken":[{"damage":14,"enemies":"Cultist","floor":1,"turns":6},{"damage":7,"enemies":"Small Slimes","floor":3,"turns":3},{"damage":0,"enemies":"2 Louse","floor":4,"turns":1},{"damage":4,"enemies":"Exordium Wildlife","floor":5,"turns":4},{"damage":1,"enemies":"Large Slime","floor":7,"turns":4},{"damage":0,"enemies":"2 Fungi Beasts","floor":10,"turns":2},{"damage":0,"enemies":"Lots of Slimes","floor":12,"turns":2},{"damage":4,"enemies":"Exordium Thugs","floor":13,"turns":5},{"damage":2,"enemies":"3 Louse","floor":14,"turns":3},{"damage":41,"enemies":"Slime Boss","floor":16,"turns":10},{"damage":1,"enemies":"Spheric Guardian","floor":18,"turns":4},{"damage":5,"enemies":"3 Byrds","floor":19,"turns":4},{"damage":0,"enemies":"3 Cultists","floor":20,"turns":3},{"damage":4,"enemies":"Centurion and Healer","floor":22,"turns":4},{"damage":0,"enemies":"Slavers","floor":23,"turns":2},{"damage":51,"enemies":"Collector","floor":33,"turns":7},{"damage":0,"enemies":"Orb Walker","floor":35,"turns":2},{"damage":9,"enemies":"3 Shapes","floor":41,"turns":4},{"damage":38,"enemies":"Writhing Mass","floor":44,"turns":4}],"seed_played":"4561899086047560655","potions_obtained":[{"floor":1,"key":"Ancient Potion"},{"floor":3,"key":"GhostInAJar"},{"floor":10,"key":"AttackPotion"},{"floor":13,"key":"SkillPotion"},{"floor":18,"key":"SpeedPotion"},{"floor":22,"key":"PowerPotion"},{"floor":41,"key":"AttackPotion"}],"is_trial":false,"path_per_floor":["M","T","M","M","M","R","M","R","T","M","?","M","M","M","R","B",null,"M","M","M","$","M","E","R","R","T","T","R","?","R","$","R","B",null,"M","?","?","$","?","R","M","R","T","M"],"character_chosen":"THE_SILENT","items_purchased":["Escape Plan","Pen Nib","Block Potion"],"campfire_rested":1,"item_purchase_floors":[21,21,31],"current_hp_per_floor":[45,45,38,38,34,34,33,33,33,33,66,66,62,60,60,19,54,53,48,48,48,44,44,44,44,44,44,44,44,44,44,63,12,53,53,53,41,41,41,41,32,32,32,0],"gold":65,"neow_bonus":"TRANSFORM_CARD","is_prod":false,"is_daily":false,"chose_seed":false,"campfire_upgraded":9,"win_rate":0,"timestamp":1561092227,"path_taken":["M","?","M","M","M","R","M","R","T","?","?","M","M","M","R","BOSS","M","?","M","$","M","E","R","R","T","?","R","?","R","?","R","BOSS","M","?","?","$","?","R","?","R","T","M"],"build_version":"2019-01-23","purchased_purges":3,"victory":false,"max_hp_per_floor":[66,66,66,66,66,66,66,66,66,66,66,66,66,66,66,66,66,66,66,66,66,66,66,66,66,66,66,66,66,66,66,66,66,66,66,66,66,63,63,63,63,63,63,63],"card_choices":[{"not_picked":["All Out Attack","Riddle With Holes"],"picked":"Crippling Poison","floor":1},{"not_picked":["Infinite Blades","Heel Hook"],"picked":"Dagger Spray","floor":3},{"not_picked":["Prepared","PiercingWail"],"picked":"Cloak And Dagger","floor":4},{"not_picked":["Riddle With Holes","Dagger Throw"],"picked":"Catalyst","floor":5},{"not_picked":["Deflect","Predator"],"picked":"Backflip","floor":7},{"not_picked":["Quick Slash","Accuracy"],"picked":"Heel Hook","floor":10},{"not_picked":["Caltrops","Prepared","Dagger Throw"],"picked":"SKIP","floor":12},{"not_picked":["Infinite Blades","Underhanded Strike"],"picked":"Backstab","floor":13},{"not_picked":["Prepared","Setup","Choke"],"picked":"SKIP","floor":14},{"not_picked":["Wraith Form v2","Night Terror"],"picked":"Bullet Time","floor":16},{"not_picked":["Quick Slash","Bane"],"picked":"Poisoned Stab+1","floor":18},{"not_picked":["Dodge and Roll","Blade Dance"],"picked":"Well Laid Plans","floor":19},{"not_picked":["Skewer","Sucker Punch","Slice"],"picked":"SKIP","floor":20},{"not_picked":["Choke","Calculated Gamble"],"picked":"Setup+1","floor":22},{"not_picked":["Riddle With Holes","Endless Agony"],"picked":"Calculated Gamble","floor":23},{"not_picked":["Tools of the Trade+1","Grand Finale"],"picked":"Envenom+1","floor":33},{"not_picked":["Flying Knee"],"picked":"SKIP","floor":35},{"not_picked":["Skewer"],"picked":"SKIP","floor":41}],"player_experience":939477,"relics_obtained":[{"floor":2,"key":"Bag of Preparation"},{"floor":9,"key":"WingedGreaves"},{"floor":23,"key":"Frozen Egg 2"},{"floor":26,"key":"Bronze Scales"},{"floor":27,"key":"Bottled Tornado"},{"floor":43,"key":"Regal Pillow"}],"event_choices":[{"cards_removed":["Heel Hook"],"damage_healed":33,"gold_gain":0,"player_choice":"Offered Uncommon","damage_taken":0,"max_hp_gain":0,"max_hp_loss":0,"event_name":"Bonfire Elementals","floor":11,"gold_loss":0},{"cards_removed":["Strike_G"],"damage_healed":0,"gold_gain":0,"player_choice":"Elegance","damage_taken":0,"max_hp_gain":0,"max_hp_loss":0,"event_name":"Back to Basics","floor":29,"gold_loss":0},{"damage_healed":0,"gold_gain":0,"player_choice":"Memory 1","damage_taken":0,"max_hp_gain":0,"max_hp_loss":0,"event_name":"SensoryStone","floor":36,"gold_loss":0},{"damage_healed":0,"gold_gain":0,"player_choice":"Embrace Madness","damage_taken":12,"max_hp_gain":0,"max_hp_loss":0,"event_name":"Winding Halls","floor":37,"gold_loss":0,"cards_obtained":["Madness","Madness"]},{"damage_healed":0,"gold_gain":0,"player_choice":"Upgraded","damage_taken":0,"max_hp_gain":0,"max_hp_loss":0,"event_name":"Upgrade Shrine","floor":39,"gold_loss":0,"cards_upgraded":["Madness"]}],"is_beta":false,"boss_relics":[{"not_picked":["Tiny House","White Beast Statue"],"picked":"Cursed Key"},{"not_picked":["WristBlade","Fusion Hammer"],"picked":"Busted Crown"}],"items_purged_floors":[21,31,38],"is_endless":false,"potions_floor_spawned":[1,3,10,13,18,22,41],"killed_by":"Writhing Mass","ascension_level":18}