{"gold_per_floor":[114,45,220,237,237,237,271,271,324,324,341,357,375,404,416,533,545,567,579,591,215,204,204],"floor_reached":23,"playtime":561,"items_purged":[],"score":286,"play_id":"756d1172-850a-4299-80c2-c7d9ee440867","local_time":"20180920230802","is_ascension_mode":true,"campfire_choices":[{"data":"Loop","floor":6,"key":"SMITH"},{"data":"Auto Shields","floor":8,"key":"SMITH"},{"floor":15,"key":"REST"}],"neow_cost":"NONE","seed_source_timestamp":551947087145446,"circlet_count":0,"master_deck":["Strike_B","Strike_B","Strike_B","Strike_B","Defend_B","Defend_B","Defend_B","Zap","Dualcast","Doom and Gloom","Loop+1","Auto Shields+1","Streamline","Redo","Stack","Streamline","Seek","Pain","Scrape+1","Thunder Strike+1","White Noise","Writhe","Transmutation","Redo","Steam+1"],"relics":["Cracked Core","NeowsBlessing","Bottled Lightning","Ancient Tea Set","Bag of Preparation","MawBank","Astrolabe","Regal Pillow","Juzu Bracelet","Lantern"],"potions_floor_usage":[14,16,16,18,22],"damage_taken":[{"damage":0,"enemies":"Jaw Worm","floor":1,"turns":1},{"damage":0,"enemies":"Small Slimes","floor":4,"turns":1},{"damage":0,"enemies":"3 Sentries","floor":7,"turns":2},{"damage":1,"enemies":"Cultist","floor":11,"turns":3},{"damage":20,"enemies":"3 Louse","floor":12,"turns":2},{"damage":0,"enemies":"2 Fungi Beasts","floor":13,"turns":3},{"damage":20,"enemies":"Gremlin Nob","floor":14,"turns":4},{"damage":16,"enemies":"The Guardian","floor":16,"turns":8},{"damage":41,"enemies":"Shell Parasite","floor":18,"turns":8},{"damage":26,"enemies":"2 Thieves","floor":22,"turns":4},{"damage":19,"enemies":"Slavers","floor":23,"turns":1}],"seed_played":"1692564859312052762","potions_obtained":[{"floor":5,"key":"SpeedPotion"},{"floor":5,"key":"SneckoOil"},{"floor":5,"key":"Swift Potion"},{"floor":7,"key":"EssenceOfSteel"},{"floor":11,"key":"SpeedPotion"},{"floor":12,"key":"FocusPotion"},{"floor":14,"key":"Energy Potion"},{"floor":16,"key":"Ancient Potion"}],"is_trial":false,"path_per_floor":["M","$","?","M","?","R","E","R","T","?","M","M","M","E","R","B",null,"M","?","T","$","M"],"character_chosen":"DEFECT","items_purchased":["Loop","Lantern","Transmutation","Redo"],"campfire_rested":1,"item_purchase_floors":[2,21,21,21],"current_hp_per_floor":[75,75,75,75,75,75,75,75,75,75,74,54,54,34,56,40,75,34,34,34,34,8,0],"gold":204,"neow_bonus":"THREE_ENEMY_KILL","is_prod":false,"is_daily":false,"chose_seed":false,"campfire_upgraded":2,"win_rate":0,"timestamp":1537499282,"path_taken":["M","$","?","M","?","R","E","R","T","?","?","M","M","E","R","BOSS","M","?","?","?","M","E"],"build_version":"2018-09-20","purchased_purges":0,"victory":false,"max_hp_per_floor":[75,75,75,75,75,75,75,75,75,75,75,75,75,75,75,75,75,75,75,75,75,75,75],"card_choices":[{"not_picked":["Sweeping Beam","Barrage"],"picked":"Doom and Gloom","floor":1},{"not_picked":["Steam","Cold Snap"],"picked":"Auto Shields","floor":4},{"not_picked":["Multi-Cast","Scrape"],"picked":"Streamline","floor":7},{"not_picked":["Reprogram","Stack"],"picked":"Redo","floor":11},{"not_picked":["Chill","Coolheaded"],"picked":"Reinforced Body","floor":12},{"not_picked":["Leap","Cold Snap"],"picked":"Stack","floor":13},{"not_picked":["Force Field","Barrage"],"picked":"Streamline","floor":14},{"not_picked":["All For One","Multi-Cast"],"picked":"Seek","floor":16},{"not_picked":["Hello World","Recycle"],"picked":"White Noise","floor":18},{"not_picked":["Darkness+1","Rip and Tear+1"],"picked":"Steam+1","floor":22}],"player_experience":160214,"relics_obtained":[{"floor":7,"key":"Bottled Lightning"},{"floor":9,"key":"Ancient Tea Set"},{"floor":14,"key":"MawBank"},{"floor":20,"key":"Juzu Bracelet"}],"event_choices":[{"event_name":"Liars Game","player_choice":"agreed","floor":3,"damage_taken":0},{"event_name":"The Lab","player_choice":"Got Potions","floor":5,"damage_taken":0},{"event_name":"WeMeetAgain","player_choice":"Potion","floor":10,"damage_taken":0},{"event_name":"The Mausoleum","player_choice":"Yes","floor":19,"damage_taken":0}],"is_beta":false,"boss_relics":[{"not_picked":["Ectoplasm","Empty Cage"],"picked":"Astrolabe"}],"items_purged_floors":[],"is_endless":false,"potions_floor_spawned":[7,11,12,14,16],"killed_by":"Slavers","ascension_level":3}