{"gold_per_floor":[99,99,99,99,99,69,49,49,49,49,49,49,29,29,29,29,29,29,29,29,29,29,4,4,4,4,4,4,4,4,4,4,4],"floor_reached":33,"playtime":3371,"items_purged":[],"score":275,"play_id":"0edcaf72-a61d-4281-b17c-d25e42654005","local_time":"20190615011031","is_ascension_mode":false,"campfire_choices":[{"floor":11,"key":"REST"},{"data":"Bash","floor":15,"key":"SMITH"},{"floor":24,"key":"REST"},{"floor":32,"key":"REST"}],"neow_cost":"NONE","seed_source_timestamp":106535124522700,"circlet_count":0,"master_deck":["Strike_R","Strike_R+1","Strike_R","Strike_R","Strike_R","Defend_R","Defend_R","Defend_R","Defend_R","Bash+1","Shrug It Off","Cleave","Brutality","Shockwave","Disarm","Anger","Rupture","Warcry","Rupture","Impervious","Feed+1","Clothesline+1","Iron Wave","Heavy Blade","Twin Strike+1","Clash","Headbutt","Armaments+1","Body Slam","Battle Trance","Battle Trance+1","Cleave+1"],"relics":["Ectoplasm","Ancient Tea Set","Mercury Hourglass","Snecko Eye","Whetstone","Dream Catcher"],"potions_floor_usage":[16,16,16,30,33,33],"damage_taken":[{"damage":0,"enemies":"2 Louse","floor":1,"turns":2},{"damage":1,"enemies":"Cultist","floor":2,"turns":3},{"damage":1,"enemies":"Jaw Worm","floor":4,"turns":3},{"damage":9,"enemies":"Red Slaver","floor":5,"turns":3},{"damage":9,"enemies":"Looter","floor":6,"turns":3},{"damage":4,"enemies":"Blue Slaver","floor":8,"turns":3},{"damage":5,"enemies":"2 Fungi Beasts","floor":12,"turns":3},{"damage":22,"enemies":"Lagavulin","floor":14,"turns":6},{"damage":24,"enemies":"Hexaghost","floor":16,"turns":7},{"damage":16,"enemies":"Chosen","floor":18,"turns":5},{"damage":20,"enemies":"3 Byrds","floor":20,"turns":5},{"damage":17,"enemies":"3 Cultists","floor":21,"turns":5},{"damage":4,"enemies":"Sentry and Sphere","floor":22,"turns":5},{"damage":11,"enemies":"Snake Plant","floor":25,"turns":3},{"damage":3,"enemies":"Centurion and Healer","floor":28,"turns":5},{"damage":15,"enemies":"Book of Stabbing","floor":29,"turns":4},{"damage":9,"enemies":"Snecko","floor":30,"turns":5},{"damage":28,"enemies":"Snake Plant","floor":31,"turns":3},{"damage":59,"enemies":"Collector","floor":33,"turns":7}],"seed_played":"7888472310039656581","potions_obtained":[{"floor":1,"key":"BloodPotion"},{"floor":6,"key":"Fire Potion"},{"floor":7,"key":"FearPotion"},{"floor":12,"key":"SmokeBomb"},{"floor":14,"key":"SteroidPotion"},{"floor":18,"key":"BloodPotion"},{"floor":21,"key":"SteroidPotion"},{"floor":28,"key":"Ancient Potion"}],"is_trial":false,"path_per_floor":["M","M","?","M","M","M","?","M","T","?","R","M","?","E","R","B",null,"M","?","M","M","M","$","R","M","T","?","M","E","M","M","R","B"],"character_chosen":"IRONCLAD","items_purchased":["Headbutt"],"campfire_rested":3,"item_purchase_floors":[23],"current_hp_per_floor":[80,79,79,78,69,60,60,56,56,56,80,75,75,53,53,29,80,64,64,47,33,32,32,58,47,47,76,73,58,57,29,55,0],"gold":4,"neow_bonus":"BOSS_RELIC","is_prod":false,"is_daily":false,"chose_seed":false,"campfire_upgraded":1,"win_rate":0.0,"timestamp":1560525031,"path_taken":["M","M","?","M","M","?","?","?","T","?","R","M","?","E","R","BOSS","M","?","?","M","M","$","R","M","T","?","M","E","M","M","R","BOSS"],"build_version":"2019-01-23","purchased_purges":0,"victory":false,"max_hp_per_floor":[80,80,80,80,80,80,80,80,80,80,80,80,80,80,80,80,80,80,80,83,86,89,89,89,89,89,89,89,89,89,89,89,89],"card_choices":[{"not_picked":["Disarm","Thunderclap"],"picked":"Shrug It Off","floor":1},{"not_picked":["Armaments","Thunderclap"],"picked":"Cleave","floor":2},{"not_picked":["Iron Wave","Combust"],"picked":"Disarm","floor":4},{"not_picked":["Bloodletting","Shrug It Off"],"picked":"Anger","floor":5},{"not_picked":["Twin Strike","Power Through"],"picked":"Rupture","floor":6},{"not_picked":["Twin Strike","Thunderclap"],"picked":"Warcry","floor":8},{"not_picked":["Battle Trance","Flex"],"picked":"Rupture","floor":12},{"not_picked":["Seeing Red","Carnage"],"picked":"Impervious","floor":14},{"not_picked":["Impervious","Reaper"],"picked":"Feed","floor":16},{"not_picked":["Cleave","Sever Soul"],"picked":"Clothesline+1","floor":18},{"not_picked":["Anger","Corruption+1"],"picked":"Heavy Blade","floor":20},{"not_picked":["Iron Wave","Pummel"],"picked":"Twin Strike+1","floor":21},{"not_picked":["Infernal Blade","True Grit"],"picked":"Clash","floor":22},{"not_picked":["Twin Strike+1","Fiend Fire"],"picked":"Armaments+1","floor":25},{"not_picked":["Reckless Charge","Headbutt"],"picked":"Body Slam","floor":28},{"not_picked":["Iron Wave","Dual Wield"],"picked":"Battle Trance","floor":29},{"not_picked":["Dropkick","Disarm"],"picked":"Battle Trance+1","floor":30},{"not_picked":["Anger","Blood for Blood","Cleave"],"picked":"SKIP","floor":31},{"not_picked":["Shrug It Off","Heavy Blade"],"picked":"Cleave+1","floor":32}],"player_experience":16492,"relics_obtained":[{"floor":9,"key":"Ancient Tea Set"},{"floor":14,"key":"Mercury Hourglass"},{"floor":26,"key":"Whetstone"},{"floor":29,"key":"Dream Catcher"}],"event_choices":[{"damage_healed":0,"gold_gain":0,"player_choice":"2 cards matched","damage_taken":0,"max_hp_gain":0,"max_hp_loss":0,"event_name":"Match and Keep!","floor":3,"gold_loss":0,"cards_obtained":["Brutality","Shockwave"]},{"damage_healed":0,"gold_gain":0,"player_choice":"Bought 1 Potion","damage_taken":0,"max_hp_gain":0,"max_hp_loss":0,"event_name":"The Woman in Blue","floor":7,"gold_loss":0},{"damage_healed":0,"gold_gain":175,"player_choice":"AGREE","damage_taken":0,"max_hp_gain":0,"max_hp_loss":0,"event_name":"Liars Game","floor":10,"gold_loss":0,"cards_obtained":["Doubt"]},{"damage_healed":0,"gold_gain":0,"player_choice":"Left Gold","damage_taken":0,"max_hp_gain":0,"max_hp_loss":0,"event_name":"World of Goop","floor":13,"gold_loss":20},{"cards_removed":["Doubt"],"damage_healed":0,"gold_gain":0,"player_choice":"Took Card","damage_taken":0,"max_hp_gain":0,"max_hp_loss":0,"event_name":"NoteForYourself","floor":19,"gold_loss":0,"cards_obtained":["Iron Wave"]},{"damage_healed":29,"gold_gain":0,"player_choice":"Heal","damage_taken":0,"max_hp_gain":0,"max_hp_loss":0,"event_name":"The Library","floor":27,"gold_loss":0}],"is_beta":false,"boss_relics":[{"not_picked":["Sozu","Runic Dome"],"picked":"Snecko Eye"}],"items_purged_floors":[],"is_endless":false,"potions_floor_spawned":[1,6,12,14,18,21,28],"killed_by":"Collector","ascension_level":0}