{"gold_per_floor":[20,39,39,39,58,58,77,92,92,107,126,126,3,20,20,118,118,131,199,149,168,180,180,200,211,211,136,136],"floor_reached":28,"playtime":1144,"items_purged":["Regret"],"score":270,"play_id":"cacd88cb-fc99-45ff-9d26-f316fa30430a","local_time":"20181102003256","is_ascension_mode":true,"campfire_choices":[{"data":"Echo Form","floor":6,"key":"SMITH"},{"data":"Beam Cell","floor":12,"key":"SMITH"},{"data":"Recycle","floor":15,"key":"SMITH"},{"data":"Genetic Algorithm","floor":23,"key":"SMITH"}],"neow_cost":"NO_GOLD","seed_source_timestamp":6674959223261,"circlet_count":0,"master_deck":["Strike_B","Strike_B","Strike_B","Strike_B","Defend_B","Defend_B","Defend_B","Defend_B","Zap","Dualcast","Echo Form+1","Streamline+1","Gash","Ball Lightning","Hologram","Conserve Battery","Beam Cell+1","Sweeping Beam","Streamline","Recycle+1","Buffer","Genetic Algorithm+1","Rebound+1","Coolheaded","Self Repair"],"relics":["Cracked Core","Meat on the Bone","Symbiotic Virus","Philosopher\u0027s Stone","Bottled Flame","Regal Pillow"],"potions_floor_usage":[16,18,22,22],"damage_taken":[{"damage":2,"enemies":"Jaw Worm","floor":1,"turns":3},{"damage":2,"enemies":"Small Slimes","floor":2,"turns":3},{"damage":5,"enemies":"Cultist","floor":5,"turns":3},{"damage":3,"enemies":"Blue Slaver","floor":7,"turns":2},{"damage":10,"enemies":"Red Slaver","floor":8,"turns":3},{"damage":21,"enemies":"Lots of Slimes","floor":10,"turns":3},{"damage":8,"enemies":"Exordium Wildlife","floor":11,"turns":3},{"damage":6,"enemies":"Looter","floor":14,"turns":3},{"damage":37,"enemies":"The Guardian","floor":16,"turns":9},{"damage":3,"enemies":"Spheric Guardian","floor":18,"turns":3},{"damage":5,"enemies":"Chosen","floor":21,"turns":3},{"damage":18,"enemies":"Snake Plant","floor":22,"turns":3},{"damage":14,"enemies":"3 Cultists","floor":24,"turns":5},{"damage":28,"enemies":"Chosen and Byrds","floor":25,"turns":6},{"damage":25,"enemies":"Snake Plant","floor":28,"turns":1}],"seed_played":"-159928455850785967","potions_obtained":[{"floor":7,"key":"AttackPotion"},{"floor":8,"key":"Regen Potion"},{"floor":11,"key":"Block Potion"},{"floor":21,"key":"Explosive Potion"}],"is_trial":false,"path_per_floor":["M","M","?","?","M","R","M","M","T","M","M","R","$","M","R","B",null,"M","T","?","M","M","R","M","M","T","$","M"],"character_chosen":"DEFECT","items_purchased":["Streamline","Self Repair"],"campfire_rested":0,"item_purchase_floors":[13,27],"current_hp_per_floor":[73,71,71,71,66,66,63,53,53,44,48,48,48,42,42,32,64,61,61,61,56,38,38,36,20,20,20,0],"gold":136,"neow_bonus":"THREE_RARE_CARDS","is_prod":false,"is_daily":false,"chose_seed":false,"campfire_upgraded":4,"win_rate":0,"timestamp":1541129576,"path_taken":["M","M","?","?","M","R","M","M","T","M","M","R","?","M","R","BOSS","M","?","?","M","?","R","M","M","T","$","M"],"build_version":"2018-11-01","purchased_purges":1,"victory":false,"max_hp_per_floor":[75,75,75,75,75,75,75,75,75,75,75,75,75,75,75,75,75,75,75,75,75,75,75,75,75,75,75,75],"card_choices":[{"not_picked":["Thunder Strike","Amplify"],"picked":"Echo Form","floor":0},{"not_picked":["Gash","Static Discharge"],"picked":"Streamline","floor":1},{"not_picked":["Redo","BootSequence"],"picked":"Gash","floor":2},{"not_picked":["Reprogram","Recycle"],"picked":"Ball Lightning","floor":5},{"not_picked":["Barrage","Steam Power"],"picked":"Hologram","floor":7},{"not_picked":["Loop","Redo"],"picked":"Conserve Battery","floor":8},{"not_picked":["Tempest","Chill"],"picked":"Beam Cell","floor":10},{"not_picked":["Steam","Ball Lightning"],"picked":"Sweeping Beam","floor":11},{"not_picked":["Leap","Reinforced Body"],"picked":"Recycle","floor":14},{"not_picked":["Rainbow","Core Surge"],"picked":"Buffer","floor":16},{"not_picked":["Double Energy","Doom and Gloom"],"picked":"Genetic Algorithm","floor":18},{"not_picked":["Cold Snap+1","Double Energy"],"picked":"Rebound+1","floor":21},{"not_picked":["Sweeping Beam+1","Loop","Tempest"],"picked":"SKIP","floor":22},{"not_picked":["Streamline","Barrage+1"],"picked":"Coolheaded","floor":24},{"not_picked":["Redo+1","Blizzard","Ball Lightning"],"picked":"SKIP","floor":25}],"player_experience":238245,"relics_obtained":[{"floor":9,"key":"Symbiotic Virus"},{"floor":19,"key":"Bottled Flame"},{"floor":26,"key":"Regal Pillow"}],"event_choices":[{"damage_healed":0,"gold_gain":0,"player_choice":"Grow","damage_taken":0,"max_hp_gain":0,"max_hp_loss":0,"event_name":"Living Wall","floor":3,"gold_loss":0,"cards_upgraded":["Streamline"]},{"damage_healed":0,"gold_gain":0,"player_choice":"Box","damage_taken":0,"relics_obtained":["Meat on the Bone"],"max_hp_gain":0,"max_hp_loss":0,"event_name":"Big Fish","floor":4,"gold_loss":0,"cards_obtained":["Regret"]},{"damage_healed":0,"gold_gain":0,"player_choice":"Bet on Owner","damage_taken":0,"max_hp_gain":0,"max_hp_loss":0,"event_name":"The Joust","floor":20,"gold_loss":50}],"is_beta":false,"boss_relics":[{"not_picked":["Inserter","Black Star"],"picked":"Philosopher\u0027s Stone"}],"items_purged_floors":[13],"is_endless":false,"potions_floor_spawned":[7,8,11,14,21],"killed_by":"Snake Plant","ascension_level":5}