{"gold_per_floor":[110,110,110,123,143,175,175,53,104,114,114,129,129,140,140,244,244,258,44,44,57,71,71,103,103,103,3,19,19,19,31,31,132,132,150,25,25,45,61,61,61,61,88,88,0,12,12,25,25,25],"floor_reached":51,"playtime":2040,"items_purged":["Strike_R","Strike_R","Strike_R"],"score":950,"play_id":"46d88d51-b6f4-491b-852d-fa8326c9a5cd","local_time":"20181109030925","is_ascension_mode":true,"campfire_choices":[{"data":"Cleave","floor":7,"key":"SMITH"},{"data":"Inflame","floor":13,"key":"SMITH"},{"data":"Blood for Blood","floor":15,"key":"SMITH"},{"floor":23,"key":"REST"},{"data":"Limit Break","floor":25,"key":"SMITH"},{"floor":32,"key":"REST"},{"data":"Pommel Strike","floor":40,"key":"SMITH"},{"data":"Pommel Strike","floor":42,"key":"SMITH"},{"floor":49,"key":"REST"}],"neow_cost":"NONE","seed_source_timestamp":20578678901585,"circlet_count":0,"master_deck":["Defend_R","Defend_R","Defend_R","Bash","Cleave+1","Shrug It Off","Combust","Iron Wave","Impervious","Pommel Strike+1","Inflame+1","Blood for Blood+1","Offering","Battle Trance","Limit Break+1","Pommel Strike+1","Heavy Blade+1","Iron Wave+1","Reaper+1","Armaments+1","Dark Shackles","Rage+1","Battle Trance+1"],"relics":["Burning Blood","Ancient Tea Set","Bag of Preparation","Happy Flower","Champion Belt","Empty Cage","Dream Catcher","Molten Egg 2","Philosopher\u0027s Stone","Juzu Bracelet","Red Mask"],"potions_floor_usage":[6,22,22,24,31,50,50],"damage_taken":[{"damage":1,"enemies":"Cultist","floor":1,"turns":3},{"damage":5,"enemies":"2 Louse","floor":4,"turns":3},{"damage":9,"enemies":"Jaw Worm","floor":5,"turns":3},{"damage":34,"enemies":"Lagavulin","floor":6,"turns":9},{"damage":0,"enemies":"2 Fungi Beasts","floor":10,"turns":2},{"damage":1,"enemies":"Exordium Thugs","floor":12,"turns":5},{"damage":0,"enemies":"Looter","floor":14,"turns":2},{"damage":13,"enemies":"Slime Boss","floor":16,"turns":7},{"damage":22,"enemies":"2 Thieves","floor":18,"turns":3},{"damage":18,"enemies":"Shell Parasite","floor":21,"turns":5},{"damage":13,"enemies":"3 Cultists","floor":22,"turns":3},{"damage":8,"enemies":"Gremlin Leader","floor":24,"turns":3},{"damage":8,"enemies":"Snake Plant","floor":28,"turns":3},{"damage":20,"enemies":"Centurion and Healer","floor":31,"turns":3},{"damage":56,"enemies":"Collector","floor":33,"turns":6},{"damage":37,"enemies":"3 Darklings","floor":35,"turns":3},{"damage":25,"enemies":"3 Shapes","floor":38,"turns":3},{"damage":19,"enemies":"3 Darklings","floor":39,"turns":5},{"damage":11,"enemies":"Transient","floor":46,"turns":5},{"damage":19,"enemies":"Maw","floor":48,"turns":5},{"damage":42,"enemies":"Time Eater","floor":50,"turns":7}],"seed_played":"-5494199654893329703","potions_obtained":[{"floor":1,"key":"Weak Potion"},{"floor":6,"key":"SkillPotion"},{"floor":14,"key":"SteroidPotion"},{"floor":16,"key":"AttackPotion"},{"floor":22,"key":"Strength Potion"},{"floor":24,"key":"Strength Potion"},{"floor":35,"key":"Strength Potion"},{"floor":46,"key":"Regen Potion"}],"is_trial":false,"path_per_floor":["M","?","?","M","M","E","R","$","T","M","?","M","R","M","R","B",null,"M","$","?","M","M","R","E","R","T","$","M","?","$","M","R","B",null,"M","$","?","M","M","R","?","R","T","$","?","M","$","M","R","B",null],"character_chosen":"IRONCLAD","items_purchased":["Pommel Strike","Limit Break","Pommel Strike"],"campfire_rested":3,"item_purchase_floors":[8,19,19],"current_hp_per_floor":[77,70,63,64,61,33,33,33,33,39,39,44,44,50,50,43,71,55,55,47,35,28,52,50,50,50,50,48,48,48,34,58,8,62,63,63,63,65,52,52,52,52,52,52,52,47,47,46,70,49],"gold":25,"neow_bonus":"THREE_CARDS","is_prod":false,"is_daily":false,"chose_seed":false,"campfire_upgraded":6,"win_rate":0,"timestamp":1541743765,"path_taken":["M","?","?","M","M","E","R","$","T","?","?","M","R","M","R","BOSS","M","$","?","M","M","R","E","R","T","?","M","?","?","?","R","BOSS","M","$","?","M","M","R","?","R","T","$","?","M","?","M","R","BOSS"],"build_version":"2018-11-08","purchased_purges":3,"victory":true,"max_hp_per_floor":[80,80,80,80,80,80,80,80,80,80,80,80,80,80,80,80,80,80,80,80,80,80,80,80,80,80,80,80,80,80,80,80,80,80,80,80,80,80,80,80,80,80,80,80,80,80,80,80,80,80],"card_choices":[{"not_picked":["Whirlwind","Flex"],"picked":"Cleave","floor":0},{"not_picked":["Dual Wield","Warcry"],"picked":"Shrug It Off","floor":1},{"not_picked":["Corruption","Intimidate"],"picked":"Combust","floor":4},{"not_picked":["Warcry","Perfected Strike"],"picked":"Iron Wave","floor":5},{"not_picked":["Twin Strike","Shockwave"],"picked":"Impervious","floor":6},{"not_picked":["Twin Strike","Sword Boomerang"],"picked":"Inflame","floor":10},{"not_picked":["Warcry","Rampage","Second Wind"],"picked":"SKIP","floor":12},{"not_picked":["Rupture","Wild Strike"],"picked":"Blood for Blood","floor":14},{"not_picked":["Demon Form","Juggernaut"],"picked":"Offering","floor":16},{"not_picked":["Sword Boomerang","Thunderclap"],"picked":"Battle Trance","floor":18},{"not_picked":["Twin Strike","Wild Strike+1","Perfected Strike"],"picked":"SKIP","floor":21},{"not_picked":["Armaments","Whirlwind","Cleave"],"picked":"SKIP","floor":22},{"not_picked":["Armaments","Whirlwind","Cleave"],"picked":"SKIP","floor":22},{"not_picked":["Perfected Strike","Sentinel","Reckless Charge"],"picked":"SKIP","floor":24},{"not_picked":["Clothesline+1","Warcry"],"picked":"Heavy Blade+1","floor":28},{"not_picked":["Pummel+1","Sentinel"],"picked":"Iron Wave+1","floor":31},{"not_picked":["Impervious","Berserk"],"picked":"Reaper+1","floor":33},{"not_picked":["Power Through","Body Slam+1","Burning Pact"],"picked":"SKIP","floor":35},{"not_picked":["Metallicize+1","Iron Wave+1","Perfected Strike+1"],"picked":"SKIP","floor":38},{"not_picked":["Body Slam+1","Headbutt+1"],"picked":"Armaments+1","floor":39},{"not_picked":["Madness","Violence"],"picked":"Dark Shackles","floor":41},{"not_picked":["Body Slam+1","Metallicize","Cleave+1"],"picked":"SKIP","floor":46},{"not_picked":["Thunderclap+1","Power Through+1"],"picked":"Rage+1","floor":48},{"not_picked":["Entrench+1","Intimidate"],"picked":"Battle Trance+1","floor":49}],"player_experience":323722,"relics_obtained":[{"floor":6,"key":"Bag of Preparation"},{"floor":9,"key":"Happy Flower"},{"floor":24,"key":"Dream Catcher"},{"floor":26,"key":"Molten Egg 2"},{"floor":43,"key":"Juzu Bracelet"}],"event_choices":[{"damage_healed":0,"gold_gain":0,"player_choice":"Success","damage_taken":7,"relics_obtained":["Ancient Tea Set"],"max_hp_gain":0,"max_hp_loss":0,"event_name":"Scrap Ooze","floor":2,"gold_loss":0},{"cards_removed":["Strike_R"],"damage_healed":0,"gold_gain":0,"player_choice":"Card Removal","damage_taken":7,"max_hp_gain":0,"max_hp_loss":0,"event_name":"Golden Wing","floor":3,"gold_loss":0},{"damage_healed":0,"gold_gain":0,"player_choice":"Gave Potion","damage_taken":0,"relics_obtained":["Champion Belt"],"max_hp_gain":0,"max_hp_loss":0,"event_name":"WeMeetAgain","floor":11,"gold_loss":0},{"damage_healed":0,"gold_gain":0,"player_choice":"","damage_taken":8,"max_hp_gain":0,"max_hp_loss":0,"event_name":"Knowing Skull","floor":20,"potions_obtained":[],"gold_loss":0,"cards_obtained":[]},{"damage_healed":0,"gold_gain":0,"player_choice":"Ignored","damage_taken":0,"max_hp_gain":0,"max_hp_loss":0,"event_name":"Cursed Tome","floor":29,"gold_loss":0},{"damage_healed":0,"gold_gain":0,"player_choice":"Ignored","damage_taken":0,"max_hp_gain":0,"max_hp_loss":0,"event_name":"Mysterious Sphere","floor":37,"gold_loss":0},{"damage_healed":0,"gold_gain":0,"player_choice":"Memory 1","damage_taken":0,"max_hp_gain":0,"max_hp_loss":0,"event_name":"SensoryStone","floor":41,"gold_loss":0},{"damage_healed":0,"gold_gain":0,"player_choice":"Paid","damage_taken":0,"relics_obtained":["Red Mask"],"max_hp_gain":0,"max_hp_loss":0,"event_name":"Tomb of Lord Red Mask","floor":45,"gold_loss":88}],"is_beta":false,"boss_relics":[{"not_picked":["Astrolabe","Runic Pyramid"],"picked":"Empty Cage"},{"not_picked":["Orrery","Runic Dome"],"picked":"Philosopher\u0027s Stone"}],"items_purged_floors":[8,27,36],"is_endless":false,"potions_floor_spawned":[1,6,14,16,22,24,35,46],"ascension_level":7}