{"gold_per_floor":[114,181,196,196,15,53,53,91,91,129,129,54,92,111,111,236,236,255,105,20,39,58,96,115,115,140,140,178,277,296,315,315,440,440,459,478,102,125,144,182,182,220,270,308,641,0,0,30,30,30],"floor_reached":51,"playtime":2746,"items_purged":["Injury"],"score":1104,"play_id":"b484d677-3f8f-4ea3-8075-e06d69a4d1ee","local_time":"20190302002744","daily_mods":["Draft","Time Dilation","Elite Swarm"],"is_ascension_mode":false,"campfire_choices":[{"data":"Backstab","floor":7,"key":"SMITH"},{"floor":15,"key":"REST"},{"data":"Night Terror","floor":27,"key":"SMITH"},{"floor":32,"key":"REST"},{"data":"Envenom","floor":41,"key":"SMITH"},{"data":"Dramatic Entrance","floor":49,"key":"SMITH"}],"neow_cost":"","seed_source_timestamp":0,"circlet_count":0,"master_deck":["Blade Dance","Prepared","Poisoned Stab+1","PiercingWail","Bouncing Flask","Deflect","Backstab","Backstab+1","Flying Knee","Flying Knee","Deadly Poison","Outmaneuver","Deadly Poison","Blade Dance","Eviscerate","Acrobatics","Acrobatics","Apotheosis+1","Adrenaline","Die Die Die+1","Venomology+1","Die Die Die","Outmaneuver","A Thousand Cuts","PiercingWail+1","Caltrops+1","Skewer","Night Terror+1","Terror+1","Writhe","Adrenaline","Masterful Stab","Adrenaline","Noxious Fumes+1","PiercingWail+1","Blade Dance","Deadly Poison","Flying Knee","Envenom+1","Adrenaline","Die Die Die","Secret Weapon","Violence","Dramatic Entrance+1","Tools of the Trade"],"special_seed":17957,"relics":["Ring of the Snake","Snake Skull","Pen Nib","Paper Crane","Whetstone","Mercury Hourglass","Cursed Key","Regal Pillow","Turnip","Art of War","MutagenicStrength","PreservedInsect","FossilizedHelix","Lizard Tail","Anchor","Strange Spoon","StoneCalendar","Omamori","Pear","Orichalcum","Calipers","Red Mask","Nunchaku"],"potions_floor_usage":[16,16,18,21,22,23,23,24,24,28,30,33,33,33,40,42,42,44,48,50,50],"damage_taken":[{"damage":0,"enemies":"Small Slimes","floor":1,"turns":1},{"damage":0,"enemies":"2 Louse","floor":3,"turns":1},{"damage":14,"enemies":"3 Sentries","floor":6,"turns":4},{"damage":0,"enemies":"Gremlin Nob","floor":8,"turns":2},{"damage":9,"enemies":"3 Sentries","floor":10,"turns":4},{"damage":0,"enemies":"Gremlin Nob","floor":13,"turns":1},{"damage":0,"enemies":"Jaw Worm","floor":14,"turns":1},{"damage":6,"enemies":"Hexaghost","floor":16,"turns":5},{"damage":6,"enemies":"Chosen","floor":18,"turns":2},{"damage":0,"enemies":"Spheric Guardian","floor":21,"turns":1},{"damage":0,"enemies":"Chosen and Byrds","floor":22,"turns":2},{"damage":9,"enemies":"Slavers","floor":23,"turns":3},{"damage":3,"enemies":"Sentry and Sphere","floor":24,"turns":3},{"damage":0,"enemies":"Gremlin Leader","floor":28,"turns":2},{"damage":11,"enemies":"Cultist and Chosen","floor":30,"turns":3},{"damage":0,"enemies":"3 Cultists","floor":31,"turns":2},{"damage":4,"enemies":"Automaton","floor":33,"turns":5},{"damage":0,"enemies":"3 Darklings","floor":35,"turns":2},{"damage":0,"enemies":"3 Shapes","floor":36,"turns":2},{"damage":1,"enemies":"2 Orb Walkers","floor":38,"turns":4},{"damage":0,"enemies":"Spire Growth","floor":39,"turns":2},{"damage":0,"enemies":"Nemesis","floor":40,"turns":3},{"damage":0,"enemies":"Giant Head","floor":42,"turns":5},{"damage":0,"enemies":"Reptomancer","floor":44,"turns":2},{"damage":0,"enemies":"Nemesis","floor":48,"turns":3},{"damage":0,"enemies":"Time Eater","floor":50,"turns":7}],"seed_played":"5564049522342379639","potions_obtained":[{"floor":6,"key":"Ancient Potion"},{"floor":8,"key":"FearPotion"},{"floor":16,"key":"AttackPotion"},{"floor":23,"key":"LiquidBronze"},{"floor":24,"key":"AttackPotion"},{"floor":28,"key":"Strength Potion"},{"floor":31,"key":"Block Potion"},{"floor":33,"key":"Energy Potion"},{"floor":38,"key":"AttackPotion"},{"floor":40,"key":"AttackPotion"},{"floor":42,"key":"SkillPotion"},{"floor":44,"key":"AttackPotion"},{"floor":48,"key":"Strength Potion"}],"is_trial":false,"path_per_floor":["M","?","M","?","$","E","R","E","T","E","?","$","E","M","R","B",null,"M","$","?","M","M","E","M","?","T","R","E","?","M","M","R","B",null,"M","M","$","?","M","E","R","E","T","E","?","?","?","E","R","B",null],"character_chosen":"THE_SILENT","items_purchased":["Apotheosis","Regal Pillow","Anchor","Strange Spoon","Blade Dance"],"campfire_rested":2,"item_purchase_floors":[5,19,37,37,37],"current_hp_per_floor":[70,70,70,70,70,56,56,56,56,47,33,33,33,33,54,48,70,64,64,64,64,64,55,52,52,52,52,52,52,41,41,70,66,70,70,70,70,69,69,69,69,79,79,79,79,79,69,69,69,69],"gold":30,"neow_bonus":"","is_prod":false,"is_daily":true,"chose_seed":false,"campfire_upgraded":4,"win_rate":0,"timestamp":1551504464,"path_taken":["M","?","M","?","?","E","R","E","T","E","?","?","E","M","R","BOSS","M","$","?","M","M","E","M","?","T","R","E","?","M","M","R","BOSS","M","M","$","?","M","E","R","E","T","E","?","?","?","E","R","BOSS"],"build_version":"2019-01-23","purchased_purges":1,"victory":true,"max_hp_per_floor":[70,70,70,70,70,70,70,70,70,70,70,70,70,70,70,70,70,70,70,70,70,70,70,70,70,70,70,70,70,70,70,70,70,70,70,70,70,70,70,70,70,80,80,80,80,80,80,80,80,80],"card_choices":[{"not_picked":["Flying Knee","Predator"],"picked":"Blade Dance","floor":0},{"not_picked":["Finisher","Well Laid Plans"],"picked":"Prepared","floor":0},{"not_picked":["Predator","Heel Hook"],"picked":"Poisoned Stab","floor":0},{"not_picked":["Well Laid Plans","Acrobatics"],"picked":"PiercingWail","floor":0},{"not_picked":["Quick Slash","PiercingWail"],"picked":"Bouncing Flask","floor":0},{"not_picked":["Bane","Distraction"],"picked":"Deflect","floor":0},{"not_picked":["Heel Hook","Cloak And Dagger"],"picked":"Backstab","floor":0},{"not_picked":["Sucker Punch","Cloak And Dagger"],"picked":"Backstab","floor":0},{"not_picked":["Underhanded Strike","Choke"],"picked":"Flying Knee","floor":0},{"not_picked":["Acrobatics","Poisoned Stab"],"picked":"Flying Knee","floor":0},{"not_picked":["Slice","Setup"],"picked":"Deadly Poison","floor":0},{"not_picked":["Blade Dance","Concentrate"],"picked":"Outmaneuver","floor":0},{"not_picked":["Deflect","Dagger Throw"],"picked":"Deadly Poison","floor":0},{"not_picked":["Finisher","Caltrops"],"picked":"Blade Dance","floor":0},{"not_picked":["PiercingWail","Outmaneuver"],"picked":"Eviscerate","floor":0},{"not_picked":["Outmaneuver","Calculated Gamble"],"picked":"Acrobatics","floor":1},{"not_picked":["Sucker Punch","Heel Hook"],"picked":"Acrobatics","floor":3},{"not_picked":["Envenom","Glass Knife"],"picked":"Adrenaline","floor":6},{"not_picked":["Grand Finale","Night Terror"],"picked":"Die Die Die","floor":8},{"not_picked":["Corpse Explosion","Storm of Steel"],"picked":"Venomology","floor":10},{"not_picked":["Night Terror","Bullet Time"],"picked":"Die Die Die","floor":13},{"not_picked":["Escape Plan","Eviscerate"],"picked":"Outmaneuver","floor":14},{"not_picked":["Die Die Die","Burst"],"picked":"A Thousand Cuts","floor":16},{"not_picked":["Dodge and Roll","Acrobatics"],"picked":"PiercingWail+1","floor":18},{"not_picked":["Poisoned Stab+1","Deflect"],"picked":"Caltrops+1","floor":21},{"not_picked":["Dagger Throw","Deflect"],"picked":"Skewer","floor":22},{"not_picked":["Die Die Die","Wraith Form v2"],"picked":"Night Terror","floor":23},{"not_picked":["Crippling Poison","Outmaneuver"],"picked":"Terror+1","floor":24},{"not_picked":["Bullet Time","Phantasmal Killer"],"picked":"Adrenaline","floor":28},{"not_picked":["Slice","Underhanded Strike","Tactician"],"picked":"SKIP","floor":30},{"not_picked":["Skewer","Choke+1"],"picked":"Masterful Stab","floor":31},{"not_picked":["Tools of the Trade","A Thousand Cuts"],"picked":"Adrenaline","floor":33},{"not_picked":["Blade Dance+1","Cloak And Dagger"],"picked":"Noxious Fumes+1","floor":35},{"not_picked":["Prepared+1","Poisoned Stab+1"],"picked":"PiercingWail+1","floor":36},{"not_picked":["Calculated Gamble","Well Laid Plans"],"picked":"Deadly Poison","floor":38},{"not_picked":["Deadly Poison","PiercingWail"],"picked":"Flying Knee","floor":39},{"not_picked":["Wraith Form v2","Tools of the Trade"],"picked":"Envenom","floor":40},{"not_picked":["Wraith Form v2","Envenom"],"picked":"Adrenaline","floor":42},{"not_picked":["Unload","Burst"],"picked":"Die Die Die","floor":44},{"not_picked":["Finesse","Good Instincts"],"picked":"Secret Weapon","floor":47},{"not_picked":["Good Instincts","Metamorphosis"],"picked":"Violence","floor":47},{"not_picked":["Forethought","Purity"],"picked":"Dramatic Entrance","floor":47},{"not_picked":["Corpse Explosion","Bullet Time"],"picked":"Tools of the Trade","floor":48}],"player_experience":378691,"relics_obtained":[{"floor":6,"key":"Snake Skull"},{"floor":8,"key":"Pen Nib"},{"floor":9,"key":"Paper Crane"},{"floor":10,"key":"Whetstone"},{"floor":13,"key":"Mercury Hourglass"},{"floor":23,"key":"Art of War"},{"floor":26,"key":"PreservedInsect"},{"floor":28,"key":"FossilizedHelix"},{"floor":38,"key":"StoneCalendar"},{"floor":40,"key":"Omamori"},{"floor":42,"key":"Pear"},{"floor":43,"key":"Orichalcum"},{"floor":44,"key":"Calipers"},{"floor":48,"key":"Nunchaku"}],"event_choices":[{"damage_healed":0,"gold_gain":67,"player_choice":"Gained Gold","damage_taken":0,"max_hp_gain":0,"max_hp_loss":0,"event_name":"Golden Wing","floor":2,"gold_loss":0},{"damage_healed":0,"gold_gain":0,"player_choice":"Take Wound","damage_taken":0,"relics_obtained":["Golden Idol"],"max_hp_gain":0,"max_hp_loss":0,"event_name":"Golden Idol","floor":4,"gold_loss":0,"cards_obtained":["Injury"]},{"damage_healed":0,"gold_gain":0,"player_choice":"Entered Light","damage_taken":14,"max_hp_gain":0,"max_hp_loss":0,"event_name":"Shining Light","floor":11,"gold_loss":0,"cards_upgraded":["Venomology","Apotheosis"]},{"damage_healed":0,"gold_gain":0,"player_choice":"Obtained Relic","damage_taken":0,"relics_obtained":["Turnip"],"max_hp_gain":0,"max_hp_loss":0,"event_name":"Addict","floor":20,"gold_loss":85},{"damage_healed":0,"gold_gain":0,"player_choice":"Inject Mutagens","damage_taken":0,"relics_obtained":["MutagenicStrength"],"max_hp_gain":0,"max_hp_loss":0,"event_name":"Drug Dealer","floor":25,"gold_loss":0},{"damage_healed":0,"gold_gain":99,"player_choice":"Stole From Cult","damage_taken":0,"max_hp_gain":0,"max_hp_loss":0,"event_name":"Nest","floor":29,"gold_loss":0},{"damage_healed":0,"gold_gain":0,"player_choice":"Fight","damage_taken":0,"max_hp_gain":0,"max_hp_loss":0,"event_name":"Mysterious Sphere","floor":38,"gold_loss":0},{"damage_healed":0,"gold_gain":333,"player_choice":"Gave Idol","damage_taken":0,"max_hp_gain":0,"max_hp_loss":0,"event_name":"The Moai Head","floor":45,"relics_lost":["Golden Idol"],"gold_loss":0},{"damage_healed":0,"gold_gain":0,"player_choice":"Paid","damage_taken":0,"relics_obtained":["Red Mask"],"max_hp_gain":0,"max_hp_loss":0,"event_name":"Tomb of Lord Red Mask","floor":46,"gold_loss":641},{"damage_healed":0,"gold_gain":0,"player_choice":"Memory 3","damage_taken":10,"max_hp_gain":0,"max_hp_loss":0,"event_name":"SensoryStone","floor":47,"gold_loss":0}],"is_beta":false,"boss_relics":[{"not_picked":["Coffee Dripper","Empty Cage"],"picked":"Cursed Key"},{"not_picked":["Eternal Feather","White Beast Statue"],"picked":"Lizard Tail"}],"items_purged_floors":[12],"is_endless":false,"potions_floor_spawned":[6,8,16,23,24,28,31,33,38,40,42,44,48],"ascension_level":0}