{"gold_per_floor":[113,123,135,147,147,183,195,251,263,450,462,493,273,314,314,433,433,453,442,64,77,95,95],"floor_reached":23,"playtime":1376,"items_purged":["Doubt","Injury"],"score":341,"play_id":"e23e46b4-faa3-4517-a646-33754210ac91","local_time":"20190429185333","is_ascension_mode":true,"campfire_choices":[{"floor":7,"key":"REST"},{"data":"A Thousand Cuts","floor":11,"key":"SMITH"},{"data":"Wraith Form v2","floor":15,"key":"SMITH"}],"neow_cost":"NONE","seed_source_timestamp":377205516758008,"circlet_count":0,"master_deck":["AscendersBane","Defend_G","Defend_G","Defend_G","Defend_G","Defend_G","Strike_G","Strike_G","Strike_G","Strike_G","Strike_G","Survivor","Neutralize","Dash","Riddle With Holes","Backflip","A Thousand Cuts+1","Underhanded Strike","Wraith Form v2+1","Malaise","Underhanded Strike","Dodge and Roll+1","Dash","Choke"],"relics":["Snecko Eye","Golden Idol","MawBank","Ancient Tea Set","Regal Pillow","Oddly Smooth Stone","Blue Candle","Philosopher\u0027s Stone","Chemical X"],"potions_floor_usage":[6,16,22,23],"damage_taken":[{"damage":4,"enemies":"Jaw Worm","floor":1,"turns":5},{"damage":6,"enemies":"Small Slimes","floor":2,"turns":5},{"damage":0,"enemies":"2 Louse","floor":3,"turns":4},{"damage":0,"enemies":"2 Fungi Beasts","floor":4,"turns":2},{"damage":23,"enemies":"Gremlin Nob","floor":6,"turns":4},{"damage":7,"enemies":"Lagavulin","floor":8,"turns":8},{"damage":0,"enemies":"Exordium Thugs","floor":12,"turns":4},{"damage":4,"enemies":"3 Sentries","floor":14,"turns":5},{"damage":26,"enemies":"Slime Boss","floor":16,"turns":7},{"damage":8,"enemies":"Spheric Guardian","floor":18,"turns":4},{"damage":6,"enemies":"2 Thieves","floor":19,"turns":4},{"damage":6,"enemies":"Snake Plant","floor":21,"turns":7},{"damage":5,"enemies":"Centurion and Healer","floor":22,"turns":6},{"damage":15,"enemies":"Gremlin Leader","floor":23,"turns":8}],"seed_played":"-399590115406435941","potions_obtained":[{"floor":2,"key":"GamblersBrew"},{"floor":4,"key":"Strength Potion"},{"floor":8,"key":"SteroidPotion"},{"floor":14,"key":"Dexterity Potion"},{"floor":16,"key":"PowerPotion"}],"is_trial":false,"path_per_floor":["M","M","M","M","?","E","R","E","T","?","R","M","$","E","R","B",null,"M","M","$","M","M","E"],"character_chosen":"THE_SILENT","items_purchased":["Oddly Smooth Stone","Chemical X","Dash"],"campfire_rested":1,"item_purchase_floors":[13,20,20],"current_hp_per_floor":[59,53,53,53,53,30,51,44,44,44,44,44,44,40,40,14,56,48,42,42,36,31,16],"gold":95,"neow_bonus":"BOSS_RELIC","is_prod":false,"is_daily":false,"chose_seed":false,"campfire_upgraded":2,"win_rate":0,"timestamp":1556578413,"path_taken":["M","M","M","M","?","E","R","E","T","?","R","M","$","E","R","BOSS","M","M","$","M","M","E"],"build_version":"2019-01-23","purchased_purges":2,"victory":false,"max_hp_per_floor":[70,70,70,70,70,70,70,70,70,70,70,70,70,70,70,70,70,70,70,70,70,70,70],"card_choices":[{"not_picked":["Slice","Flying Knee","Bane"],"picked":"SKIP","floor":1},{"not_picked":["Heel Hook","Deflect"],"picked":"Dash","floor":2},{"not_picked":["Calculated Gamble","Endless Agony"],"picked":"Riddle With Holes","floor":3},{"not_picked":["Cloak And Dagger","Bane"],"picked":"Backflip","floor":4},{"not_picked":["PiercingWail","Endless Agony"],"picked":"A Thousand Cuts","floor":6},{"not_picked":["Concentrate","Deflect"],"picked":"Underhanded Strike","floor":8},{"not_picked":["Slice","Blade Dance","Dodge and Roll"],"picked":"SKIP","floor":12},{"not_picked":["Quick Slash","Skewer"],"picked":"Wraith Form v2","floor":14},{"not_picked":["Glass Knife","Adrenaline"],"picked":"Malaise","floor":16},{"not_picked":["Sucker Punch","Endless Agony+1"],"picked":"Underhanded Strike","floor":18},{"not_picked":["Slice+1","Bane"],"picked":"Dodge and Roll+1","floor":19},{"not_picked":["Backflip","Infinite Blades"],"picked":"Choke","floor":21},{"not_picked":["Tools of the Trade","Bane+1","Dodge and Roll"],"picked":"SKIP","floor":22}],"player_experience":471221,"relics_obtained":[{"floor":6,"key":"MawBank"},{"floor":8,"key":"Ancient Tea Set"},{"floor":9,"key":"Regal Pillow"},{"floor":14,"key":"Blue Candle"}],"event_choices":[{"damage_healed":0,"gold_gain":0,"player_choice":"Take Wound","damage_taken":0,"relics_obtained":["Golden Idol"],"max_hp_gain":0,"max_hp_loss":0,"event_name":"Golden Idol","floor":5,"gold_loss":0,"cards_obtained":["Injury"]},{"damage_healed":0,"gold_gain":175,"player_choice":"AGREE","damage_taken":0,"max_hp_gain":0,"max_hp_loss":0,"event_name":"Liars Game","floor":10,"gold_loss":0,"cards_obtained":["Doubt"]}],"is_beta":false,"boss_relics":[{"not_picked":["Cursed Key","Tiny House"],"picked":"Philosopher\u0027s Stone"}],"items_purged_floors":[13,20],"is_endless":false,"potions_floor_spawned":[2,4,8,12,14,16,19],"killed_by":"Gremlin Leader","ascension_level":12}