{"gold_per_floor":[110,121,196,208,238,238,238,313,339,351,397,32,43,53,53,158,158,174,273,225,239,251,282,282],"floor_reached":24,"playtime":1137,"items_purged":[],"score":270,"play_id":"bd03aaa1-a409-46e8-84db-a4b6cc0bab82","local_time":"20181101030130","is_ascension_mode":true,"campfire_choices":[{"data":"Zap","floor":6,"key":"SMITH"},{"floor":15,"key":"REST"}],"neow_cost":"NONE","seed_source_timestamp":8224777865335,"circlet_count":0,"master_deck":["Strike_B","Strike_B","Strike_B","Strike_B","Defend_B","Defend_B","Defend_B","Defend_B","Zap+1","Dualcast","Conserve Battery","Cold Snap","Undo","Beam Cell","Mayhem+1","Streamline","Chill","Conserve Battery","Hyperbeam","Rebound","Hologram","Undo"],"relics":["Cracked Core","Ancient Tea Set","Tiny Chest","Orichalcum","MawBank","Frozen Egg 2","Vajra","Anchor","Velvet Choker","Oddly Smooth Stone"],"potions_floor_usage":[11,14,23,23],"damage_taken":[{"damage":8,"enemies":"Small Slimes","floor":1,"turns":2},{"damage":0,"enemies":"Cultist","floor":2,"turns":4},{"damage":0,"enemies":"Jaw Worm","floor":4,"turns":3},{"damage":9,"enemies":"3 Sentries","floor":11,"turns":7},{"damage":6,"enemies":"3 Louse","floor":13,"turns":3},{"damage":7,"enemies":"Blue Slaver","floor":14,"turns":3},{"damage":4,"enemies":"The Guardian","floor":16,"turns":11},{"damage":19,"enemies":"2 Thieves","floor":18,"turns":4},{"damage":0,"enemies":"Chosen","floor":21,"turns":3},{"damage":10,"enemies":"Shelled Parasite and Fungi","floor":22,"turns":6},{"damage":38,"enemies":"Gremlin Leader","floor":23,"turns":8}],"seed_played":"3473764389770926286","potions_obtained":[{"floor":1,"key":"Strength Potion"},{"floor":2,"key":"Explosive Potion"},{"floor":13,"key":"Fruit Juice"},{"floor":14,"key":"PowerPotion"}],"is_trial":false,"path_per_floor":["M","M","?","M","?","R","T","?","T","T","E","$","M","M","R","B",null,"M","?","$","M","M","E"],"character_chosen":"DEFECT","items_purchased":["Mayhem+1","Streamline","Anchor","Rebound"],"campfire_rested":1,"item_purchase_floors":[12,12,12,20],"current_hp_per_floor":[67,67,60,60,57,57,57,46,46,46,37,37,31,29,53,49,72,53,53,53,53,43,5,0],"gold":282,"neow_bonus":"RANDOM_COMMON_RELIC","is_prod":false,"is_daily":false,"chose_seed":false,"campfire_upgraded":1,"win_rate":0,"timestamp":1541052090,"path_taken":["M","M","?","M","?","R","?","?","T","?","E","$","M","M","R","BOSS","M","?","$","M","M","E","?"],"build_version":"2018-10-25v2","purchased_purges":0,"victory":false,"max_hp_per_floor":[75,75,75,75,75,75,75,75,75,75,75,75,75,80,80,80,80,80,80,80,80,80,80,80],"card_choices":[{"not_picked":["Heatsinks","Cold Snap"],"picked":"Conserve Battery","floor":1},{"not_picked":["Hello World","Static Discharge"],"picked":"Cold Snap","floor":2},{"not_picked":["Go for the Eyes","Doom and Gloom"],"picked":"Undo","floor":4},{"not_picked":["Cold Snap","Static Discharge+1"],"picked":"Beam Cell","floor":11},{"not_picked":["Capacitor+1","Cold Snap"],"picked":"Chill","floor":13},{"not_picked":["Hologram","Redo"],"picked":"Conserve Battery","floor":14},{"not_picked":["Meteor Strike","Echo Form+1"],"picked":"Hyperbeam","floor":16},{"not_picked":["Turbo+1","Beam Cell","Sunder+1"],"picked":"SKIP","floor":18},{"not_picked":["Capacitor+1","Coolheaded+1"],"picked":"Hologram","floor":21},{"not_picked":["Hologram","Skim+1"],"picked":"Undo","floor":22},{"not_picked":["Hologram","Glacier","Defragment+1"],"picked":"SKIP","floor":23}],"player_experience":222615,"relics_obtained":[{"floor":7,"key":"Orichalcum"},{"floor":9,"key":"MawBank"},{"floor":10,"key":"Frozen Egg 2"},{"floor":11,"key":"Vajra"},{"floor":23,"key":"Oddly Smooth Stone"}],"event_choices":[{"damage_healed":0,"gold_gain":75,"player_choice":"Touch","damage_taken":7,"max_hp_gain":0,"max_hp_loss":0,"event_name":"FaceTrader","floor":3,"gold_loss":0},{"damage_healed":0,"gold_gain":0,"player_choice":"Success","damage_taken":3,"relics_obtained":["Tiny Chest"],"max_hp_gain":0,"max_hp_loss":0,"event_name":"Scrap Ooze","floor":5,"gold_loss":0},{"damage_healed":0,"gold_gain":75,"player_choice":"Gather Gold","damage_taken":11,"max_hp_gain":0,"max_hp_loss":0,"event_name":"World of Goop","floor":8,"gold_loss":0},{"damage_healed":0,"gold_gain":99,"player_choice":"Stole From Cult","damage_taken":0,"max_hp_gain":0,"max_hp_loss":0,"event_name":"Nest","floor":19,"gold_loss":0}],"is_beta":false,"boss_relics":[{"not_picked":["FrozenCore","Snecko Eye"],"picked":"Velvet Choker"}],"items_purged_floors":[],"is_endless":false,"potions_floor_spawned":[1,2,13,14],"ascension_level":5}