{"gold_per_floor":[116,116,131,144,155,483,483,493,493,523,523,523,537,96,96,192,192,205,205,238,250,79,112,112,144,144,157,175,195,213,242,242,339,339,351,86,308,354,93,93,122,84,84,39,64,75,75,110,110,110],"floor_reached":51,"playtime":2278,"items_purged":[],"score":1016,"play_id":"66c5f8b4-0151-4478-a9df-03d293b1c4da","local_time":"20180921191615","is_ascension_mode":true,"campfire_choices":[{"floor":12,"key":"REST"},{"data":"Electrodynamics","floor":15,"key":"SMITH"},{"data":"Machine Learning","floor":24,"key":"SMITH"},{"floor":32,"key":"REST"},{"data":"White Noise","floor":40,"key":"SMITH"},{"floor":47,"key":"REST"},{"data":"White Noise","floor":49,"key":"SMITH"}],"neow_cost":"NONE","seed_source_timestamp":622708298477058,"circlet_count":0,"master_deck":["Strike_B","Strike_B","Strike_B","Strike_B","Defend_B","Defend_B+1","Defend_B","Defend_B+1","Zap","Dualcast","Beam Cell","Regret","BootSequence","Go for the Eyes","Stack","Electrodynamics+1","Parasite","Compile Driver","Sweeping Beam","Redo","Go for the Eyes","Machine Learning+1","Redo+1","White Noise+1","Redo","Rebound","Rebound","Stack","Lockon","Genetic Algorithm","Gash","Redo","Capacitor","Compile Driver","Rainbow","Steam Power","Static Discharge","Gash+1","Self Repair","White Noise+1","Static Discharge","Gash","Scrape+1","Gash+1","Tempest+1"],"relics":["Cracked Core","War Paint","Mango","Old Coin","Gambling Chip","Bird Faced Urn","Orichalcum","Anchor","Bottled Tornado","Busted Crown","Red Mask","Lantern","Mercury Hourglass","Meat on the Bone","Girya","PreservedInsect","Inserter","Toolbox","Incense Burner","Boot","Smiling Mask","Omamori","Ancient Tea Set","WingedGreaves"],"potions_floor_usage":[16,16,16,28,31,31,33,45],"damage_taken":[{"damage":0,"enemies":"2 Louse","floor":1,"turns":2},{"damage":6,"enemies":"Jaw Worm","floor":3,"turns":2},{"damage":3,"enemies":"Cultist","floor":4,"turns":3},{"damage":5,"enemies":"2 Fungi Beasts","floor":5,"turns":4},{"damage":36,"enemies":"Gremlin Nob","floor":6,"turns":5},{"damage":3,"enemies":"Exordium Wildlife","floor":8,"turns":4},{"damage":9,"enemies":"3 Sentries","floor":10,"turns":3},{"damage":8,"enemies":"Large Slime","floor":13,"turns":3},{"damage":28,"enemies":"The Guardian","floor":16,"turns":12},{"damage":0,"enemies":"Chosen","floor":18,"turns":4},{"damage":2,"enemies":"Masked Bandits","floor":20,"turns":2},{"damage":0,"enemies":"3 Byrds","floor":21,"turns":1},{"damage":26,"enemies":"Slavers","floor":23,"turns":3},{"damage":25,"enemies":"Gremlin Leader","floor":25,"turns":4},{"damage":0,"enemies":"3 Cultists","floor":27,"turns":2},{"damage":0,"enemies":"Snake Plant","floor":28,"turns":3},{"damage":6,"enemies":"Centurion and Healer","floor":29,"turns":3},{"damage":0,"enemies":"Cultist and Chosen","floor":30,"turns":3},{"damage":28,"enemies":"Book of Stabbing","floor":31,"turns":4},{"damage":60,"enemies":"Collector","floor":33,"turns":7},{"damage":3,"enemies":"3 Darklings","floor":35,"turns":3},{"damage":0,"enemies":"Mysterious Sphere","floor":38,"turns":3},{"damage":68,"enemies":"Giant Head","floor":41,"turns":9},{"damage":44,"enemies":"Nemesis","floor":45,"turns":5},{"damage":4,"enemies":"3 Shapes","floor":46,"turns":2},{"damage":31,"enemies":"Giant Head","floor":48,"turns":7},{"damage":65,"enemies":"Donu and Deca","floor":50,"turns":6}],"seed_played":"-320911953409434679","potions_obtained":[{"floor":1,"key":"Energy Potion"},{"floor":8,"key":"LiquidBronze"},{"floor":13,"key":"Ancient Potion"},{"floor":21,"key":"Energy Potion"},{"floor":23,"key":"FearPotion"},{"floor":27,"key":"Ancient Potion"},{"floor":28,"key":"EssenceOfSteel"},{"floor":29,"key":"PowerPotion"},{"floor":30,"key":"SkillPotion"},{"floor":41,"key":"Block Potion"}],"is_trial":false,"path_per_floor":["M","?","M","M","M","E","?","M","T","E","?","R","M","$","R","B",null,"M","?","?","M","$","E","R","E","T","M","M","M","M","E","R","B",null,"M","$","?","?","$","R","E","$","T","$","E","M","R","E","R","B"],"character_chosen":"DEFECT","items_purchased":["Anchor","Bottled Tornado","Go for the Eyes","Lantern","Rebound","Toolbox","Static Discharge","Boot","Self Repair","White Noise","Static Discharge","Gash"],"campfire_rested":3,"item_purchase_floors":[14,14,14,22,22,36,36,39,39,39,42,44],"current_hp_per_floor":[75,89,83,80,75,39,61,58,58,49,31,57,51,51,51,25,89,89,89,89,89,89,65,65,46,46,50,54,54,60,54,80,40,89,86,86,86,89,89,89,42,42,42,42,31,52,78,70,70,40],"gold":110,"neow_bonus":"RANDOM_COMMON_RELIC","is_prod":false,"is_daily":false,"chose_seed":false,"campfire_upgraded":4,"win_rate":0,"timestamp":1537571775,"path_taken":["M","?","?","M","M","E","?","M","T","E","?","R","M","?","R","BOSS","M","?","?","M","$","E","R","E","T","?","M","M","?","E","R","BOSS","M","$","?","?","$","R","E","$","T","?","E","M","R","E","R","BOSS"],"build_version":"2018-09-20","purchased_purges":0,"victory":true,"max_hp_per_floor":[75,89,89,89,89,89,89,89,89,89,89,89,89,89,89,89,89,89,89,89,89,89,89,89,89,89,89,89,89,89,89,89,89,89,89,89,89,89,89,89,89,89,89,89,89,89,89,89,89,89],"card_choices":[{"not_picked":["Steam Power","Hologram"],"picked":"Beam Cell","floor":1},{"not_picked":["Rebound","Chaos"],"picked":"BootSequence","floor":3},{"not_picked":["Beam Cell","Fusion"],"picked":"Go for the Eyes","floor":4},{"not_picked":["Rebound","Scrape"],"picked":"Stack","floor":5},{"not_picked":["Hello World","Gash"],"picked":"Electrodynamics","floor":6},{"not_picked":["Steam Power","Beam Cell"],"picked":"Compile Driver","floor":8},{"not_picked":["Tempest","Cold Snap"],"picked":"Sweeping Beam","floor":10},{"not_picked":["Scrape","Rebound"],"picked":"Redo","floor":13},{"not_picked":["Creative AI","Electrodynamics"],"picked":"Machine Learning","floor":16},{"not_picked":[],"picked":"Redo+1","floor":18},{"not_picked":[],"picked":"Redo","floor":20},{"not_picked":[],"picked":"Rebound","floor":21},{"not_picked":[],"picked":"Stack","floor":23},{"not_picked":[],"picked":"Lockon","floor":25},{"not_picked":[],"picked":"Genetic Algorithm","floor":27},{"not_picked":[],"picked":"Gash","floor":28},{"not_picked":[],"picked":"Redo","floor":29},{"not_picked":[],"picked":"Capacitor","floor":30},{"not_picked":[],"picked":"Compile Driver","floor":31},{"not_picked":[],"picked":"Rainbow","floor":33},{"not_picked":[],"picked":"Steam Power","floor":35},{"not_picked":[],"picked":"Gash+1","floor":38},{"not_picked":["Blizzard"],"picked":"SKIP","floor":41},{"not_picked":[],"picked":"Scrape+1","floor":45},{"not_picked":[],"picked":"Gash+1","floor":46},{"not_picked":[],"picked":"Tempest+1","floor":48}],"player_experience":167398,"relics_obtained":[{"floor":6,"key":"Old Coin"},{"floor":9,"key":"Gambling Chip"},{"floor":10,"key":"Bird Faced Urn"},{"floor":20,"key":"Red Mask"},{"floor":23,"key":"Mercury Hourglass"},{"floor":25,"key":"Meat on the Bone"},{"floor":26,"key":"Girya"},{"floor":31,"key":"PreservedInsect"},{"floor":38,"key":"Incense Burner"},{"floor":41,"key":"Smiling Mask"},{"floor":43,"key":"Omamori"},{"floor":45,"key":"Ancient Tea Set"},{"floor":48,"key":"WingedGreaves"}],"event_choices":[{"event_name":"Big Fish","player_choice":"Box","floor":2,"damage_taken":0},{"event_name":"Mushrooms","player_choice":"Healed and dodged fight","floor":7,"damage_taken":0},{"event_name":"Scrap Ooze","player_choice":"success","floor":11,"damage_taken":18},{"event_name":"The Library","player_choice":"Read","floor":19,"damage_taken":0},{"event_name":"Masked Bandits","player_choice":"Fought Bandits","floor":20,"damage_taken":0},{"event_name":"Tomb of Lord Red Mask","player_choice":"Wore Mask","floor":37,"damage_taken":0},{"event_name":"Mysterious Sphere","player_choice":"Fight","floor":38,"damage_taken":0}],"is_beta":false,"boss_relics":[{"not_picked":["Nuclear Battery","Velvet Choker"],"picked":"Busted Crown"},{"not_picked":["Astrolabe","Runic Pyramid"],"picked":"Inserter"}],"items_purged_floors":[],"is_endless":false,"potions_floor_spawned":[1,8,13,21,23,27,28,29,30,41],"ascension_level":3}