{"gold_per_floor":[119,119,119,119,83,127,143,143,143,143,119,134,134,134,134,254,254,277,277,277,277,302,302,325,325,349,349,373,373],"floor_reached":29,"playtime":907,"items_purged":[],"score":219,"play_id":"80d68652-95b5-4896-ad20-e49b53cfe3b5","local_time":"20180914234332","is_ascension_mode":false,"campfire_choices":[{"floor":8,"key":"REST"},{"data":"Zap","floor":10,"key":"SMITH"},{"data":"Heatsinks","floor":13,"key":"SMITH"},{"floor":15,"key":"REST"},{"data":"Electrodynamics","floor":23,"key":"SMITH"},{"floor":25,"key":"REST"}],"neow_cost":"PERCENT_DAMAGE","seed_source_timestamp":35333020943535,"circlet_count":0,"master_deck":["Strike_B","Strike_B","Strike_B","Strike_B","Defend_B+1","Defend_B","Defend_B+1","Defend_B","Zap+1","Dualcast","Ball Lightning","Injury","Regret","FTL","Ball Lightning","Heatsinks+1","Gash","Cold Snap","Electrodynamics+1","Coolheaded+1","Turbo","Hello World","Coolheaded+1"],"relics":["Cracked Core","Mango","Golden Idol","Meat on the Bone","Centennial Puzzle","Bottled Lightning","Inserter","MutagenicStrength","Omamori"],"potions_floor_usage":[24,28],"damage_taken":[{"damage":0,"enemies":"Small Slimes","floor":1,"turns":5},{"damage":40,"enemies":"Lagavulin","floor":6,"turns":7},{"damage":6,"enemies":"Jaw Worm","floor":7,"turns":3},{"damage":0,"enemies":"2 Louse","floor":12,"turns":2},{"damage":59,"enemies":"The Guardian","floor":16,"turns":9},{"damage":40,"enemies":"2 Thieves","floor":18,"turns":4},{"damage":14,"enemies":"Spheric Guardian","floor":22,"turns":5},{"damage":33,"enemies":"Shelled Parasite and Fungi","floor":24,"turns":6},{"damage":14,"enemies":"Chosen and Byrds","floor":28,"turns":3},{"damage":55,"enemies":"Book of Stabbing","floor":29,"turns":6}],"seed_played":"5038220379611689085","potions_obtained":[{"floor":6,"key":"SteroidPotion"},{"floor":7,"key":"Swift Potion"},{"floor":22,"key":"Dexterity Potion"}],"is_trial":false,"path_per_floor":["M","?","?","?","$","E","M","R","T","R","$","M","R","?","R","B",null,"M","?","?","?","M","R","M","R","T","?","M"],"character_chosen":"DEFECT","items_purchased":["FTL","Gash"],"campfire_rested":3,"item_purchase_floors":[5,11],"current_hp_per_floor":[68,68,68,68,68,40,46,72,72,72,72,72,72,54,80,33,89,49,49,49,49,47,47,26,52,52,52,50,0],"gold":373,"neow_bonus":"ONE_RARE_RELIC","is_prod":false,"is_daily":false,"chose_seed":false,"campfire_upgraded":3,"win_rate":0.0,"timestamp":1536983012,"path_taken":["M","?","?","?","$","E","M","R","T","R","?","?","R","?","R","BOSS","M","?","?","?","M","R","M","R","T","?","M","E"],"build_version":"2018-09-06","purchased_purges":0,"victory":false,"max_hp_per_floor":[89,89,89,89,89,89,89,89,89,89,89,89,89,89,89,89,89,89,89,89,89,89,89,89,89,89,89,89,89],"card_choices":[{"not_picked":["Rebound","Hologram"],"picked":"Ball Lightning","floor":1},{"not_picked":["Steam","Stack"],"picked":"Ball Lightning","floor":6},{"not_picked":["Reinforced Body","Gash"],"picked":"Heatsinks","floor":7},{"not_picked":["Compile Driver","Hologram"],"picked":"Cold Snap","floor":12},{"not_picked":["Amplify","Creative AI"],"picked":"Electrodynamics","floor":16},{"not_picked":["Turbo","Hologram"],"picked":"Coolheaded+1","floor":18},{"not_picked":["Consume","Steam"],"picked":"Turbo","floor":22},{"not_picked":["Leap","Go for the Eyes"],"picked":"Hello World","floor":24},{"not_picked":["Beam Cell","Gash+1"],"picked":"Coolheaded+1","floor":28}],"player_experience":100955,"relics_obtained":[{"floor":6,"key":"Centennial Puzzle"},{"floor":9,"key":"Bottled Lightning"},{"floor":26,"key":"Omamori"}],"event_choices":[{"event_name":"Golden Idol","player_choice":"Take Wound","floor":2,"damage_taken":0},{"event_name":"Big Fish","player_choice":"Box","floor":3,"damage_taken":0},{"event_name":"Golden Wing","player_choice":"Ignored","floor":4,"damage_taken":0},{"event_name":"Shining Light","player_choice":"Entered Light","floor":14,"damage_taken":0},{"event_name":"Ghosts","player_choice":"Ignored","floor":19,"damage_taken":0},{"event_name":"N\u0027loth","player_choice":"Ignored","floor":20,"damage_taken":0},{"event_name":"Drug Dealer","player_choice":"Inject Mutagens","floor":21,"damage_taken":0},{"event_name":"Vampires","player_choice":"Ignored","floor":27,"damage_taken":0}],"is_beta":false,"boss_relics":[{"not_picked":["Lizard Tail","Eternal Feather"],"picked":"Inserter"}],"items_purged_floors":[],"is_endless":false,"potions_floor_spawned":[6,7,22],"killed_by":"Book of Stabbing","ascension_level":0}