{"gold_per_floor":[113,128,128,53,65,65,91,91,91,104,104],"floor_reached":11,"playtime":441,"items_purged":["Strike_G"],"score":139,"play_id":"4d53dc49-44dd-47b1-839e-08d27980eb30","local_time":"20190619230108","is_ascension_mode":true,"campfire_choices":[{"data":"Neutralize","floor":6,"key":"SMITH"},{"data":"Predator","floor":8,"key":"SMITH"}],"neow_cost":"PERCENT_DAMAGE","seed_source_timestamp":675182896558794,"circlet_count":0,"master_deck":["AscendersBane","Defend_G","Defend_G","Defend_G","Defend_G","Defend_G","Strike_G","Strike_G","Strike_G","Strike_G","Survivor","Neutralize+1","After Image","Masterful Stab","Poisoned Stab","Predator+1","All Out Attack"],"relics":["Ring of the Snake","Bottled Lightning","Bottled Flame"],"potions_floor_usage":[10,11],"damage_taken":[{"damage":5,"enemies":"Cultist","floor":1,"turns":6},{"damage":0,"enemies":"Jaw Worm","floor":2,"turns":5},{"damage":0,"enemies":"Small Slimes","floor":5,"turns":4},{"damage":30,"enemies":"3 Sentries","floor":7,"turns":14},{"damage":22,"enemies":"Gremlin Gang","floor":10,"turns":4},{"damage":19,"enemies":"Lagavulin","floor":11,"turns":5}],"seed_played":"8311974337822102996","potions_obtained":[{"floor":1,"key":"Weak Potion"},{"floor":7,"key":"EssenceOfSteel"}],"is_trial":false,"path_per_floor":["M","M","?","$","M","R","E","R","T","M","E"],"character_chosen":"THE_SILENT","items_purchased":[],"campfire_rested":0,"item_purchase_floors":[],"current_hp_per_floor":[39,39,61,61,61,61,31,31,31,9,0],"gold":104,"neow_bonus":"THREE_RARE_CARDS","is_prod":false,"is_daily":false,"chose_seed":false,"campfire_upgraded":2,"win_rate":0,"timestamp":1560999668,"path_taken":["M","?","?","?","M","R","E","R","T","M","E"],"build_version":"2019-01-23","purchased_purges":1,"victory":false,"max_hp_per_floor":[66,66,66,66,66,66,66,66,66,66,66],"card_choices":[{"not_picked":["Adrenaline","Unload"],"picked":"After Image","floor":0},{"not_picked":["Calculated Gamble","Sucker Punch"],"picked":"Masterful Stab","floor":1},{"not_picked":["Blade Dance","Bane","Acrobatics"],"picked":"SKIP","floor":2},{"not_picked":["Escape Plan","PiercingWail"],"picked":"Poisoned Stab","floor":5},{"not_picked":["Cloak And Dagger","Endless Agony"],"picked":"Predator","floor":7},{"not_picked":["Cloak And Dagger","After Image"],"picked":"All Out Attack","floor":10}],"player_experience":834656,"relics_obtained":[{"floor":7,"key":"Bottled Lightning"},{"floor":9,"key":"Bottled Flame"}],"event_choices":[{"damage_healed":22,"gold_gain":0,"player_choice":"Banana","damage_taken":0,"max_hp_gain":0,"max_hp_loss":0,"event_name":"Big Fish","floor":3,"gold_loss":0}],"is_beta":false,"boss_relics":[],"items_purged_floors":[4],"is_endless":false,"potions_floor_spawned":[1,7],"killed_by":"Lagavulin","ascension_level":18}