{"gold_per_floor":[109,109,184,184,194,220,220,71,71,35,47,47,21,40,40,143,143,158,158,158,173,186,186,221,221,248,248,248,248],"floor_reached":29,"playtime":1078,"items_purged":[],"score":251,"play_id":"152ee8f1-8f13-4fb1-816f-ce128058fd27","local_time":"20180917201029","is_ascension_mode":true,"campfire_choices":[{"floor":7,"key":"REST"},{"floor":12,"key":"REST"},{"floor":15,"key":"REST"},{"data":"Hello World","floor":23,"key":"SMITH"},{"floor":25,"key":"REST"},{"floor":28,"key":"REST"}],"neow_cost":"","seed_source_timestamp":281579807263334,"circlet_count":0,"master_deck":["Strike_B","Strike_B","Strike_B","Strike_B","Defend_B","Defend_B","Defend_B","Defend_B","Zap","Dualcast","Regret","Stack","Gash","Heatsinks","Rip and Tear","Conserve Battery","White Noise","Rainbow","Conserve Battery+1","Hello World+1","Barrage+1","Genetic Algorithm","Sweeping Beam"],"relics":["Cracked Core","Blood Vial","Incense Burner","Bag of Preparation","Kunai","Black Star","Blue Candle","Mercury Hourglass","Centennial Puzzle"],"potions_floor_usage":[5,18,22,24],"damage_taken":[{"damage":2,"enemies":"Small Slimes","floor":1,"turns":3},{"damage":3,"enemies":"Cultist","floor":5,"turns":3},{"damage":52,"enemies":"3 Sentries","floor":6,"turns":9},{"damage":3,"enemies":"2 Louse","floor":11,"turns":3},{"damage":7,"enemies":"Exordium Wildlife","floor":14,"turns":3},{"damage":55,"enemies":"Hexaghost","floor":16,"turns":10},{"damage":8,"enemies":"Shell Parasite","floor":18,"turns":9},{"damage":1,"enemies":"Chosen","floor":21,"turns":5},{"damage":19,"enemies":"Centurion and Healer","floor":22,"turns":8},{"damage":52,"enemies":"Book of Stabbing","floor":24,"turns":6},{"damage":19,"enemies":"Colosseum Slavers","floor":27,"turns":4},{"damage":33,"enemies":"Snake Plant","floor":29,"turns":4}],"seed_played":"-4126542256259318643","potions_obtained":[{"floor":1,"key":"Fire Potion"},{"floor":16,"key":"SkillPotion"},{"floor":18,"key":"Explosive Potion"},{"floor":22,"key":"PowerPotion"}],"is_trial":false,"path_per_floor":["M","?","?","?","M","E","R","$","T","$","M","R","$","M","R","B",null,"M","?","?","M","M","R","E","R","T","?","R"],"character_chosen":"DEFECT","items_purchased":["Bag of Preparation","Heatsinks","Conserve Battery"],"campfire_rested":5,"item_purchase_floors":[8,10,13],"current_hp_per_floor":[73,75,64,64,63,13,35,35,35,35,34,56,56,51,73,20,75,67,67,67,68,51,51,1,23,23,6,28,0],"gold":248,"neow_bonus":"","is_prod":false,"is_daily":false,"chose_seed":false,"campfire_upgraded":1,"win_rate":0,"timestamp":1537229429,"path_taken":["M","?","?","?","M","E","R","$","T","?","M","R","?","M","R","BOSS","M","?","?","M","M","R","E","R","T","?","R","?"],"build_version":"2018-09-06","purchased_purges":0,"victory":false,"max_hp_per_floor":[75,75,75,75,75,75,75,75,75,75,75,75,75,75,75,75,75,75,75,75,75,75,75,75,75,75,75,75,75],"card_choices":[{"not_picked":["Beam Cell","Compile Driver"],"picked":"Redo","floor":1},{"not_picked":["Consume","Barrage"],"picked":"Stack","floor":5},{"not_picked":["Turbo","Sweeping Beam"],"picked":"Gash","floor":6},{"not_picked":["Stack","Steam"],"picked":"Rip and Tear","floor":11},{"not_picked":["Compile Driver","Turbo"],"picked":"White Noise","floor":14},{"not_picked":["Machine Learning","Creative AI"],"picked":"Rainbow","floor":16},{"not_picked":["Reprogram","Darkness"],"picked":"Conserve Battery+1","floor":18},{"not_picked":["Stack","Coolheaded"],"picked":"Barrage+1","floor":21},{"not_picked":["Compile Driver","Heatsinks+1"],"picked":"Genetic Algorithm","floor":22},{"not_picked":["Hologram","Rebound"],"picked":"Sweeping Beam","floor":24}],"player_experience":131346,"relics_obtained":[{"floor":6,"key":"Incense Burner"},{"floor":9,"key":"Kunai"},{"floor":24,"key":"Blue Candle"},{"floor":24,"key":"Mercury Hourglass"},{"floor":26,"key":"Centennial Puzzle"}],"event_choices":[{"event_name":"Bonfire Elementals","player_choice":"COMMON","floor":2,"damage_taken":0},{"event_name":"World of Goop","player_choice":"Gather Gold","floor":3,"damage_taken":0},{"event_name":"Big Fish","player_choice":"Box","floor":4,"damage_taken":0},{"event_name":"The Library","player_choice":"Read","floor":19,"damage_taken":0},{"event_name":"Vampires","player_choice":"Ignored","floor":20,"damage_taken":0},{"event_name":"Colosseum","player_choice":"Fight","floor":27,"damage_taken":0},{"event_name":"Colosseum","player_choice":"Fled From Nobs","floor":27,"damage_taken":0}],"is_beta":false,"boss_relics":[{"not_picked":["Snecko Eye","Philosopher\u0027s Stone"],"picked":"Black Star"}],"items_purged_floors":[],"is_endless":false,"potions_floor_spawned":[1,16,18,22],"killed_by":"Snake Plant","ascension_level":1}