{"gold_per_floor":[144,144,144,189,234,324,324,369,369,369,40,85,130,175,175,175],"floor_reached":16,"playtime":715,"items_purged":[],"score":104,"play_id":"36b9d628-e4be-4fee-9d23-a8a1429068ab","local_time":"20190104235017","daily_mods":["Chimera","Uncertain Future","Midas"],"is_ascension_mode":false,"campfire_choices":[{"floor":7,"key":"REST"},{"floor":10,"key":"REST"},{"floor":15,"key":"REST"}],"neow_cost":"","seed_source_timestamp":0,"circlet_count":0,"master_deck":["Bash","Survivor","Zap","Strike_R+1","Strike_G","Strike_B","Defend_R","Defend_G","Defend_B+1","Quick Slash","Riddle With Holes","Backflip","Dagger Throw","Corpse Explosion","Prepared","Slice","Blade Dance"],"special_seed":17901,"relics":["Ring of the Snake","Frozen Egg 2","Letter Opener","Meat on the Bone"],"potions_floor_usage":[6,12,14,16],"damage_taken":[{"damage":2,"enemies":"Cultist","floor":1,"turns":4},{"damage":0,"enemies":"Small Slimes","floor":4,"turns":4},{"damage":3,"enemies":"Jaw Worm","floor":5,"turns":3},{"damage":35,"enemies":"Lagavulin","floor":6,"turns":7},{"damage":3,"enemies":"Exordium Wildlife","floor":8,"turns":4},{"damage":0,"enemies":"2 Fungi Beasts","floor":12,"turns":3},{"damage":3,"enemies":"Large Slime","floor":13,"turns":4},{"damage":0,"enemies":"Blue Slaver","floor":14,"turns":2},{"damage":70,"enemies":"The Guardian","floor":16,"turns":13}],"seed_played":"4277757570811761034","potions_obtained":[{"floor":4,"key":"Block Potion"},{"floor":5,"key":"Swift Potion"},{"floor":6,"key":"Energy Potion"},{"floor":8,"key":"AttackPotion"}],"is_trial":false,"path_per_floor":["M","?","?","M","M","E","R","M","T","R","$","M","M","M","R","B"],"character_chosen":"THE_SILENT","items_purchased":["Meat on the Bone","Corpse Explosion"],"campfire_rested":3,"item_purchase_floors":[11,11],"current_hp_per_floor":[68,54,59,59,56,21,42,39,39,60,60,60,57,57,70,0],"gold":175,"neow_bonus":"","is_prod":false,"is_daily":true,"chose_seed":false,"campfire_upgraded":0,"win_rate":0,"timestamp":1546663817,"path_taken":["M","?","?","M","M","E","R","M","T","R","$","?","M","M","R","BOSS"],"build_version":"2019-01-03v4","purchased_purges":0,"victory":false,"max_hp_per_floor":[70,70,70,70,70,70,70,70,70,70,70,70,70,70,70,70],"card_choices":[{"not_picked":["Dodge and Roll","Expertise"],"picked":"Outmaneuver","floor":1},{"not_picked":["PiercingWail","Finisher"],"picked":"Quick Slash","floor":4},{"not_picked":["Acrobatics","Dagger Spray"],"picked":"Riddle With Holes","floor":5},{"not_picked":["Underhanded Strike","Sucker Punch"],"picked":"Backflip","floor":6},{"not_picked":["Sucker Punch","Wraith Form v2+1"],"picked":"Dagger Throw","floor":8},{"not_picked":["Backflip","Dodge and Roll"],"picked":"Prepared","floor":12},{"not_picked":["Underhanded Strike","Dagger Throw"],"picked":"Slice","floor":13},{"not_picked":["Sucker Punch","Riddle With Holes"],"picked":"Blade Dance","floor":14}],"player_experience":277150,"relics_obtained":[{"floor":6,"key":"Frozen Egg 2"},{"floor":9,"key":"Letter Opener"}],"event_choices":[{"damage_healed":0,"gold_gain":0,"player_choice":"Entered Light","damage_taken":14,"max_hp_gain":0,"max_hp_loss":0,"event_name":"Shining Light","floor":2,"gold_loss":0,"cards_upgraded":["Strike_R","Defend_B"]},{"cards_removed":["Outmaneuver"],"damage_healed":5,"gold_gain":0,"player_choice":"Offered Common","damage_taken":0,"max_hp_gain":0,"max_hp_loss":0,"event_name":"Bonfire Elementals","floor":3,"gold_loss":0},{"cards_removed":["Outmaneuver"],"damage_healed":5,"gold_gain":0,"player_choice":"Offered Special","damage_taken":0,"max_hp_gain":0,"max_hp_loss":0,"event_name":"Bonfire Elementals","floor":3,"gold_loss":0}],"is_beta":false,"boss_relics":[],"items_purged_floors":[],"is_endless":false,"potions_floor_spawned":[4,5,6,8],"killed_by":"The Guardian","ascension_level":0}