{"gold_per_floor":[110,110,122,7,7,17,17,28,28,42,55,55,85,8,8,84,84,99,99,79,99,99,99,133,149,172,172,182,182,195,195],"floor_reached":31,"playtime":1443,"items_purged":["Strike_G"],"score":490,"play_id":"70c26f48-8511-47d5-a6e7-d2a0a5e8dfdd","local_time":"20190617204355","is_ascension_mode":true,"campfire_choices":[{"data":"Noxious Fumes","floor":7,"key":"SMITH"},{"data":"Deadly Poison","floor":12,"key":"SMITH"},{"data":"Catalyst","floor":15,"key":"SMITH"},{"data":"Night Terror","floor":23,"key":"SMITH"},{"floor":27,"key":"REST"},{"data":"Burst","floor":29,"key":"SMITH"}],"neow_cost":"NONE","seed_source_timestamp":441689635973824,"circlet_count":0,"master_deck":["AscendersBane","Defend_G","Defend_G","Defend_G","Defend_G","Strike_G","Strike_G","Survivor","Neutralize+1","Catalyst+1","Deadly Poison+1","Noxious Fumes+1","Cloak And Dagger","Footwork","Dash","Well Laid Plans","Night Terror+1","Burst+1","Crippling Poison"],"relics":["Ring of the Snake","NeowsBlessing","Pantograph","Odd Mushroom","Empty Cage","MutagenicStrength","Dodecahedron","Vajra"],"potions_floor_usage":[13,16,16,24,24],"damage_taken":[{"damage":0,"enemies":"Small Slimes","floor":1,"turns":1},{"damage":0,"enemies":"Cultist","floor":3,"turns":1},{"damage":0,"enemies":"Jaw Worm","floor":6,"turns":1},{"damage":18,"enemies":"Exordium Wildlife","floor":8,"turns":5},{"damage":0,"enemies":"Blue Slaver","floor":10,"turns":5},{"damage":0,"enemies":"2 Fungi Beasts","floor":11,"turns":4},{"damage":14,"enemies":"The Mushroom Lair","floor":13,"turns":5},{"damage":8,"enemies":"The Guardian","floor":16,"turns":6},{"damage":4,"enemies":"Spheric Guardian","floor":18,"turns":5},{"damage":2,"enemies":"Shell Parasite","floor":21,"turns":5},{"damage":27,"enemies":"Gremlin Leader","floor":24,"turns":6},{"damage":15,"enemies":"Snake Plant","floor":25,"turns":5},{"damage":0,"enemies":"Centurion and Healer","floor":28,"turns":7},{"damage":23,"enemies":"Cultist and Chosen","floor":30,"turns":5},{"damage":24,"enemies":"Shelled Parasite and Fungi","floor":31,"turns":3}],"seed_played":"-3694411528374725757","potions_obtained":[{"floor":1,"key":"Weak Potion"},{"floor":10,"key":"Energy Potion"},{"floor":13,"key":"PowerPotion"},{"floor":16,"key":"EssenceOfSteel"},{"floor":18,"key":"Regen Potion"},{"floor":20,"key":"Fire Potion"},{"floor":24,"key":"Energy Potion"}],"is_trial":false,"path_per_floor":["M","?","M","$","?","M","R","M","T","M","M","R","?","$","R","B",null,"M","?","?","M","?","R","E","M","T","R","M","R","M","M"],"character_chosen":"THE_SILENT","items_purchased":["Noxious Fumes","Well Laid Plans"],"campfire_rested":1,"item_purchase_floors":[4,14],"current_hp_per_floor":[59,59,59,59,59,59,59,41,41,41,41,41,27,27,27,44,61,57,57,57,55,55,55,43,28,28,47,47,47,24,0],"gold":195,"neow_bonus":"THREE_ENEMY_KILL","is_prod":false,"is_daily":false,"chose_seed":false,"campfire_upgraded":5,"win_rate":0,"timestamp":1560775435,"path_taken":["M","?","?","$","?","M","R","M","T","M","M","R","?","?","R","BOSS","M","?","?","?","?","R","E","M","T","R","M","R","M","M"],"build_version":"2019-01-23","purchased_purges":1,"victory":false,"max_hp_per_floor":[66,66,66,66,66,66,66,66,66,66,66,66,66,66,66,66,66,66,66,66,66,66,66,66,66,66,66,66,66,66,66],"card_choices":[{"not_picked":["Deflect","Slice"],"picked":"Catalyst","floor":1},{"not_picked":["Poisoned Stab","Underhanded Strike"],"picked":"Deadly Poison","floor":3},{"not_picked":["Expertise","Choke"],"picked":"Cloak And Dagger","floor":6},{"not_picked":["Predator","Quick Slash","Masterful Stab"],"picked":"SKIP","floor":8},{"not_picked":["Underhanded Strike","Backflip"],"picked":"Footwork","floor":10},{"not_picked":["Acrobatics","Underhanded Strike","PiercingWail"],"picked":"SKIP","floor":11},{"not_picked":["Expertise","Reflex"],"picked":"Dash","floor":13},{"not_picked":["Envenom","Storm of Steel"],"picked":"Night Terror","floor":16},{"not_picked":["Flying Knee","Terror","PiercingWail"],"picked":"SKIP","floor":18},{"not_picked":["Predator","Distraction","Eviscerate"],"picked":"SKIP","floor":21},{"not_picked":["Venomology","Flechettes"],"picked":"Burst","floor":24},{"not_picked":["Underhanded Strike","Deflect","Flying Knee"],"picked":"SKIP","floor":25},{"not_picked":["Caltrops","Blade Dance","Finisher"],"picked":"SKIP","floor":28},{"not_picked":["Flying Knee+1","Sucker Punch"],"picked":"Crippling Poison","floor":30}],"player_experience":897502,"relics_obtained":[{"floor":9,"key":"Pantograph"},{"floor":13,"key":"Odd Mushroom"},{"floor":24,"key":"Dodecahedron"},{"floor":26,"key":"Vajra"}],"event_choices":[{"damage_healed":0,"gold_gain":0,"player_choice":"Upgraded","damage_taken":0,"max_hp_gain":0,"max_hp_loss":0,"event_name":"Upgrade Shrine","floor":2,"gold_loss":0,"cards_upgraded":["Neutralize"]},{"cards_removed":["Strike_G"],"damage_healed":0,"gold_gain":0,"player_choice":"Forget","damage_taken":0,"max_hp_gain":0,"max_hp_loss":0,"event_name":"Living Wall","floor":5,"gold_loss":0},{"damage_healed":0,"gold_gain":0,"player_choice":"Fought Mushrooms","damage_taken":0,"max_hp_gain":0,"max_hp_loss":0,"event_name":"Mushrooms","floor":13,"gold_loss":0},{"damage_healed":0,"gold_gain":0,"player_choice":"Inject Mutagens","damage_taken":0,"relics_obtained":["MutagenicStrength"],"max_hp_gain":0,"max_hp_loss":0,"event_name":"Drug Dealer","floor":19,"gold_loss":0},{"damage_healed":0,"gold_gain":0,"player_choice":"Bought 1 Potion","damage_taken":0,"max_hp_gain":0,"max_hp_loss":0,"event_name":"The Woman in Blue","floor":20,"gold_loss":0},{"damage_healed":0,"gold_gain":0,"player_choice":"Ignored","damage_taken":0,"max_hp_gain":0,"max_hp_loss":0,"event_name":"Vampires","floor":22,"gold_loss":0}],"is_beta":false,"boss_relics":[{"not_picked":["Ring of the Serpent","White Beast Statue"],"picked":"Empty Cage"}],"items_purged_floors":[4],"is_endless":false,"potions_floor_spawned":[1,10,13,16,18,21,24],"killed_by":"Shelled Parasite and Fungi","ascension_level":16}