{"gold_per_floor":[115,130,142,159,174,199,199,209,209,209,60,90,90],"floor_reached":13,"playtime":751,"items_purged":[],"score":144,"play_id":"ea6c371c-25e4-4ab2-a3b1-46b9e9e617b6","local_time":"20190506193202","is_ascension_mode":true,"campfire_choices":[{"floor":7,"key":"REST"},{"floor":10,"key":"REST"}],"neow_cost":"NONE","seed_source_timestamp":437665124833124,"circlet_count":0,"master_deck":["AscendersBane","Defend_G","Defend_G","Defend_G","Defend_G","Defend_G","Strike_G","Strike_G","Strike_G","Strike_G","Strike_G","Survivor","Neutralize","After Image","Blur","Catalyst","Leg Sweep","Deadly Poison","Backstab","Skewer","Noxious Fumes","Blur"],"relics":["Ring of the Snake","Boot","Mummified Hand"],"potions_floor_usage":[6],"damage_taken":[{"damage":0,"enemies":"Cultist","floor":1,"turns":4},{"damage":6,"enemies":"Small Slimes","floor":2,"turns":7},{"damage":0,"enemies":"2 Louse","floor":3,"turns":4},{"damage":0,"enemies":"Exordium Wildlife","floor":4,"turns":6},{"damage":20,"enemies":"Large Slime","floor":5,"turns":10},{"damage":30,"enemies":"3 Sentries","floor":6,"turns":19},{"damage":9,"enemies":"Red Slaver","floor":8,"turns":4},{"damage":66,"enemies":"Gremlin Nob","floor":13,"turns":6}],"seed_played":"-4951207313997462851","potions_obtained":[{"floor":1,"key":"Swift Potion"},{"floor":2,"key":"Ancient Potion"},{"floor":5,"key":"SkillPotion"}],"is_trial":false,"path_per_floor":["M","M","M","M","M","E","R","M","T","R","$","?","E"],"character_chosen":"THE_SILENT","items_purchased":["Noxious Fumes","Blur"],"campfire_rested":2,"item_purchase_floors":[11,11],"current_hp_per_floor":[63,57,57,57,37,7,28,19,19,40,40,40,0],"gold":90,"neow_bonus":"ONE_RANDOM_RARE_CARD","is_prod":false,"is_daily":false,"chose_seed":false,"campfire_upgraded":0,"win_rate":0,"timestamp":1557185522,"path_taken":["M","M","M","M","M","E","R","M","T","R","$","?","E"],"build_version":"2019-01-23","purchased_purges":0,"victory":false,"max_hp_per_floor":[70,70,70,70,70,70,70,70,70,70,70,70,70],"card_choices":[{"not_picked":["Choke","Blade Dance"],"picked":"Blur","floor":1},{"not_picked":["Dodge and Roll","Infinite Blades"],"picked":"Catalyst","floor":2},{"not_picked":["Bouncing Flask","Prepared"],"picked":"Leg Sweep","floor":3},{"not_picked":["Sucker Punch","Terror","Expertise"],"picked":"SKIP","floor":4},{"not_picked":["Backflip","Blade Dance"],"picked":"Deadly Poison","floor":5},{"not_picked":["Poisoned Stab","Dodge and Roll"],"picked":"Backstab","floor":6},{"not_picked":["Deflect","Dagger Throw"],"picked":"Skewer","floor":8}],"player_experience":491276,"relics_obtained":[{"floor":6,"key":"Boot"},{"floor":9,"key":"Mummified Hand"}],"event_choices":[{"damage_healed":0,"gold_gain":30,"player_choice":"Searched \u00272\u0027 times","damage_taken":0,"max_hp_gain":0,"max_hp_loss":0,"event_name":"Dead Adventurer","floor":12,"gold_loss":0}],"is_beta":false,"boss_relics":[],"items_purged_floors":[],"is_endless":false,"potions_floor_spawned":[1,2,5],"killed_by":"Gremlin Nob","ascension_level":13}