{"gold_per_floor":[118,168,343,363,313,345,64,64,88,123,123,9,41,56,56,154,154,168,184,210,210,291,324,324,339,364,364,377,395,395,10,10,10],"floor_reached":33,"playtime":1786,"items_purged":["Strike_R"],"score":337,"play_id":"e53d4f4b-7339-4e91-90b0-c38382b61898","local_time":"20190120001702","is_ascension_mode":true,"campfire_choices":[{"data":"Carnage","floor":8,"key":"SMITH"},{"data":"Pommel Strike","floor":11,"key":"SMITH"},{"floor":15,"key":"REST"},{"floor":24,"key":"REST"},{"floor":32,"key":"REST"}],"neow_cost":"NONE","seed_source_timestamp":937105274083333,"circlet_count":0,"master_deck":["Strike_R+1","Strike_R+1","Strike_R+1","Strike_R+1","Defend_R+1","Defend_R+1","Defend_R+1","Defend_R+1","Bash","Clothesline","Carnage+1","Anger","Dropkick","Pommel Strike+1","Metallicize","Offering","Double Tap","Rage+1","Fire Breathing+1","Shrug It Off+1","Clothesline+1","Pommel Strike+1","Warcry","Flash of Steel+1","Evolve"],"relics":["Burning Blood","Gremlin Horn","Tiny Chest","Bag of Marbles","Bag of Preparation","Bottled Lightning","Question Card","Eternal Feather","Potion Belt","Centennial Puzzle","Molten Egg 2","Paper Frog","Regal Pillow","Meat on the Bone"],"potions_floor_usage":[13,16,19,25],"damage_taken":[{"damage":0,"enemies":"Cultist","floor":1,"turns":3},{"damage":2,"enemies":"2 Louse","floor":4,"turns":3},{"damage":25,"enemies":"3 Sentries","floor":6,"turns":7},{"damage":6,"enemies":"Gremlin Nob","floor":10,"turns":3},{"damage":30,"enemies":"Lagavulin","floor":13,"turns":5},{"damage":6,"enemies":"Jaw Worm","floor":14,"turns":2},{"damage":38,"enemies":"The Guardian","floor":16,"turns":9},{"damage":34,"enemies":"2 Thieves","floor":18,"turns":3},{"damage":0,"enemies":"Chosen","floor":19,"turns":4},{"damage":39,"enemies":"Book of Stabbing","floor":23,"turns":4},{"damage":40,"enemies":"Snake Plant","floor":25,"turns":4},{"damage":8,"enemies":"Shelled Parasite and Fungi","floor":28,"turns":6},{"damage":6,"enemies":"Cultist and Chosen","floor":29,"turns":1},{"damage":92,"enemies":"Automaton","floor":33,"turns":8}],"seed_played":"5182276108792010886","potions_obtained":[{"floor":1,"key":"Dexterity Potion"},{"floor":10,"key":"Weak Potion"},{"floor":18,"key":"Block Potion"},{"floor":23,"key":"AttackPotion"}],"is_trial":false,"path_per_floor":["M","?","?","M","?","E","$","R","T","E","R","$","E","M","R","B",null,"M","M","T","T","T","E","R","M","T","?","M","M","?","$","R","B"],"character_chosen":"IRONCLAD","items_purchased":["Tiny Chest","Bag of Marbles","Metallicize","Meat on the Bone","Flash of Steel+1","Evolve"],"campfire_rested":3,"item_purchase_floors":[7,7,12,31,31,31],"current_hp_per_floor":[80,80,80,80,80,61,61,61,61,61,61,61,37,37,61,29,80,52,58,58,58,58,25,61,27,27,27,25,25,25,25,79,0],"gold":10,"neow_bonus":"THREE_CARDS","is_prod":false,"is_daily":false,"chose_seed":false,"campfire_upgraded":2,"win_rate":0,"timestamp":1547961422,"path_taken":["M","?","?","M","?","E","$","R","T","E","R","?","E","M","R","BOSS","M","M","?","?","?","E","R","M","T","?","M","M","?","?","R","BOSS"],"build_version":"2019-01-17v2","purchased_purges":1,"victory":false,"max_hp_per_floor":[80,80,80,80,80,80,80,80,80,80,80,80,80,80,80,80,80,80,80,80,80,80,80,80,80,80,80,80,80,80,80,80,80],"card_choices":[{"not_picked":["Flex","Anger"],"picked":"Clothesline","floor":0},{"not_picked":["Iron Wave","Reckless Charge"],"picked":"Carnage","floor":1},{"not_picked":["Evolve","Thunderclap"],"picked":"Anger","floor":4},{"not_picked":["Flex","Hemokinesis"],"picked":"Dropkick","floor":6},{"not_picked":["Perfected Strike","Iron Wave"],"picked":"Pommel Strike","floor":10},{"not_picked":["Wild Strike","Rampage"],"picked":"Offering","floor":13},{"not_picked":["Wild Strike","Reckless Charge","Heavy Blade","Pommel Strike"],"picked":"SKIP","floor":14},{"not_picked":["Dark Embrace","Barricade","Bludgeon"],"picked":"Double Tap","floor":16},{"not_picked":["Shrug It Off","Body Slam+1","True Grit+1"],"picked":"Rage+1","floor":18},{"not_picked":["Uppercut","Heavy Blade","Cleave+1"],"picked":"Fire Breathing+1","floor":19},{"not_picked":["Havoc+1","Bloodletting","Rampage+1"],"picked":"Shrug It Off+1","floor":23},{"not_picked":["Flex","Combust","Perfected Strike+1"],"picked":"Clothesline+1","floor":25},{"not_picked":["Anger+1","Warcry","Body Slam+1"],"picked":"Pommel Strike+1","floor":28},{"not_picked":["Twin Strike+1","Cleave+1","Pummel+1"],"picked":"Warcry","floor":29}],"player_experience":130636,"relics_obtained":[{"floor":6,"key":"Gremlin Horn"},{"floor":9,"key":"Bag of Preparation"},{"floor":10,"key":"Bottled Lightning"},{"floor":13,"key":"Question Card"},{"floor":20,"key":"Potion Belt"},{"floor":21,"key":"Centennial Puzzle"},{"floor":22,"key":"Molten Egg 2"},{"floor":23,"key":"Paper Frog"},{"floor":26,"key":"Regal Pillow"}],"event_choices":[{"damage_healed":0,"gold_gain":50,"player_choice":"Gained Gold","damage_taken":0,"max_hp_gain":0,"max_hp_loss":0,"event_name":"Golden Wing","floor":2,"gold_loss":0},{"damage_healed":0,"gold_gain":175,"player_choice":"AGREE","damage_taken":0,"max_hp_gain":0,"max_hp_loss":0,"event_name":"Liars Game","floor":3,"gold_loss":0,"cards_obtained":["Doubt"]},{"cards_removed":["Doubt"],"damage_healed":0,"gold_gain":0,"player_choice":"Card Removal","damage_taken":0,"max_hp_gain":0,"max_hp_loss":0,"event_name":"The Cleric","floor":5,"gold_loss":50},{"damage_healed":0,"gold_gain":0,"player_choice":"Simplicity","damage_taken":0,"max_hp_gain":0,"max_hp_loss":0,"event_name":"Back to Basics","floor":27,"gold_loss":0,"cards_upgraded":["Strike_R","Strike_R","Strike_R","Strike_R","Defend_R","Defend_R","Defend_R","Defend_R"]},{"damage_healed":0,"gold_gain":0,"player_choice":"Ignored","damage_taken":0,"max_hp_gain":0,"max_hp_loss":0,"event_name":"Vampires","floor":30,"gold_loss":0}],"is_beta":false,"boss_relics":[{"not_picked":["Empty Cage","Astrolabe"],"picked":"Eternal Feather"}],"items_purged_floors":[12],"is_endless":false,"potions_floor_spawned":[1,10,18,23],"killed_by":"Automaton","ascension_level":4}