{"gold_per_floor":[118,129,129,54,72,72,82,82,162,181,33,47,47,61,61,164,164,176,136,150,50,61,61,76,175,175,1,1,101,56,66,66,66],"floor_reached":33,"playtime":1220,"items_purged":["Consume","Strike_B","Decay"],"score":323,"play_id":"ed94ba41-9a9d-4d1c-8995-839b7220eb68","local_time":"20181107002535","is_ascension_mode":true,"campfire_choices":[{"data":"Dualcast","floor":6,"key":"SMITH"},{"data":"Zap","floor":8,"key":"SMITH"},{"data":"Steam","floor":13,"key":"SMITH"},{"floor":15,"key":"REST"},{"data":"Hologram","floor":23,"key":"SMITH"},{"floor":32,"key":"REST"}],"neow_cost":"NONE","seed_source_timestamp":24938429788606,"circlet_count":0,"master_deck":["Strike_B","Strike_B","Defend_B","Defend_B","Defend_B","Defend_B","Zap+1","Dualcast+1","Gash","FTL","Rebound","Streamline","Conserve Battery","Steam+1","Hologram+1","Hyperbeam+1","Self Repair","Gash+1","Streamline","Gash+1"],"relics":["Cracked Core","Bronze Scales","Gremlin Horn","Cursed Key","Shuriken"],"potions_floor_usage":[22,24,24,28],"damage_taken":[{"damage":5,"enemies":"Small Slimes","floor":1,"turns":4},{"damage":1,"enemies":"Cultist","floor":2,"turns":3},{"damage":2,"enemies":"Jaw Worm","floor":5,"turns":4},{"damage":11,"enemies":"Lots of Slimes","floor":7,"turns":3},{"damage":5,"enemies":"3 Louse","floor":10,"turns":2},{"damage":9,"enemies":"Exordium Thugs","floor":12,"turns":3},{"damage":11,"enemies":"Large Slime","floor":14,"turns":5},{"damage":34,"enemies":"Hexaghost","floor":16,"turns":8},{"damage":0,"enemies":"Spheric Guardian","floor":18,"turns":2},{"damage":5,"enemies":"Shell Parasite","floor":20,"turns":3},{"damage":12,"enemies":"Chosen and Byrds","floor":22,"turns":4},{"damage":0,"enemies":"Centurion and Healer","floor":24,"turns":2},{"damage":22,"enemies":"Colosseum Slavers","floor":28,"turns":2},{"damage":18,"enemies":"Sentry and Sphere","floor":31,"turns":4},{"damage":53,"enemies":"Champ","floor":33,"turns":8}],"seed_played":"2132836287592416160","potions_obtained":[{"floor":1,"key":"FocusPotion"},{"floor":5,"key":"Swift Potion"},{"floor":12,"key":"Fire Potion"},{"floor":14,"key":"LiquidBronze"},{"floor":22,"key":"Fire Potion"},{"floor":31,"key":"Fire Potion"}],"is_trial":false,"path_per_floor":["M","M","?","$","M","R","M","R","T","M","$","M","R","M","R","B",null,"M","?","M","$","M","R","M","?","T","$","?","?","$","M","R","B"],"character_chosen":"DEFECT","items_purchased":["Streamline","Conserve Battery","Steam","AttackPotion","Streamline"],"campfire_rested":2,"item_purchase_floors":[11,11,11,27,30],"current_hp_per_floor":[63,62,62,62,60,60,49,49,49,44,44,35,35,24,46,12,59,59,59,54,54,49,49,56,56,56,56,41,41,41,30,52,0],"gold":66,"neow_bonus":"TRANSFORM_CARD","is_prod":false,"is_daily":false,"chose_seed":false,"campfire_upgraded":4,"win_rate":0,"timestamp":1541561135,"path_taken":["M","M","?","?","M","R","M","R","T","?","$","M","R","?","R","BOSS","M","?","M","$","M","R","?","?","T","?","?","?","$","?","R","BOSS"],"build_version":"2018-11-01","purchased_purges":3,"victory":false,"max_hp_per_floor":[75,75,75,75,75,75,75,75,75,75,75,75,75,75,75,75,75,75,75,75,75,75,75,75,75,75,75,75,75,75,75,75,75],"card_choices":[{"not_picked":["Sunder","Conserve Battery"],"picked":"Gash","floor":1},{"not_picked":["Hello World","Tempest","Force Field"],"picked":"SKIP","floor":2},{"not_picked":["Aggregate","Compile Driver"],"picked":"FTL","floor":5},{"not_picked":["Redo","Chaos"],"picked":"Rebound","floor":7},{"not_picked":["Compile Driver","Undo","Rebound"],"picked":"SKIP","floor":10},{"not_picked":["Conserve Battery","Cold Snap"],"picked":"Hologram","floor":12},{"not_picked":["Rebound","Ball Lightning","Hello World"],"picked":"SKIP","floor":14},{"not_picked":["Reboot","Amplify"],"picked":"Hyperbeam","floor":16},{"not_picked":["Go for the Eyes","Rip and Tear","Leap"],"picked":"SKIP","floor":18},{"not_picked":["Steam","Hologram"],"picked":"Self Repair","floor":20},{"not_picked":["Reprogram","Blizzard","Stack+1"],"picked":"SKIP","floor":22},{"not_picked":["Turbo","Aggregate"],"picked":"Gash+1","floor":24},{"not_picked":["Capacitor","Core Surge"],"picked":"Gash+1","floor":31}],"player_experience":309495,"relics_obtained":[{"floor":9,"key":"Gremlin Horn"},{"floor":26,"key":"Shuriken"}],"event_choices":[{"damage_healed":0,"gold_gain":0,"player_choice":"Gave Potion","damage_taken":0,"relics_obtained":["Bronze Scales"],"max_hp_gain":0,"max_hp_loss":0,"event_name":"WeMeetAgain","floor":3,"gold_loss":0},{"damage_healed":0,"gold_gain":0,"player_choice":"Upgrade","damage_taken":0,"max_hp_gain":0,"max_hp_loss":0,"event_name":"Designer","floor":19,"gold_loss":40,"cards_upgraded":["Hyperbeam"]},{"damage_healed":0,"gold_gain":99,"player_choice":"Stole From Cult","damage_taken":0,"max_hp_gain":0,"max_hp_loss":0,"event_name":"Nest","floor":25,"gold_loss":0},{"damage_healed":0,"gold_gain":0,"player_choice":"Fight","damage_taken":0,"max_hp_gain":0,"max_hp_loss":0,"event_name":"Colosseum","floor":28,"gold_loss":0},{"damage_healed":0,"gold_gain":0,"player_choice":"Fled From Nobs","damage_taken":0,"max_hp_gain":0,"max_hp_loss":0,"event_name":"Colosseum","floor":28,"gold_loss":0},{"damage_healed":0,"gold_gain":100,"player_choice":"Pray","damage_taken":0,"max_hp_gain":0,"max_hp_loss":0,"event_name":"Golden Shrine","floor":29,"gold_loss":0}],"is_beta":false,"boss_relics":[{"not_picked":["Nuclear Battery","Ectoplasm"],"picked":"Cursed Key"}],"items_purged_floors":[4,21,27],"is_endless":false,"potions_floor_spawned":[1,5,12,14,22,28,31],"killed_by":"Champ","ascension_level":7}