{"gold_per_floor":[14,34,52,127,127,127,153,153,231,247,144,144,144,178,178,276,276,256,39,39,50,67,67,93,93,93,0,0,16,16,50,50,50],"floor_reached":33,"playtime":2149,"items_purged":["Strike_G"],"score":308,"play_id":"2742960f-49b9-4bbc-ac55-08a482cf4d38","local_time":"20181220225527","is_ascension_mode":true,"campfire_choices":[{"data":"Neutralize","floor":6,"key":"SMITH"},{"floor":8,"key":"REST"},{"floor":15,"key":"REST"},{"floor":23,"key":"REST"},{"data":"1","floor":25,"key":"LIFT"},{"floor":28,"key":"REST"},{"floor":32,"key":"REST"}],"neow_cost":"NO_GOLD","seed_source_timestamp":442195072524362,"circlet_count":0,"master_deck":["Defend_G","Defend_G","Defend_G","Defend_G","Defend_G","Strike_G","Strike_G","Strike_G","Strike_G","Survivor","Neutralize+1","Infinite Blades","Deflect","Cloak And Dagger+1","Choke","Leg Sweep","Dodge and Roll","Accuracy","Finisher","Parasite","Footwork+1","Bullet Time","Blade Dance","Finesse","Crippling Poison+1","Noxious Fumes","Heel Hook+1","Blade Dance+1"],"relics":["Ring of the Snake","Girya","Incense Burner","Mercury Hourglass","Blood Vial","Black Star","Torii","Kunai","Molten Egg 2","Frozen Egg 2","Dream Catcher"],"potions_floor_usage":[7,7,7,16,24,31,31,33],"damage_taken":[{"damage":6,"enemies":"Cultist","floor":1,"turns":5},{"damage":9,"enemies":"Jaw Worm","floor":2,"turns":4},{"damage":4,"enemies":"Small Slimes","floor":3,"turns":4},{"damage":0,"enemies":"Blue Slaver","floor":5,"turns":5},{"damage":6,"enemies":"Lagavulin","floor":7,"turns":7},{"damage":11,"enemies":"Lots of Slimes","floor":10,"turns":6},{"damage":28,"enemies":"3 Sentries","floor":14,"turns":6},{"damage":14,"enemies":"Hexaghost","floor":16,"turns":9},{"damage":16,"enemies":"2 Thieves","floor":18,"turns":4},{"damage":26,"enemies":"Spheric Guardian","floor":21,"turns":4},{"damage":20,"enemies":"Snake Plant","floor":22,"turns":6},{"damage":8,"enemies":"Gremlin Leader","floor":24,"turns":7},{"damage":16,"enemies":"Snecko","floor":29,"turns":4},{"damage":12,"enemies":"Slavers","floor":31,"turns":4},{"damage":54,"enemies":"Collector","floor":33,"turns":8}],"seed_played":"-159614074860094697","potions_obtained":[{"floor":1,"key":"EntropicBrew"},{"floor":2,"key":"PowerPotion"},{"floor":16,"key":"Swift Potion"},{"floor":18,"key":"EssenceOfSteel"},{"floor":29,"key":"Strength Potion"}],"is_trial":false,"path_per_floor":["M","M","M","?","M","R","E","R","T","M","$","?","T","E","R","B",null,"M","$","?","M","M","R","E","R","T","?","R","M","?","E","R","B"],"character_chosen":"THE_SILENT","items_purchased":["Accuracy","Finisher","Blade Dance","Finesse"],"campfire_rested":5,"item_purchase_floors":[11,11,19,19],"current_hp_per_floor":[64,55,51,40,40,40,34,55,55,44,44,61,61,33,54,42,70,54,54,54,30,12,33,27,27,27,27,48,34,34,24,45,0],"gold":50,"neow_bonus":"ONE_RARE_RELIC","is_prod":false,"is_daily":false,"chose_seed":false,"campfire_upgraded":1,"win_rate":0,"timestamp":1545375327,"path_taken":["M","?","M","?","M","R","E","R","T","M","$","?","?","E","R","BOSS","M","?","?","?","M","R","E","R","T","?","R","M","?","E","R","BOSS"],"build_version":"2018-12-20","purchased_purges":1,"victory":false,"max_hp_per_floor":[70,70,70,70,70,70,70,70,70,70,70,70,70,70,70,70,70,70,70,70,70,70,70,70,70,70,70,70,70,70,70,70,70],"card_choices":[{"not_picked":["Slice","Expertise"],"picked":"Infinite Blades","floor":1},{"not_picked":["Blade Dance","Calculated Gamble"],"picked":"Deflect","floor":2},{"not_picked":["Distraction","Quick Slash"],"picked":"Cloak And Dagger","floor":3},{"not_picked":["Underhanded Strike","Skewer"],"picked":"Choke","floor":5},{"not_picked":["Poisoned Stab","Prepared"],"picked":"Leg Sweep","floor":7},{"not_picked":["Blade Dance","Flying Knee"],"picked":"Dodge and Roll","floor":10},{"not_picked":["Deadly Poison","Glass Knife"],"picked":"Footwork","floor":14},{"not_picked":["Doppelganger","Glass Knife"],"picked":"Bullet Time","floor":16},{"not_picked":["Reflex+1","Catalyst","Calculated Gamble"],"picked":"SKIP","floor":18},{"not_picked":["Sucker Punch","Quick Slash","Outmaneuver"],"picked":"SKIP","floor":21},{"not_picked":["Dagger Throw","Tactician"],"picked":"Crippling Poison+1","floor":22},{"not_picked":["Malaise","PiercingWail"],"picked":"Noxious Fumes","floor":24},{"not_picked":["Choke+1","Quick Slash+1"],"picked":"Heel Hook+1","floor":29},{"not_picked":["Outmaneuver","Backstab+1"],"picked":"Blade Dance+1","floor":31}],"player_experience":81879,"relics_obtained":[{"floor":7,"key":"Incense Burner"},{"floor":13,"key":"Mercury Hourglass"},{"floor":14,"key":"Blood Vial"},{"floor":24,"key":"Torii"},{"floor":24,"key":"Kunai"},{"floor":26,"key":"Molten Egg 2"},{"floor":31,"key":"Frozen Egg 2"},{"floor":31,"key":"Dream Catcher"}],"event_choices":[{"damage_healed":0,"gold_gain":75,"player_choice":"Gather Gold","damage_taken":11,"max_hp_gain":0,"max_hp_loss":0,"event_name":"World of Goop","floor":4,"gold_loss":0},{"damage_healed":17,"gold_gain":0,"player_choice":"Healed and dodged fight","damage_taken":0,"max_hp_gain":0,"max_hp_loss":0,"event_name":"Mushrooms","floor":12,"gold_loss":0,"cards_obtained":["Parasite"]},{"damage_healed":0,"gold_gain":0,"player_choice":"Upgraded","damage_taken":0,"max_hp_gain":0,"max_hp_loss":0,"event_name":"Upgrade Shrine","floor":20,"gold_loss":0,"cards_upgraded":["Cloak And Dagger"]},{"damage_healed":0,"gold_gain":0,"player_choice":"Paid Fearfully","damage_taken":0,"max_hp_gain":0,"max_hp_loss":0,"event_name":"Masked Bandits","floor":27,"gold_loss":93},{"damage_healed":0,"gold_gain":0,"player_choice":"Forge","damage_taken":0,"max_hp_gain":0,"max_hp_loss":0,"event_name":"Accursed Blacksmith","floor":30,"gold_loss":0,"cards_upgraded":["Footwork"]}],"is_beta":false,"boss_relics":[{"not_picked":["Fusion Hammer","HoveringKite"],"picked":"Black Star"}],"items_purged_floors":[19],"is_endless":false,"potions_floor_spawned":[1,2,16,18,29],"killed_by":"Collector","ascension_level":1}