{"gold_per_floor":[110,126,126,401,421,454,454,488,515,532,127,139,139,139,151,260,272,299,343,355,382,143,177,177,92,118,118,218,248,264,299,299,395,395,406,406,406,89,1088,1121,1121,1147,1147,1060,34,34,256,256,256,256],"floor_reached":51,"playtime":4393,"items_purged":["Regret","Normality"],"score":989,"play_id":"9fd6fefb-5893-4b67-9adc-b36a05e786a7","local_time":"20190622025839","is_ascension_mode":true,"campfire_choices":[{"data":"Twin Strike","floor":7,"key":"SMITH"},{"data":"Uppercut","floor":13,"key":"SMITH"},{"data":"Spot Weakness","floor":15,"key":"SMITH"},{"data":"Corruption","floor":27,"key":"SMITH"},{"floor":32,"key":"REST"},{"floor":41,"key":"REST"},{"data":"Apotheosis","floor":46,"key":"SMITH"},{"floor":49,"key":"REST"}],"neow_cost":"NONE","seed_source_timestamp":343670231929000,"circlet_count":0,"master_deck":["Strike_R","Strike_R","Strike_R","Strike_R","Defend_R","Defend_R","Defend_R","Defend_R","Bash","Wild Strike","Iron Wave","Twin Strike+1","Flame Barrier","Battle Trance","Spot Weakness+1","Uppercut+1","Shrug It Off","Cleave","Iron Wave","Bludgeon","Pommel Strike+1","Corruption+1","Heavy Blade","Sentinel","Brutality+1","Demon Form+1","Twin Strike+1","Transmutation","Bandage Up","Sadistic Nature+1","Rupture+1","Mind Blast","Normality","Sentinel+1","Carnage+1","Apotheosis+1","Rampage","Madness","True Grit","Shrug It Off","Feed"],"relics":["Burning Blood","NeowsBlessing","Charon\u0027s Ashes","Mercury Hourglass","Du-Vu Doll","Anchor","MealTicket","MawBank","White Beast Statue","Red Mask","Letter Opener","Bag of Marbles","Question Card","Red Skull","WingedGreaves","Frozen Egg 2","Strawberry","Darkstone Periapt","Runic Cube","Regal Pillow","Kunai","Paper Frog","Ornamental Fan","Happy Flower","Strange Spoon","Juzu Bracelet","Singing Bowl"],"potions_floor_usage":[8,16,16,19,23,24,28,29,29,31,31,33,40,40,42,50],"damage_taken":[{"damage":0,"enemies":"Cultist","floor":1,"turns":1},{"damage":0,"enemies":"Jaw Worm","floor":2,"turns":1},{"damage":0,"enemies":"Small Slimes","floor":5,"turns":1},{"damage":25,"enemies":"3 Sentries","floor":6,"turns":8},{"damage":12,"enemies":"Gremlin Nob","floor":8,"turns":3},{"damage":5,"enemies":"Blue Slaver","floor":10,"turns":3},{"damage":0,"enemies":"Lots of Slimes","floor":12,"turns":1},{"damage":43,"enemies":"The Guardian","floor":16,"turns":11},{"damage":10,"enemies":"3 Byrds","floor":18,"turns":4},{"damage":30,"enemies":"Masked Bandits","floor":19,"turns":5},{"damage":27,"enemies":"Shell Parasite","floor":21,"turns":7},{"damage":10,"enemies":"Gremlin Leader","floor":23,"turns":5},{"damage":0,"enemies":"Centurion and Healer","floor":24,"turns":1},{"damage":0,"enemies":"Colosseum Slavers","floor":28,"turns":3},{"damage":11,"enemies":"Colosseum Nobs","floor":28,"turns":4},{"damage":22,"enemies":"Slavers","floor":29,"turns":5},{"damage":5,"enemies":"3 Cultists","floor":30,"turns":4},{"damage":18,"enemies":"Gremlin Leader","floor":31,"turns":4},{"damage":46,"enemies":"Automaton","floor":33,"turns":7},{"damage":24,"enemies":"Orb Walker","floor":35,"turns":5},{"damage":87,"enemies":"Reptomancer","floor":40,"turns":6},{"damage":22,"enemies":"Nemesis","floor":42,"turns":5},{"damage":87,"enemies":"Awakened One","floor":50,"turns":7}],"seed_played":"-1611253455284716146","potions_obtained":[{"floor":5,"key":"GamblersBrew"},{"floor":6,"key":"BloodPotion"},{"floor":10,"key":"Energy Potion"},{"floor":12,"key":"Ancient Potion"},{"floor":16,"key":"Dexterity Potion"},{"floor":18,"key":"Fruit Juice"},{"floor":19,"key":"SmokeBomb"},{"floor":23,"key":"Poison Potion"},{"floor":28,"key":"FearPotion"},{"floor":29,"key":"SpeedPotion"},{"floor":30,"key":"SpeedPotion"},{"floor":31,"key":"LiquidBronze"},{"floor":33,"key":"PowerPotion"},{"floor":35,"key":"BloodPotion"},{"floor":40,"key":"Fire Potion"},{"floor":42,"key":"Fire Potion"}],"is_trial":false,"path_per_floor":["M","M","T","?","M","E","R","E","T","M","$","M","R","?","R","B",null,"M","?","?","M","$","E","M","?","T","R","?","E","M","E","R","B",null,"M","?","?","$","?","E","R","E","T","?","$","R","?","T","R","B",null],"character_chosen":"IRONCLAD","items_purchased":["Uppercut","Shrug It Off","MealTicket","Cleave","Letter Opener","Rupture+1","Regal Pillow","Mind Blast","Apotheosis","Strange Spoon","Rampage","Madness","True Grit","Shrug It Off","Juzu Bracelet","Feed"],"campfire_rested":3,"item_purchase_floors":[11,11,11,11,22,38,38,38,45,45,45,45,45,45,45,45],"current_hp_per_floor":[80,80,80,80,80,61,61,55,55,56,56,62,62,59,59,30,80,76,57,57,36,51,47,53,53,53,53,54,45,46,34,61,21,92,74,74,64,79,91,24,70,58,58,58,73,73,73,73,104,29],"gold":256,"neow_bonus":"THREE_ENEMY_KILL","is_prod":false,"is_daily":false,"chose_seed":false,"campfire_upgraded":5,"win_rate":0,"timestamp":1561136319,"path_taken":["M","?","?","?","M","E","R","E","T","?","$","M","R","?","R","BOSS","M","?","?","M","$","E","?","?","T","R","?","E","M","E","R","BOSS","M","?","?","$","?","E","R","E","T","?","$","R","?","?","R","BOSS"],"build_version":"2019-01-23","purchased_purges":2,"victory":true,"max_hp_per_floor":[80,80,80,80,80,80,80,80,80,80,80,80,80,80,80,80,80,80,85,85,85,85,85,85,85,85,85,85,92,92,92,92,92,92,92,92,92,92,104,104,104,104,104,104,104,104,104,104,104,104],"card_choices":[{"not_picked":["Havoc","Flex"],"picked":"Wild Strike","floor":1},{"not_picked":["Clash","Wild Strike"],"picked":"Iron Wave","floor":2},{"not_picked":["Anger","True Grit"],"picked":"Twin Strike","floor":5},{"not_picked":["Pommel Strike","Inflame"],"picked":"Flame Barrier","floor":6},{"not_picked":["Havoc","Exhume"],"picked":"Battle Trance","floor":8},{"not_picked":["Iron Wave","Perfected Strike"],"picked":"Spot Weakness","floor":10},{"not_picked":["Clothesline","Reckless Charge"],"picked":"Iron Wave","floor":12},{"not_picked":["Brutality","Dark Embrace"],"picked":"Bludgeon","floor":16},{"not_picked":["Cleave","Thunderclap"],"picked":"Pommel Strike+1","floor":18},{"not_picked":["Flex","Power Through","Hemokinesis"],"picked":"SKIP","floor":21},{"not_picked":["Warcry","Feel No Pain+1"],"picked":"Corruption","floor":23},{"not_picked":["Iron Wave+1","Rupture","Metallicize+1"],"picked":"Heavy Blade","floor":28},{"not_picked":["Dual Wield","Ghostly Armor","Hemokinesis"],"picked":"Sentinel","floor":29},{"not_picked":["Rupture+1","Perfected Strike","Sever Soul+1"],"picked":"Sentinel","floor":30},{"not_picked":["Bloodletting","Thunderclap","Body Slam+1"],"picked":"Brutality+1","floor":31},{"not_picked":["Limit Break","Double Tap","Impervious"],"picked":"Demon Form+1","floor":33},{"not_picked":["Heavy Blade","Anger","Cleave"],"picked":"Twin Strike+1","floor":35},{"not_picked":["Master of Strategy","Chrysalis","Dramatic Entrance"],"picked":"Transmutation","floor":37},{"not_picked":["Finesse","Violence","Discovery"],"picked":"Bandage Up","floor":37},{"not_picked":["PanicButton","Flash of Steel","The Bomb"],"picked":"Sadistic Nature+1","floor":37},{"not_picked":["Rage","Whirlwind","Hemokinesis"],"picked":"Sentinel+1","floor":40},{"not_picked":["Clash+1","Sever Soul+1","Corruption+1"],"picked":"Carnage+1","floor":42}],"player_experience":119562,"relics_obtained":[{"floor":3,"key":"Charon\u0027s Ashes"},{"floor":6,"key":"Mercury Hourglass"},{"floor":8,"key":"Du-Vu Doll"},{"floor":9,"key":"Anchor"},{"floor":19,"key":"Red Mask"},{"floor":23,"key":"Bag of Marbles"},{"floor":26,"key":"Red Skull"},{"floor":28,"key":"WingedGreaves"},{"floor":28,"key":"Frozen Egg 2"},{"floor":29,"key":"Strawberry"},{"floor":31,"key":"Darkstone Periapt"},{"floor":40,"key":"Kunai"},{"floor":42,"key":"Paper Frog"},{"floor":43,"key":"Ornamental Fan"},{"floor":48,"key":"Singing Bowl"}],"event_choices":[{"damage_healed":0,"gold_gain":275,"player_choice":"Desecrate","damage_taken":0,"max_hp_gain":0,"max_hp_loss":0,"event_name":"Golden Shrine","floor":4,"gold_loss":0,"cards_obtained":["Regret"]},{"damage_healed":0,"gold_gain":0,"player_choice":"Success","damage_taken":3,"relics_obtained":["MawBank"],"max_hp_gain":0,"max_hp_loss":0,"event_name":"Scrap Ooze","floor":14,"gold_loss":0},{"damage_healed":0,"gold_gain":0,"player_choice":"Fought Bandits","damage_taken":0,"max_hp_gain":0,"max_hp_loss":0,"event_name":"Masked Bandits","floor":19,"gold_loss":0},{"cards_removed":["Strike_R"],"damage_healed":0,"gold_gain":0,"player_choice":"Card Removal","damage_taken":0,"max_hp_gain":0,"max_hp_loss":0,"event_name":"Wheel of Change","floor":20,"gold_loss":0},{"damage_healed":0,"gold_gain":0,"player_choice":"Obtained Relic","damage_taken":0,"relics_obtained":["Question Card"],"max_hp_gain":0,"max_hp_loss":0,"event_name":"Addict","floor":25,"gold_loss":85},{"damage_healed":0,"gold_gain":0,"player_choice":"Fight","damage_taken":0,"max_hp_gain":0,"max_hp_loss":0,"event_name":"Colosseum","floor":28,"gold_loss":0},{"damage_healed":0,"gold_gain":0,"player_choice":"Fought Nobs","damage_taken":0,"max_hp_gain":0,"max_hp_loss":0,"event_name":"Colosseum","floor":28,"gold_loss":0},{"cards_removed":["Sentinel"],"damage_healed":0,"gold_gain":0,"player_choice":"Removed Skill","damage_taken":0,"max_hp_gain":0,"max_hp_loss":0,"event_name":"Falling","floor":36,"gold_loss":0},{"damage_healed":0,"gold_gain":0,"player_choice":"Memory 3","damage_taken":10,"max_hp_gain":0,"max_hp_loss":0,"event_name":"SensoryStone","floor":37,"gold_loss":0},{"damage_healed":0,"gold_gain":999,"player_choice":"Gold","damage_taken":0,"max_hp_gain":0,"max_hp_loss":0,"event_name":"MindBloom","floor":39,"gold_loss":0,"cards_obtained":["Normality","Normality"]},{"damage_healed":0,"gold_gain":0,"player_choice":"Paid Gold","damage_taken":0,"relics_obtained":["Happy Flower"],"max_hp_gain":0,"max_hp_loss":0,"event_name":"WeMeetAgain","floor":44,"gold_loss":87},{"damage_healed":0,"gold_gain":222,"player_choice":"Wore Mask","damage_taken":0,"max_hp_gain":0,"max_hp_loss":0,"event_name":"Tomb of Lord Red Mask","floor":47,"gold_loss":0}],"is_beta":false,"boss_relics":[{"not_picked":["Cursed Key","Runic Pyramid"],"picked":"White Beast Statue"},{"not_picked":["Astrolabe","Fusion Hammer"],"picked":"Runic Cube"}],"items_purged_floors":[11,45],"is_endless":false,"potions_floor_spawned":[5,6,10,12,16,18,19,21,23,24,28,28,29,30,31,33,35,40,42],"ascension_level":2}