{"gold_per_floor":[367,367,169,180,194,224,45,59,59,59],"floor_reached":10,"playtime":335,"items_purged":[],"score":82,"play_id":"2a657d63-08ba-47dd-9b41-615fffe70721","local_time":"20181127221302","is_ascension_mode":true,"campfire_choices":[],"neow_cost":"TEN_PERCENT_HP_LOSS","seed_source_timestamp":5111249854008805,"circlet_count":0,"master_deck":["Strike_B","Strike_B","Strike_B","Strike_B","Defend_B","Defend_B","Defend_B","Defend_B","Zap","Dualcast","White Noise","White Noise","Meteor Strike","Conserve Battery","Go for the Eyes","BootSequence","Storm","Stack","Cold Snap"],"relics":["Cracked Core","Lantern","Bottled Lightning","Orichalcum","Singing Bowl"],"potions_floor_usage":[10],"damage_taken":[{"damage":2,"enemies":"Jaw Worm","floor":1,"turns":3},{"damage":4,"enemies":"Cultist","floor":4,"turns":5},{"damage":7,"enemies":"2 Louse","floor":5,"turns":3},{"damage":43,"enemies":"Gremlin Nob","floor":6,"turns":5},{"damage":0,"enemies":"2 Fungi Beasts","floor":8,"turns":3},{"damage":15,"enemies":"Exordium Thugs","floor":10,"turns":2}],"seed_played":"-5793979936924811867","potions_obtained":[{"floor":4,"key":"Strength Potion"},{"floor":5,"key":"Ancient Potion"}],"is_trial":false,"path_per_floor":["M","?","$","M","M","E","$","M","T","M"],"character_chosen":"DEFECT","items_purchased":["Lantern","Conserve Battery","Orichalcum","Stack"],"campfire_rested":0,"item_purchase_floors":[3,3,7,7],"current_hp_per_floor":[66,66,66,62,55,12,12,12,12,0],"gold":59,"neow_bonus":"TWO_FIFTY_GOLD","is_prod":false,"is_daily":false,"chose_seed":false,"campfire_upgraded":0,"win_rate":0,"timestamp":1543374782,"path_taken":["M","?","$","?","M","E","$","M","T","M"],"build_version":"2018-11-15","purchased_purges":0,"victory":false,"max_hp_per_floor":[68,68,68,68,68,68,68,68,68,68],"card_choices":[{"not_picked":["Compile Driver","Turbo"],"picked":"White Noise","floor":1},{"not_picked":["Streamline","Rebound"],"picked":"Go for the Eyes","floor":4},{"not_picked":["Fusion","Leap"],"picked":"BootSequence","floor":5},{"not_picked":["Fusion","Fission"],"picked":"Storm","floor":6},{"not_picked":["Beam Cell","Doom and Gloom"],"picked":"Cold Snap","floor":8}],"player_experience":217617,"relics_obtained":[{"floor":6,"key":"Bottled Lightning"},{"floor":9,"key":"Singing Bowl"}],"event_choices":[{"damage_healed":0,"gold_gain":0,"player_choice":"2 cards matched","damage_taken":0,"max_hp_gain":0,"max_hp_loss":0,"event_name":"Match and Keep!","floor":2,"gold_loss":0,"cards_obtained":["White Noise","Meteor Strike"]}],"is_beta":false,"boss_relics":[],"items_purged_floors":[],"is_endless":false,"potions_floor_spawned":[4,5],"killed_by":"Exordium Thugs","ascension_level":4}