{"gold_per_floor":[111,128,128,143,163,163,177,190,241,241,276,551,362,362,362,362],"floor_reached":16,"playtime":489,"items_purged":["Regret"],"score":107,"play_id":"9e5fc50f-8fb5-40b8-a969-ed4650494f52","local_time":"20180917185729","is_ascension_mode":true,"campfire_choices":[{"floor":6,"key":"REST"},{"data":"Storm","floor":10,"key":"SMITH"},{"floor":15,"key":"REST"}],"neow_cost":"","seed_source_timestamp":277788793924081,"circlet_count":0,"master_deck":["Strike_B","Strike_B","Strike_B","Strike_B+1","Defend_B","Defend_B","Defend_B","Defend_B","Zap","Dualcast","Capacitor","Conserve Battery","Sunder","Auto Shields","Storm+1","Hologram","Redo","Redo","Dramatic Entrance+1"],"relics":["Cracked Core","Regal Pillow","Question Card"],"potions_floor_usage":[5,11,16],"damage_taken":[{"damage":7,"enemies":"Small Slimes","floor":1,"turns":4},{"damage":0,"enemies":"Cultist","floor":2,"turns":4},{"damage":4,"enemies":"2 Louse","floor":4,"turns":3},{"damage":11,"enemies":"Lots of Slimes","floor":5,"turns":4},{"damage":2,"enemies":"Exordium Wildlife","floor":7,"turns":6},{"damage":10,"enemies":"Exordium Thugs","floor":8,"turns":4},{"damage":30,"enemies":"3 Sentries","floor":11,"turns":7},{"damage":57,"enemies":"The Guardian","floor":16,"turns":6}],"seed_played":"-5679143243653517804","potions_obtained":[{"floor":2,"key":"SkillPotion"},{"floor":4,"key":"FearPotion"},{"floor":7,"key":"Poison Potion"},{"floor":11,"key":"Ancient Potion"}],"is_trial":false,"path_per_floor":["M","M","?","M","M","R","M","M","T","R","E","?","$","?","R"],"character_chosen":"DEFECT","items_purchased":["Redo","Dramatic Entrance"],"campfire_rested":2,"item_purchase_floors":[13,13],"current_hp_per_floor":[68,68,68,64,53,75,73,63,63,63,33,33,33,18,55,0],"gold":362,"neow_bonus":"","is_prod":false,"is_daily":false,"chose_seed":false,"campfire_upgraded":1,"win_rate":0,"timestamp":1537225049,"path_taken":["M","M","?","?","M","R","M","M","T","R","E","?","$","?","R","BOSS"],"build_version":"2018-09-06","purchased_purges":1,"victory":false,"max_hp_per_floor":[75,75,75,75,75,75,75,75,75,75,75,75,75,75,75,75],"card_choices":[{"not_picked":["Streamline","Ball Lightning"],"picked":"Capacitor","floor":1},{"not_picked":["Go for the Eyes","Lockon"],"picked":"Conserve Battery","floor":2},{"not_picked":["Rebound","Reinforced Body"],"picked":"Sunder","floor":4},{"not_picked":["Leap","Go for the Eyes"],"picked":"Auto Shields","floor":5},{"not_picked":["Seek","Sunder"],"picked":"Storm","floor":7},{"not_picked":["Scrape","Skim"],"picked":"Hologram","floor":8},{"not_picked":["Beam Cell","Leap"],"picked":"Redo","floor":11}],"player_experience":127609,"relics_obtained":[{"floor":9,"key":"Regal Pillow"},{"floor":11,"key":"Question Card"}],"event_choices":[{"event_name":"Wheel of Change","player_choice":"Relic","floor":3,"damage_taken":0},{"event_name":"Golden Shrine","player_choice":"Desecrate","floor":12,"damage_taken":0},{"event_name":"Shining Light","player_choice":"Entered Light","floor":14,"damage_taken":0}],"is_beta":false,"boss_relics":[],"items_purged_floors":[13],"is_endless":false,"potions_floor_spawned":[2,4,7,11],"killed_by":"The Guardian","ascension_level":1}