{"gold_per_floor":[114,129,27,42,57,57,87,87,112,142,179,221,248,260,272,384,396,423,448,475,502,33,93,108,123,123,123],"floor_reached":27,"playtime":1411,"items_purged":[],"score":355,"play_id":"1f90667b-d41e-4ed9-a46e-58d6ed6cb2ea","local_time":"20181127212205","daily_mods":["Insanity","ControlledChaos","DeadlyEvents"],"is_ascension_mode":false,"campfire_choices":[{"data":"Infinite Blades","floor":6,"key":"SMITH"},{"floor":15,"key":"REST"}],"neow_cost":"","seed_source_timestamp":0,"circlet_count":0,"master_deck":["Backstab","Endless Agony","Flying Knee","Noxious Fumes","Poisoned Stab","Dagger Spray","Catalyst","Heel Hook","Flechettes","Crippling Poison","Outmaneuver","Catalyst","Sucker Punch","Dagger Throw","Outmaneuver","Prepared","Leg Sweep","Deflect","Deadly Poison","Bane","Backstab","Caltrops","Riddle With Holes","Blade Dance","Slice","Catalyst","Backflip","Poisoned Stab","Eviscerate","Slice","Accuracy","Crippling Poison","Predator","Underhanded Strike","Infinite Blades+1","Acrobatics","Dodge and Roll","Finisher","Sucker Punch","Slice","Flying Knee","Choke","Well Laid Plans","Flying Knee","Distraction","Eviscerate","Choke","PiercingWail","Finisher","PiercingWail","Bane","Infinite Blades","Noxious Fumes","Flying Knee","Dagger Spray","Dagger Spray","Blur","Leg Sweep","Cloak And Dagger","Bouncing Flask","Parasite","Venomology","Dagger Throw","Quick Slash","Calculated Gamble+1","Infinite Blades","Dramatic Entrance","Storm of Steel","Setup+1","Noxious Fumes+1"],"special_seed":17863,"relics":["Ring of the Snake","Frozen Eye","Girya","Art of War","MawBank","Oddly Smooth Stone","Bag of Marbles","Black Star","Red Mask","Toolbox","Lantern","Tiny Chest","Blood Vial","Tingsha"],"potions_floor_usage":[16,16,16,19,20,25,25,27],"damage_taken":[{"damage":6,"enemies":"Cultist","floor":1,"turns":2},{"damage":0,"enemies":"2 Louse","floor":2,"turns":1},{"damage":0,"enemies":"Jaw Worm","floor":4,"turns":1},{"damage":0,"enemies":"3 Louse","floor":5,"turns":2},{"damage":20,"enemies":"3 Sentries","floor":7,"turns":4},{"damage":11,"enemies":"Lagavulin","floor":10,"turns":5},{"damage":12,"enemies":"3 Sentries","floor":12,"turns":5},{"damage":0,"enemies":"Blue Slaver","floor":13,"turns":1},{"damage":22,"enemies":"Hexaghost","floor":16,"turns":6},{"damage":14,"enemies":"3 Byrds","floor":18,"turns":5},{"damage":6,"enemies":"Masked Bandits","floor":19,"turns":4},{"damage":5,"enemies":"Spheric Guardian","floor":20,"turns":3},{"damage":5,"enemies":"Snake Plant","floor":21,"turns":3},{"damage":0,"enemies":"Gremlin Leader","floor":23,"turns":5},{"damage":9,"enemies":"Centurion and Healer","floor":24,"turns":3},{"damage":18,"enemies":"Sentry and Sphere","floor":25,"turns":4},{"damage":20,"enemies":"Book of Stabbing","floor":27,"turns":2}],"seed_played":"-3448397470738348676","potions_obtained":[{"floor":1,"key":"Dexterity Potion"},{"floor":7,"key":"SpeedPotion"},{"floor":12,"key":"FearPotion"},{"floor":13,"key":"Strength Potion"},{"floor":16,"key":"EssenceOfSteel"},{"floor":18,"key":"Poison Potion"},{"floor":20,"key":"Weak Potion"}],"is_trial":false,"path_per_floor":["M","M","$","M","M","R","E","$","T","E","T","E","M","?","R","B",null,"M","?","M","M","$","E","M","M","T","E"],"character_chosen":"THE_SILENT","items_purchased":["Noxious Fumes","Flying Knee","Toolbox","Lantern","Infinite Blades","Dramatic Entrance"],"campfire_rested":1,"item_purchase_floors":[3,3,22,22,22,22],"current_hp_per_floor":[64,64,64,64,64,64,44,44,44,33,33,21,21,38,59,37,70,56,50,45,40,40,40,33,17,17,0],"gold":123,"neow_bonus":"","is_prod":false,"is_daily":true,"chose_seed":false,"campfire_upgraded":1,"win_rate":0,"timestamp":1543371725,"path_taken":["M","?","?","M","M","R","E","$","T","E","?","?","M","?","R","BOSS","M","?","?","M","?","E","M","M","T","?"],"build_version":"2018-11-15","purchased_purges":0,"victory":false,"max_hp_per_floor":[70,70,70,70,70,70,70,70,70,70,70,70,70,70,70,70,70,70,70,70,70,70,70,70,70,70,70],"card_choices":[{"not_picked":["Tactician","Flying Knee"],"picked":"Bane","floor":1},{"not_picked":["Slice","Outmaneuver"],"picked":"Infinite Blades","floor":2},{"not_picked":["Dodge and Roll","Deflect"],"picked":"Dagger Spray","floor":4},{"not_picked":["Concentrate","Flying Knee"],"picked":"Dagger Spray","floor":5},{"not_picked":["Glass Knife","Catalyst"],"picked":"Blur","floor":7},{"not_picked":["Flying Knee","Grand Finale"],"picked":"Leg Sweep","floor":10},{"not_picked":["Caltrops","Sucker Punch"],"picked":"Cloak And Dagger","floor":12},{"not_picked":["Blade Dance","Dodge and Roll"],"picked":"Bouncing Flask","floor":13},{"not_picked":["Phantasmal Killer","Grand Finale"],"picked":"Venomology","floor":16},{"not_picked":["Bane","Prepared","Outmaneuver"],"picked":"SKIP","floor":18},{"not_picked":["Underhanded Strike","Prepared"],"picked":"Dagger Throw","floor":19},{"not_picked":["Deflect","Choke"],"picked":"Quick Slash","floor":20},{"not_picked":["Concentrate","Masterful Stab+1"],"picked":"Calculated Gamble+1","floor":21},{"not_picked":["Calculated Gamble+1","Deadly Poison"],"picked":"Storm of Steel","floor":23},{"not_picked":["Predator","Underhanded Strike"],"picked":"Setup+1","floor":24},{"not_picked":["Flying Knee","Skewer"],"picked":"Noxious Fumes+1","floor":25}],"player_experience":213524,"relics_obtained":[{"floor":7,"key":"Girya"},{"floor":9,"key":"Art of War"},{"floor":10,"key":"MawBank"},{"floor":11,"key":"Oddly Smooth Stone"},{"floor":12,"key":"Bag of Marbles"},{"floor":19,"key":"Red Mask"},{"floor":23,"key":"Tiny Chest"},{"floor":23,"key":"Blood Vial"},{"floor":26,"key":"Tingsha"}],"event_choices":[{"damage_healed":17,"gold_gain":0,"player_choice":"Healed and dodged fight","damage_taken":0,"max_hp_gain":0,"max_hp_loss":0,"event_name":"Mushrooms","floor":14,"gold_loss":0,"cards_obtained":["Parasite"]},{"damage_healed":0,"gold_gain":0,"player_choice":"Fought Bandits","damage_taken":0,"max_hp_gain":0,"max_hp_loss":0,"event_name":"Masked Bandits","floor":19,"gold_loss":0}],"is_beta":false,"boss_relics":[{"not_picked":["Coffee Dripper","Empty Cage"],"picked":"Black Star"}],"items_purged_floors":[],"is_endless":false,"potions_floor_spawned":[1,7,12,13,16,18,20],"killed_by":"Book of Stabbing","ascension_level":0}