{"gold_per_floor":[112,129,204,204,204,244,264,23,23,23,58,58,74,97,97,97],"floor_reached":16,"playtime":994,"items_purged":["Strike_G"],"score":257,"play_id":"57273460-a6c8-4aa1-b450-82ef1fcd99ab","local_time":"20190621105203","is_ascension_mode":true,"campfire_choices":[{"data":"Dagger Spray","floor":15,"key":"SMITH"}],"neow_cost":"NONE","seed_source_timestamp":752229915340563,"circlet_count":0,"master_deck":["AscendersBane","Defend_G","Defend_G","Defend_G","Defend_G","Defend_G","Strike_G","Strike_G","Strike_G","Strike_G","Survivor","Neutralize","Blur","Deadly Poison","Skewer","Well Laid Plans","Slice","Backflip","Dagger Spray+1"],"relics":["Ring of the Snake","NeowsBlessing","Golden Idol","Calipers","Dream Catcher","Vajra","Question Card","Bottled Lightning"],"potions_floor_usage":[11,11,14],"damage_taken":[{"damage":0,"enemies":"Small Slimes","floor":1,"turns":1},{"damage":0,"enemies":"Jaw Worm","floor":2,"turns":1},{"damage":0,"enemies":"Lagavulin","floor":6,"turns":1},{"damage":0,"enemies":"2 Louse","floor":7,"turns":4},{"damage":12,"enemies":"3 Sentries","floor":11,"turns":7},{"damage":2,"enemies":"Looter","floor":13,"turns":4},{"damage":0,"enemies":"Gremlin Gang","floor":14,"turns":3},{"damage":49,"enemies":"Slime Boss","floor":16,"turns":6}],"seed_played":"-5428299759921326534","potions_obtained":[{"floor":1,"key":"AttackPotion"},{"floor":6,"key":"Fire Potion"},{"floor":11,"key":"Explosive Potion"}],"is_trial":false,"path_per_floor":["M","M","?","?","T","E","M","$","T","?","E","$","M","M","R","B"],"character_chosen":"THE_SILENT","items_purchased":["Vajra"],"campfire_rested":0,"item_purchase_floors":[8],"current_hp_per_floor":[59,59,48,48,48,48,48,48,48,48,36,36,34,34,34,0],"gold":97,"neow_bonus":"THREE_ENEMY_KILL","is_prod":false,"is_daily":false,"chose_seed":false,"campfire_upgraded":1,"win_rate":0,"timestamp":1561085523,"path_taken":["M","M","?","?","?","E","M","$","T","?","E","$","?","M","R","BOSS"],"build_version":"2019-01-23","purchased_purges":1,"victory":false,"max_hp_per_floor":[66,66,66,60,60,60,60,60,60,60,60,60,60,60,60,60],"card_choices":[{"not_picked":["Outmaneuver","Accuracy"],"picked":"Blur","floor":1},{"not_picked":["Sucker Punch","All Out Attack"],"picked":"Deadly Poison","floor":2},{"not_picked":["Dagger Throw","Bullet Time"],"picked":"Skewer","floor":6},{"not_picked":["Cloak And Dagger","Underhanded Strike"],"picked":"Well Laid Plans","floor":7},{"not_picked":["Flying Knee","Acrobatics","Night Terror"],"picked":"Slice","floor":11},{"not_picked":["Bane","Flying Knee","Expertise"],"picked":"Backflip","floor":13},{"not_picked":["Acrobatics","Caltrops","Sucker Punch"],"picked":"Dagger Spray","floor":14}],"player_experience":934615,"relics_obtained":[{"floor":5,"key":"Calipers"},{"floor":6,"key":"Dream Catcher"},{"floor":9,"key":"Question Card"},{"floor":11,"key":"Bottled Lightning"}],"event_choices":[{"damage_healed":0,"gold_gain":75,"player_choice":"Gather Gold","damage_taken":11,"max_hp_gain":0,"max_hp_loss":0,"event_name":"World of Goop","floor":3,"gold_loss":0},{"damage_healed":0,"gold_gain":0,"player_choice":"Lose Max HP","damage_taken":0,"relics_obtained":["Golden Idol"],"max_hp_gain":0,"max_hp_loss":6,"event_name":"Golden Idol","floor":4,"gold_loss":0},{"damage_healed":0,"gold_gain":0,"player_choice":"Ignored","damage_taken":0,"max_hp_gain":0,"max_hp_loss":0,"event_name":"Liars Game","floor":10,"gold_loss":0}],"is_beta":false,"boss_relics":[],"items_purged_floors":[8],"is_endless":false,"potions_floor_spawned":[1,6,11],"killed_by":"Slime Boss","ascension_level":18}