{"gold_per_floor":[110,110,125,125,145,180,180,45,45,61,81,81,100,134,134,235,235,245,171,182,200,211,211,231,231,231,17,47,7,0,25,25,130,130,144,144,158,158,175,175,275,291,338,338,338,338,338,366,366,366],"floor_reached":51,"playtime":3898,"items_purged":["Defend_R"],"score":801,"play_id":"821eeead-5eed-4af9-afaf-e375c0e7dfe6","local_time":"20181220221633","is_ascension_mode":true,"campfire_choices":[{"floor":7,"key":"REST"},{"floor":15,"key":"REST"},{"floor":23,"key":"REST"},{"data":"Juggernaut","floor":25,"key":"SMITH"},{"floor":32,"key":"REST"},{"floor":40,"key":"REST"},{"floor":44,"key":"RECALL"},{"data":"Rage","floor":47,"key":"SMITH"},{"data":"Entrench","floor":49,"key":"SMITH"}],"neow_cost":"NONE","seed_source_timestamp":438100723669768,"circlet_count":0,"master_deck":["Strike_R","Strike_R","Strike_R","Strike_R","Defend_R","Defend_R","Bash","Headbutt","Cleave","Cleave","Feel No Pain","Pommel Strike","True Grit","Jack Of All Trades+1","Pommel Strike","Disarm","Shockwave","Intimidate","Reaper","Flex","Rage+1","Rage","Thunderclap","Battle Trance+1","Juggernaut+1","Dark Shackles","Shrug It Off","Entrench+1","Feel No Pain","Juggernaut","Disarm+1","Pain","Anger","Purity","Infernal Blade+1","Burning Pact","Shrug It Off"],"relics":["Lizard Tail","StoneCalendar","Thread and Needle","Centennial Puzzle","Mark of Pain","Darkstone Periapt","FossilizedHelix","Lantern","White Beast Statue","WarpedTongs","Du-Vu Doll","Letter Opener","Gremlin Horn"],"potions_floor_usage":[16,22,22,31,31,33,37,39,41,48,50,50,50],"damage_taken":[{"damage":7,"enemies":"2 Louse","floor":1,"turns":2},{"damage":8,"enemies":"Jaw Worm","floor":3,"turns":4},{"damage":1,"enemies":"Cultist","floor":5,"turns":4},{"damage":41,"enemies":"3 Sentries","floor":6,"turns":7},{"damage":2,"enemies":"2 Fungi Beasts","floor":10,"turns":2},{"damage":0,"enemies":"Lots of Slimes","floor":11,"turns":2},{"damage":3,"enemies":"Exordium Wildlife","floor":13,"turns":3},{"damage":8,"enemies":"Lagavulin","floor":14,"turns":7},{"damage":14,"enemies":"Hexaghost","floor":16,"turns":8},{"damage":12,"enemies":"Shell Parasite","floor":18,"turns":5},{"damage":0,"enemies":"3 Byrds","floor":20,"turns":5},{"damage":15,"enemies":"Centurion and Healer","floor":21,"turns":8},{"damage":19,"enemies":"Snake Plant","floor":22,"turns":5},{"damage":8,"enemies":"Sentry and Sphere","floor":24,"turns":6},{"damage":35,"enemies":"Gremlin Leader","floor":28,"turns":6},{"damage":5,"enemies":"Book of Stabbing","floor":31,"turns":5},{"damage":4,"enemies":"Champ","floor":33,"turns":12},{"damage":20,"enemies":"3 Darklings","floor":35,"turns":6},{"damage":27,"enemies":"3 Shapes","floor":37,"turns":5},{"damage":4,"enemies":"Sphere and 2 Shapes","floor":39,"turns":4},{"damage":0,"enemies":"Mind Bloom Boss Battle","floor":41,"turns":3},{"damage":37,"enemies":"Spire Growth","floor":42,"turns":5},{"damage":9,"enemies":"Nemesis","floor":48,"turns":7},{"damage":38,"enemies":"Time Eater","floor":50,"turns":11}],"seed_played":"9218278719958341495","potions_obtained":[{"floor":6,"key":"BloodPotion"},{"floor":11,"key":"Weak Potion"},{"floor":18,"key":"PowerPotion"},{"floor":28,"key":"AttackPotion"},{"floor":33,"key":"Poison Potion"},{"floor":35,"key":"AttackPotion"},{"floor":37,"key":"AttackPotion"},{"floor":39,"key":"Strength Potion"},{"floor":41,"key":"EssenceOfSteel"},{"floor":42,"key":"Ancient Potion"},{"floor":48,"key":"SkillPotion"}],"is_trial":false,"path_per_floor":["M","?","M","?","M","E","R","$","T","M","M","?","M","E","R","B",null,"M","$","M","M","M","R","M","R","T","$","E","$","?","E","R","B",null,"M","?","M","?","M","R","?","M","T","R","?","T","R","E","R","B",null],"character_chosen":"IRONCLAD","items_purchased":["PowerPotion","Jack Of All Trades","Rage","Dark Shackles","Energy Potion","Entrench"],"campfire_rested":5,"item_purchase_floors":[8,8,19,27,27,29],"current_hp_per_floor":[73,73,65,65,64,23,47,47,47,45,45,45,42,34,58,44,80,68,68,68,57,42,66,58,58,58,58,23,23,23,26,50,50,80,74,80,53,53,53,78,78,41,41,41,75,75,75,66,66,35],"gold":366,"neow_bonus":"BOSS_RELIC","is_prod":false,"is_daily":false,"chose_seed":false,"campfire_upgraded":3,"win_rate":0,"timestamp":1545372993,"path_taken":["M","?","M","?","M","E","R","$","T","?","M","?","?","E","R","BOSS","M","$","M","M","M","R","M","R","T","$","E","$","?","E","R","BOSS","M","?","?","?","M","R","?","M","T","R","?","?","R","E","R","BOSS"],"build_version":"2018-12-20","purchased_purges":1,"victory":true,"max_hp_per_floor":[80,80,80,80,80,80,80,80,80,80,80,80,80,80,80,80,80,80,80,80,80,80,80,80,80,80,80,80,80,80,80,80,80,80,80,86,86,86,86,86,86,86,86,86,75,75,75,75,75,75],"card_choices":[{"not_picked":["Anger","Warcry"],"picked":"Headbutt","floor":1},{"not_picked":["Fire Breathing","Bloodletting"],"picked":"Cleave","floor":3},{"not_picked":["Body Slam","True Grit"],"picked":"Pommel Strike","floor":5},{"not_picked":["Clothesline","Body Slam"],"picked":"True Grit","floor":6},{"not_picked":["Twin Strike","Limit Break"],"picked":"Pommel Strike","floor":10},{"not_picked":["Warcry","Perfected Strike"],"picked":"Disarm","floor":11},{"not_picked":["Perfected Strike","Sword Boomerang"],"picked":"Shockwave","floor":13},{"not_picked":["Clothesline","True Grit"],"picked":"Intimidate","floor":14},{"not_picked":["Impervious","Exhume"],"picked":"Reaper","floor":16},{"not_picked":["Clash+1","Sword Boomerang"],"picked":"Flex","floor":18},{"not_picked":["Warcry","Pommel Strike"],"picked":"Rage","floor":20},{"not_picked":["Twin Strike+1","Havoc"],"picked":"Thunderclap","floor":21},{"not_picked":["Sword Boomerang+1","Armaments"],"picked":"Battle Trance+1","floor":22},{"not_picked":["Searing Blow+1","True Grit"],"picked":"Juggernaut","floor":24},{"not_picked":["Bloodletting","Sword Boomerang+1"],"picked":"Shrug It Off","floor":28},{"not_picked":["Evolve","Flex"],"picked":"Feel No Pain","floor":31},{"not_picked":["Demon Form","Bludgeon"],"picked":"Juggernaut","floor":33},{"not_picked":["True Grit","Heavy Blade+1"],"picked":"Disarm+1","floor":35},{"not_picked":["Sentinel+1","Hemokinesis"],"picked":"Anger","floor":37},{"not_picked":["Finesse","Impatience"],"picked":"Purity","floor":38},{"not_picked":["Rupture","Havoc"],"picked":"Infernal Blade+1","floor":39},{"not_picked":["Fiend Fire","Clothesline"],"picked":"Burning Pact","floor":41},{"not_picked":["Flex","Fire Breathing","Cleave+1"],"picked":"SKIP","floor":42},{"not_picked":["Iron Wave+1","Clash+1"],"picked":"Shrug It Off","floor":48}],"player_experience":77981,"relics_obtained":[{"floor":6,"key":"StoneCalendar"},{"floor":9,"key":"Thread and Needle"},{"floor":14,"key":"Centennial Puzzle"},{"floor":26,"key":"Darkstone Periapt"},{"floor":28,"key":"FossilizedHelix"},{"floor":31,"key":"Lantern"},{"floor":41,"key":"Du-Vu Doll"},{"floor":46,"key":"Letter Opener"},{"floor":48,"key":"Gremlin Horn"}],"event_choices":[{"damage_healed":0,"gold_gain":0,"cards_transformed":["Strike_R"],"player_choice":"Change","damage_taken":0,"max_hp_gain":0,"max_hp_loss":0,"event_name":"Living Wall","floor":2,"gold_loss":0,"cards_obtained":["Cleave"]},{"damage_healed":0,"gold_gain":0,"cards_transformed":["Defend_R"],"player_choice":"Transformed","damage_taken":0,"max_hp_gain":0,"max_hp_loss":0,"event_name":"Transmorgrifier","floor":4,"gold_loss":0,"cards_obtained":["Feel No Pain"]},{"damage_healed":0,"gold_gain":0,"player_choice":"Upgraded","damage_taken":0,"max_hp_gain":0,"max_hp_loss":0,"event_name":"Upgrade Shrine","floor":12,"gold_loss":0,"cards_upgraded":["Jack Of All Trades"]},{"damage_healed":0,"gold_gain":0,"player_choice":"Paid Fearfully","damage_taken":0,"max_hp_gain":0,"max_hp_loss":0,"event_name":"Masked Bandits","floor":30,"gold_loss":7},{"damage_healed":0,"gold_gain":0,"player_choice":"Rummage","damage_taken":0,"relics_obtained":["WarpedTongs"],"max_hp_gain":0,"max_hp_loss":0,"event_name":"Accursed Blacksmith","floor":36,"gold_loss":0,"cards_obtained":["Pain"]},{"damage_healed":0,"gold_gain":0,"player_choice":"Memory 1","damage_taken":0,"max_hp_gain":0,"max_hp_loss":0,"event_name":"SensoryStone","floor":38,"gold_loss":0},{"damage_healed":0,"gold_gain":0,"player_choice":"Fight","damage_taken":0,"max_hp_gain":0,"max_hp_loss":0,"event_name":"MindBloom","floor":41,"gold_loss":0},{"damage_healed":75,"gold_gain":0,"player_choice":"Heal","damage_taken":0,"max_hp_gain":0,"max_hp_loss":11,"event_name":"The Moai Head","floor":45,"gold_loss":0}],"is_beta":false,"boss_relics":[{"not_picked":["Eternal Feather","Black Star"],"picked":"Mark of Pain"},{"not_picked":["Runic Cube","Runic Pyramid"],"picked":"White Beast Statue"}],"items_purged_floors":[27],"is_endless":false,"potions_floor_spawned":[6,11,14,18,28,33,35,37,39,41,42,48],"ascension_level":3}