{"gold_per_floor":[114,129,104,119,134,164,179,209,234,249,249,229,229,244,244,344,344,359,374,5,5,20,50,65,65,115,145,160,175,190,220,220,320,320,335,94,94,109,124,154,154,154,179,221,248,260,287,314,326,338],"floor_reached":51,"playtime":3006,"items_purged":[],"score":1035,"play_id":"74921857-a370-454d-88ce-18df5204b06b","local_time":"20180920202207","daily_mods":["Heirloom","Cursed Run","Time Dilation"],"is_ascension_mode":false,"campfire_choices":[{"floor":15,"key":"REST"},{"data":"Infinite Blades","floor":25,"key":"SMITH"},{"floor":32,"key":"REST"},{"data":"Accuracy","floor":41,"key":"SMITH"},{"floor":46,"key":"REST"},{"floor":49,"key":"REST"}],"neow_cost":"","seed_source_timestamp":0,"circlet_count":0,"master_deck":["Defend_G","Defend_G","Defend_G","Defend_G","Strike_G","Strike_G","Strike_G","Strike_G","Strike_G","Survivor","Neutralize","Endless Agony","Blade Dance","Prepared","Distraction","Outmaneuver","Acrobatics","Die Die Die","Deflect","Shame","Dagger Spray","Regret","Deflect","Normality","A Thousand Cuts","Backflip","All Out Attack","Bouncing Flask","Blade Dance","Distraction","Accuracy+1","Infinite Blades+1","Venomology","Die Die Die","Blade Dance","Cloak And Dagger","Shame","Infinite Blades","Masterful Stab","All Out Attack","Sucker Punch+1","Deadly Poison+1","Shame","Tools of the Trade","Dagger Throw+1","Accuracy","Dagger Throw","Pain","Endless Agony+1","Acrobatics+1","Venomology","Transmutation","Sadistic Nature","Flash of Steel","Writhe","Predator+1","Accuracy","Cloak And Dagger+1","Dagger Spray+1","Doubt"],"special_seed":17794,"relics":["Cursed Key","Darkstone Periapt","Du-Vu Doll","Unceasing Top","Vajra","Centennial Puzzle","Smiling Mask","Regal Pillow","Orrery","Torii","Ornamental Fan","Art of War","Meat on the Bone","Turnip","White Beast Statue","Anchor","WarpedTongs","Strawberry","MawBank","Potion Belt"],"potions_floor_usage":[6,8,16,18,23,23,23,27,27,28,29,31,31,33,38,39,40,40,40,40,44,47,47,50,50,50,50,50,50],"damage_taken":[{"damage":0,"enemies":"Small Slimes","floor":1,"turns":3},{"damage":3,"enemies":"2 Louse","floor":2,"turns":2},{"damage":1,"enemies":"Jaw Worm","floor":4,"turns":2},{"damage":19,"enemies":"Gremlin Gang","floor":5,"turns":3},{"damage":0,"enemies":"Gremlin Nob","floor":6,"turns":2},{"damage":1,"enemies":"Blue Slaver","floor":7,"turns":2},{"damage":6,"enemies":"Lagavulin","floor":8,"turns":5},{"damage":0,"enemies":"3 Louse","floor":10,"turns":2},{"damage":15,"enemies":"Exordium Thugs","floor":14,"turns":3},{"damage":41,"enemies":"The Guardian","floor":16,"turns":7},{"damage":0,"enemies":"3 Byrds","floor":18,"turns":3},{"damage":10,"enemies":"2 Thieves","floor":19,"turns":2},{"damage":1,"enemies":"Cultist and Chosen","floor":22,"turns":3},{"damage":19,"enemies":"Book of Stabbing","floor":23,"turns":3},{"damage":1,"enemies":"3 Cultists","floor":24,"turns":3},{"damage":1,"enemies":"Gremlin Leader","floor":27,"turns":3},{"damage":8,"enemies":"Shelled Parasite and Fungi","floor":28,"turns":3},{"damage":3,"enemies":"Chosen and Byrds","floor":29,"turns":3},{"damage":0,"enemies":"Sentry and Sphere","floor":30,"turns":3},{"damage":0,"enemies":"Book of Stabbing","floor":31,"turns":2},{"damage":39,"enemies":"Champ","floor":33,"turns":8},{"damage":0,"enemies":"Orb Walker","floor":35,"turns":2},{"damage":6,"enemies":"3 Shapes","floor":38,"turns":2},{"damage":0,"enemies":"Sphere and 2 Shapes","floor":39,"turns":2},{"damage":16,"enemies":"Giant Head","floor":40,"turns":5},{"damage":9,"enemies":"Nemesis","floor":44,"turns":5},{"damage":18,"enemies":"Reptomancer","floor":45,"turns":5},{"damage":29,"enemies":"Maw","floor":47,"turns":5},{"damage":5,"enemies":"4 Shapes","floor":48,"turns":2},{"damage":109,"enemies":"Awakened One","floor":50,"turns":8}],"seed_played":"1139054497184590397","potions_obtained":[{"floor":1,"key":"Weak Potion"},{"floor":2,"key":"AttackPotion"},{"floor":10,"key":"Weak Potion"},{"floor":12,"key":"FearPotion"},{"floor":16,"key":"Explosive Potion"},{"floor":18,"key":"SneckoOil"},{"floor":24,"key":"GhostInAJar"},{"floor":28,"key":"Weak Potion"},{"floor":31,"key":"LiquidBronze"},{"floor":35,"key":"FearPotion"},{"floor":38,"key":"Block Potion"},{"floor":39,"key":"FearPotion"},{"floor":40,"key":"Swift Potion"},{"floor":44,"key":"Dexterity Potion"},{"floor":45,"key":"Regen Potion"},{"floor":47,"key":"Block Potion"},{"floor":48,"key":"Weak Potion"}],"is_trial":false,"path_per_floor":["M","M","$","M","M","E","M","E","T","M","?","?","?","M","R","B",null,"M","M","$","?","M","E","M","R","T","E","M","M","M","E","R","B",null,"M","$","?","M","M","E","R","?","T","E","M","R","M","M","R","B"],"character_chosen":"THE_SILENT","items_purchased":["Prepared","Torii","Venomology","Anchor","Accuracy","Dagger Throw"],"campfire_rested":4,"item_purchase_floors":[3,20,20,36,36,36],"current_hp_per_floor":[70,67,67,66,47,47,46,40,46,46,52,52,52,37,76,41,88,88,78,78,78,77,63,62,62,68,67,59,56,56,56,94,61,100,100,100,106,100,100,91,91,81,87,78,64,114,91,86,119,28],"gold":350,"neow_bonus":"","is_prod":false,"is_daily":true,"chose_seed":false,"campfire_upgraded":2,"win_rate":0,"timestamp":1537489327,"path_taken":["M","M","$","M","M","E","M","E","T","M","?","?","?","M","R","BOSS","M","M","$","?","M","E","M","R","T","E","M","M","M","E","R","BOSS","M","$","?","M","?","E","R","?","T","E","M","R","M","?","R","BOSS"],"build_version":"2018-09-06","purchased_purges":0,"victory":true,"max_hp_per_floor":[70,70,70,70,70,70,70,70,76,76,82,82,82,82,82,88,88,88,88,88,88,88,88,88,88,94,94,94,94,94,94,94,100,100,100,100,106,106,106,113,113,113,119,119,119,119,119,119,119,125],"card_choices":[{"not_picked":["Escape Plan","Underhanded Strike"],"picked":"Endless Agony","floor":1},{"not_picked":["Deadly Poison","Bouncing Flask"],"picked":"Blade Dance","floor":2},{"not_picked":["Blade Dance","Bane"],"picked":"Distraction","floor":4},{"not_picked":["Blur","Skewer"],"picked":"Outmaneuver","floor":5},{"not_picked":["Well Laid Plans","Dash"],"picked":"Acrobatics","floor":6},{"not_picked":["Dagger Spray","Outmaneuver"],"picked":"Die Die Die","floor":7},{"not_picked":["Leg Sweep","Outmaneuver"],"picked":"Deflect","floor":8},{"not_picked":["Prepared","Bane"],"picked":"Dagger Spray","floor":10},{"not_picked":["Dodge and Roll","Bane"],"picked":"Deflect","floor":14},{"not_picked":["Burst","Corpse Explosion"],"picked":"A Thousand Cuts","floor":16},{"not_picked":["Acrobatics","Bane"],"picked":"Backflip","floor":17},{"not_picked":["PiercingWail","Deflect"],"picked":"All Out Attack","floor":17},{"not_picked":["Flying Knee","Cloak And Dagger"],"picked":"Bouncing Flask","floor":17},{"not_picked":["Noxious Fumes","Backstab"],"picked":"Blade Dance","floor":17},{"not_picked":["Leg Sweep","Quick Slash"],"picked":"Distraction","floor":17},{"not_picked":["Flying Knee","Blade Dance"],"picked":"Accuracy","floor":18},{"not_picked":["Quick Slash+1","All Out Attack"],"picked":"Infinite Blades","floor":19},{"not_picked":["Catalyst","Outmaneuver"],"picked":"Die Die Die","floor":22},{"not_picked":["Tactician","Noxious Fumes"],"picked":"Blade Dance","floor":23},{"not_picked":["Dagger Spray","Dodge and Roll"],"picked":"Cloak And Dagger","floor":24},{"not_picked":["All Out Attack","Cloak And Dagger"],"picked":"Infinite Blades","floor":27},{"not_picked":["Flying Knee","Choke"],"picked":"Masterful Stab","floor":28},{"not_picked":["Outmaneuver+1","Crippling Poison"],"picked":"All Out Attack","floor":29},{"not_picked":["Dash+1","Deadly Poison"],"picked":"Sucker Punch+1","floor":30},{"not_picked":["Prepared+1","Leg Sweep"],"picked":"Deadly Poison+1","floor":31},{"not_picked":["Night Terror","Adrenaline"],"picked":"Tools of the Trade","floor":33},{"not_picked":["Well Laid Plans+1","Dagger Spray+1"],"picked":"Dagger Throw+1","floor":35},{"not_picked":["Outmaneuver+1","Cloak And Dagger"],"picked":"Endless Agony+1","floor":38},{"not_picked":["Dagger Throw","Dash"],"picked":"Acrobatics+1","floor":39},{"not_picked":["Skewer","Acrobatics+1"],"picked":"Venomology","floor":40},{"not_picked":["Swift Strike","Finesse"],"picked":"Transmutation","floor":42},{"not_picked":["Dark Shackles","Trip"],"picked":"Sadistic Nature","floor":42},{"not_picked":["Finesse","Panacea"],"picked":"Flash of Steel","floor":42},{"not_picked":["Reflex","Eviscerate"],"picked":"Predator+1","floor":44},{"not_picked":["Concentrate","Reflex+1"],"picked":"Accuracy","floor":45},{"not_picked":["Dodge and Roll+1","Leg Sweep"],"picked":"Cloak And Dagger+1","floor":47},{"not_picked":["Slice+1","Caltrops+1"],"picked":"Dagger Spray+1","floor":48}],"player_experience":150180,"relics_obtained":[{"floor":6,"key":"Vajra"},{"floor":8,"key":"Centennial Puzzle"},{"floor":9,"key":"Smiling Mask"},{"floor":23,"key":"Ornamental Fan"},{"floor":26,"key":"Art of War"},{"floor":27,"key":"Meat on the Bone"},{"floor":31,"key":"Turnip"},{"floor":40,"key":"Strawberry"},{"floor":43,"key":"MawBank"},{"floor":44,"key":"Potion Belt"}],"event_choices":[{"event_name":"Big Fish","player_choice":"Box","floor":11,"damage_taken":0},{"event_name":"The Woman in Blue","player_choice":"Bought 1 Potion","floor":12,"damage_taken":0},{"event_name":"Purifier","player_choice":"One Purge","floor":13,"damage_taken":0},{"event_name":"Purifier","player_choice":"Skipped","floor":21,"damage_taken":0},{"event_name":"Accursed Blacksmith","player_choice":"Rummage","floor":37,"damage_taken":0},{"event_name":"SensoryStone","player_choice":"Memory 3","floor":42,"damage_taken":0}],"is_beta":false,"boss_relics":[{"not_picked":["Empty Cage","Runic Pyramid"],"picked":"Orrery"},{"not_picked":["HoveringKite","Eternal Feather"],"picked":"White Beast Statue"}],"items_purged_floors":[],"is_endless":false,"potions_floor_spawned":[1,2,10,16,18,24,28,31,35,38,39,40,44,45,47,48],"ascension_level":0}