{"gold_per_floor":[116,136,146,161,173,173,203,203,203,223,235,29,29,47,47,122,122,140,156,188,208,228,228,240,290,290,37,55,55,55,70,70,144,144,156,176,54,54,72,72,101,115,115,115,126,126,137,359,359,359],"floor_reached":51,"playtime":3396,"items_purged":["Strike_R","Strike_R"],"score":1253,"play_id":"c6947052-7a27-44e0-8d86-181027bc9d56","local_time":"20181221191448","is_ascension_mode":true,"campfire_choices":[{"data":"Immolate","floor":6,"key":"SMITH"},{"floor":8,"key":"REST"},{"data":"Armaments","floor":13,"key":"SMITH"},{"data":"Flame Barrier","floor":15,"key":"SMITH"},{"floor":23,"key":"REST"},{"data":"Demon Form","floor":29,"key":"SMITH"},{"floor":32,"key":"REST"},{"data":"Offering","floor":40,"key":"SMITH"},{"floor":44,"key":"REST"},{"floor":46,"key":"REST"},{"floor":49,"key":"REST"}],"neow_cost":"PERCENT_DAMAGE","seed_source_timestamp":9708541716891,"circlet_count":0,"master_deck":["AscendersBane","Strike_R","Strike_R","Strike_R","Defend_R","Defend_R","Defend_R","Defend_R","Bash","Immolate+1","Headbutt","Flame Barrier+1","Combust","Armaments+1","Offering+1","Wild Strike+1","Shrug It Off","Uppercut+1","Swift Strike+1","Feed+1","Demon Form+1","True Grit","Iron Wave+1","Carnage+1","Battle Trance","True Grit+1","Reaper+1","Shrug It Off","Intimidate","Sword Boomerang+1","Shrug It Off","Intimidate+1"],"relics":["Black Blood","Molten Egg 2","The Courier","Sozu","Red Mask","Pear","Bag of Preparation","Enchiridion","Pantograph","Girya"],"potions_floor_usage":[33,50],"damage_taken":[{"damage":1,"enemies":"Cultist","floor":1,"turns":3},{"damage":0,"enemies":"2 Louse","floor":2,"turns":2},{"damage":7,"enemies":"Jaw Worm","floor":3,"turns":2},{"damage":27,"enemies":"Exordium Thugs","floor":4,"turns":4},{"damage":8,"enemies":"3 Louse","floor":5,"turns":2},{"damage":17,"enemies":"3 Sentries","floor":7,"turns":4},{"damage":2,"enemies":"Exordium Wildlife","floor":10,"turns":3},{"damage":1,"enemies":"Lots of Slimes","floor":11,"turns":2},{"damage":6,"enemies":"Large Slime","floor":14,"turns":2},{"damage":39,"enemies":"Slime Boss","floor":16,"turns":7},{"damage":11,"enemies":"3 Byrds","floor":18,"turns":4},{"damage":6,"enemies":"Shell Parasite","floor":19,"turns":1},{"damage":7,"enemies":"Masked Bandits","floor":20,"turns":2},{"damage":21,"enemies":"Snake Plant","floor":21,"turns":5},{"damage":28,"enemies":"Sentry and Sphere","floor":22,"turns":4},{"damage":1,"enemies":"3 Cultists","floor":24,"turns":3},{"damage":6,"enemies":"Centurion and Healer","floor":28,"turns":6},{"damage":25,"enemies":"Cultist and Chosen","floor":31,"turns":7},{"damage":67,"enemies":"Collector","floor":33,"turns":8},{"damage":13,"enemies":"3 Darklings","floor":35,"turns":5},{"damage":42,"enemies":"3 Shapes","floor":36,"turns":6},{"damage":12,"enemies":"Jaw Worm Horde","floor":39,"turns":4},{"damage":89,"enemies":"Giant Head","floor":41,"turns":10},{"damage":26,"enemies":"Sphere and 2 Shapes","floor":42,"turns":4},{"damage":82,"enemies":"Writhing Mass","floor":45,"turns":10},{"damage":46,"enemies":"Maw","floor":47,"turns":9},{"damage":71,"enemies":"Time Eater","floor":50,"turns":9}],"seed_played":"-7527118271435839274","potions_obtained":[{"floor":1,"key":"SkillPotion"},{"floor":7,"key":"SneckoOil"},{"floor":16,"key":"LiquidBronze"}],"is_trial":false,"path_per_floor":["M","M","M","M","M","R","E","R","T","M","M","$","R","M","R","B",null,"M","M","?","M","M","R","M","?","T","$","M","R","?","M","R","B",null,"M","M","$","?","M","R","E","M","T","R","M","R","M","?","R","B",null],"character_chosen":"IRONCLAD","items_purchased":["Uppercut+1","Swift Strike+1","Reaper+1","Bag of Preparation","Shrug It Off"],"campfire_rested":6,"item_purchase_floors":[12,12,27,27,37],"current_hp_per_floor":[55,61,60,39,37,37,26,48,48,52,57,57,57,57,57,24,62,57,57,56,41,23,46,51,51,61,61,65,65,44,29,58,44,87,102,74,74,109,107,107,28,30,30,63,31,64,48,48,81,62],"gold":359,"neow_bonus":"THREE_RARE_CARDS","is_prod":false,"is_daily":false,"chose_seed":false,"campfire_upgraded":5,"win_rate":0,"timestamp":1545430488,"path_taken":["M","M","M","M","M","R","E","R","T","M","?","$","R","M","R","BOSS","M","M","?","M","M","R","M","?","T","$","?","R","?","M","R","BOSS","M","M","$","?","M","R","E","M","T","R","?","R","M","?","R","BOSS"],"build_version":"2018-12-20","purchased_purges":2,"victory":true,"max_hp_per_floor":[75,75,75,75,75,75,75,75,75,75,75,75,75,75,75,75,75,75,75,75,75,79,79,79,79,89,89,93,93,93,97,97,101,101,105,109,109,109,109,109,109,113,113,113,113,113,113,113,113,113],"card_choices":[{"not_picked":["Brutality","Offering"],"picked":"Immolate","floor":0},{"not_picked":["Hemokinesis","Pommel Strike"],"picked":"Headbutt","floor":1},{"not_picked":["Thunderclap","Clothesline"],"picked":"Flame Barrier","floor":2},{"not_picked":["Power Through","Entrench"],"picked":"Combust","floor":3},{"not_picked":["Clothesline","Body Slam","Heavy Blade"],"picked":"SKIP","floor":4},{"not_picked":["Warcry","Power Through"],"picked":"Armaments","floor":5},{"not_picked":["Flex","Thunderclap"],"picked":"Offering","floor":7},{"not_picked":["Entrench","Perfected Strike+1"],"picked":"Wild Strike+1","floor":10},{"not_picked":["Sever Soul+1","Fire Breathing"],"picked":"Shrug It Off","floor":11},{"not_picked":["Flex","Wild Strike+1"],"picked":"Feed+1","floor":14},{"not_picked":["Double Tap","Reaper+1"],"picked":"Demon Form","floor":16},{"not_picked":["Inflame","Thunderclap+1"],"picked":"True Grit","floor":18},{"not_picked":["Perfected Strike+1","Hemokinesis+1"],"picked":"Iron Wave+1","floor":19},{"not_picked":["Thunderclap+1","Rampage+1"],"picked":"Carnage+1","floor":21},{"not_picked":["Sword Boomerang+1","Headbutt+1"],"picked":"Battle Trance","floor":22},{"not_picked":["Flex","Entrench"],"picked":"True Grit+1","floor":24},{"not_picked":["Rampage+1","Cleave+1"],"picked":"Shrug It Off","floor":28},{"not_picked":["Brutality","Body Slam+1"],"picked":"Intimidate","floor":31},{"not_picked":["Infernal Blade","Thunderclap+1","Body Slam+1"],"picked":"SKIP","floor":35},{"not_picked":["Battle Trance+1","True Grit+1"],"picked":"Sword Boomerang+1","floor":36},{"not_picked":["Bloodletting","Warcry"],"picked":"Intimidate+1","floor":39},{"not_picked":["Anger+1","Cleave+1","Seeing Red+1"],"picked":"SKIP","floor":41},{"not_picked":["Second Wind","Rupture","Cleave+1"],"picked":"SKIP","floor":42},{"not_picked":["Havoc","Fire Breathing","Warcry"],"picked":"SKIP","floor":45},{"not_picked":["Second Wind","Intimidate","True Grit"],"picked":"SKIP","floor":47}],"player_experience":592569,"relics_obtained":[{"floor":7,"key":"Molten Egg 2"},{"floor":9,"key":"The Courier"},{"floor":20,"key":"Red Mask"},{"floor":26,"key":"Pear"},{"floor":30,"key":"Enchiridion"},{"floor":41,"key":"Pantograph"},{"floor":43,"key":"Girya"}],"event_choices":[{"damage_healed":0,"gold_gain":0,"player_choice":"Fought Bandits","damage_taken":0,"max_hp_gain":0,"max_hp_loss":0,"event_name":"Masked Bandits","floor":20,"gold_loss":0},{"damage_healed":0,"gold_gain":100,"player_choice":"Bet on Murderer","damage_taken":0,"max_hp_gain":0,"max_hp_loss":0,"event_name":"The Joust","floor":25,"gold_loss":50},{"damage_healed":0,"gold_gain":0,"player_choice":"Obtained Book","damage_taken":21,"max_hp_gain":0,"max_hp_loss":0,"event_name":"Cursed Tome","floor":30,"gold_loss":0},{"damage_healed":35,"gold_gain":0,"player_choice":"Full Heal","damage_taken":0,"max_hp_gain":0,"max_hp_loss":0,"event_name":"Wheel of Change","floor":38,"gold_loss":0},{"damage_healed":0,"gold_gain":222,"player_choice":"Wore Mask","damage_taken":0,"max_hp_gain":0,"max_hp_loss":0,"event_name":"Tomb of Lord Red Mask","floor":48,"gold_loss":0}],"is_beta":false,"boss_relics":[{"not_picked":["Runic Cube","Runic Pyramid"],"picked":"Sozu"},{"not_picked":["White Beast Statue","Coffee Dripper"],"picked":"Black Blood"}],"items_purged_floors":[12,37],"is_endless":false,"potions_floor_spawned":[1,7,14,16,18,21,22,28,33,41,42,47],"ascension_level":17}