{"gold_per_floor":[118,118,118,137,158,198,216,252,252,252,286,286,324,342,342,342],"floor_reached":16,"playtime":847,"items_purged":[],"score":162,"play_id":"113406f8-fe65-4ec5-825f-2b329658a607","local_time":"20181215173544","is_ascension_mode":true,"campfire_choices":[{"data":"Infernal Blade","floor":15,"key":"SMITH"}],"neow_cost":"NONE","seed_source_timestamp":162172746156092,"circlet_count":0,"master_deck":["Strike_R","Strike_R","Strike_R","Strike_R","Strike_R","Defend_R","Defend_R","Defend_R","Defend_R","Bash","Reckless Charge","Injury","Spot Weakness","Infernal Blade+1","Cleave","Power Through","Reaper","Parasite","Reckless Charge","Regret","Cleave","Shrug It Off"],"relics":["Burning Blood","NeowsBlessing","Golden Idol","Strawberry","Frozen Egg 2","Darkstone Periapt","Bottled Lightning","Mercury Hourglass","Bag of Preparation"],"potions_floor_usage":[6,8,16,16],"damage_taken":[{"damage":0,"enemies":"Small Slimes","floor":1,"turns":1},{"damage":0,"enemies":"Jaw Worm","floor":4,"turns":1},{"damage":0,"enemies":"Cultist","floor":5,"turns":1},{"damage":26,"enemies":"Lagavulin","floor":6,"turns":5},{"damage":16,"enemies":"Blue Slaver","floor":7,"turns":5},{"damage":13,"enemies":"Gremlin Nob","floor":8,"turns":3},{"damage":31,"enemies":"Lagavulin","floor":11,"turns":5},{"damage":37,"enemies":"Gremlin Nob","floor":13,"turns":5},{"damage":0,"enemies":"2 Fungi Beasts","floor":14,"turns":2},{"damage":60,"enemies":"The Guardian","floor":16,"turns":14}],"seed_played":"6474441441665550063","potions_obtained":[{"floor":1,"key":"Fire Potion"},{"floor":3,"key":"FairyPotion"},{"floor":3,"key":"Strength Potion"},{"floor":7,"key":"Dexterity Potion"},{"floor":13,"key":"Block Potion"}],"is_trial":false,"path_per_floor":["M","?","?","M","M","E","M","E","T","?","E","?","E","M","R","B"],"character_chosen":"IRONCLAD","items_purchased":[],"campfire_rested":0,"item_purchase_floors":[],"current_hp_per_floor":[80,80,80,80,80,67,57,50,50,77,52,58,31,42,42,0],"gold":342,"neow_bonus":"THREE_ENEMY_KILL","is_prod":false,"is_daily":false,"chose_seed":false,"campfire_upgraded":1,"win_rate":0,"timestamp":1544924144,"path_taken":["M","?","?","?","M","E","M","E","T","?","E","?","E","M","R","BOSS"],"build_version":"2018-12-13","purchased_purges":0,"victory":false,"max_hp_per_floor":[80,80,80,80,80,87,87,87,87,93,93,99,99,99,99,99],"card_choices":[{"not_picked":["Second Wind","Burning Pact"],"picked":"Reckless Charge","floor":1},{"not_picked":["Blood for Blood","Cleave"],"picked":"Spot Weakness","floor":4},{"not_picked":["Cleave","Headbutt"],"picked":"Infernal Blade","floor":5},{"not_picked":["Clothesline","Rupture"],"picked":"Cleave","floor":6},{"not_picked":["Iron Wave","Armaments"],"picked":"Power Through","floor":7},{"not_picked":["Flex","Armaments"],"picked":"Reaper","floor":8},{"not_picked":["True Grit","Pommel Strike"],"picked":"Reckless Charge","floor":11},{"not_picked":["Armaments","Anger"],"picked":"Cleave","floor":13},{"not_picked":["Twin Strike","Cleave"],"picked":"Shrug It Off","floor":14}],"player_experience":50550,"relics_obtained":[{"floor":6,"key":"Strawberry"},{"floor":8,"key":"Frozen Egg 2"},{"floor":9,"key":"Darkstone Periapt"},{"floor":11,"key":"Bottled Lightning"},{"floor":13,"key":"Bag of Preparation"}],"event_choices":[{"damage_healed":0,"gold_gain":0,"player_choice":"Take Wound","damage_taken":0,"relics_obtained":["Golden Idol"],"max_hp_gain":0,"max_hp_loss":0,"event_name":"Golden Idol","floor":2,"gold_loss":0,"cards_obtained":["Injury"]},{"damage_healed":0,"gold_gain":0,"player_choice":"Got Potions","damage_taken":0,"max_hp_gain":0,"max_hp_loss":0,"event_name":"Lab","floor":3,"gold_loss":0},{"damage_healed":21,"gold_gain":0,"player_choice":"Healed and dodged fight","damage_taken":0,"max_hp_gain":0,"max_hp_loss":0,"event_name":"Mushrooms","floor":10,"gold_loss":0,"cards_obtained":["Parasite"]},{"damage_healed":0,"gold_gain":0,"player_choice":"Box","damage_taken":0,"relics_obtained":["Mercury Hourglass"],"max_hp_gain":0,"max_hp_loss":0,"event_name":"Big Fish","floor":12,"gold_loss":0,"cards_obtained":["Regret"]}],"is_beta":false,"boss_relics":[],"items_purged_floors":[],"is_endless":false,"potions_floor_spawned":[1,7,13,14],"killed_by":"The Guardian","ascension_level":1}