{"gold_per_floor":[110,72,72,86,86,86,121,121,121,121,121,121,146,164,164,164],"floor_reached":16,"playtime":560,"items_purged":[],"score":154,"play_id":"6b741324-f231-4f4d-9f32-8375a8fd5d1d","local_time":"20190321123313","is_ascension_mode":true,"campfire_choices":[{"data":"Neutralize","floor":6,"key":"SMITH"},{"floor":8,"key":"REST"},{"data":"Leg Sweep","floor":10,"key":"SMITH"},{"data":"Dagger Throw","floor":12,"key":"SMITH"},{"floor":15,"key":"REST"}],"neow_cost":"NONE","seed_source_timestamp":675017411018576,"circlet_count":0,"master_deck":["Defend_G","Defend_G+1","Defend_G","Defend_G","Defend_G","Strike_G","Strike_G","Strike_G+1","Strike_G","Strike_G","Survivor","Neutralize+1","Deadly Poison+1","Leg Sweep+1","Dagger Throw+1"],"relics":["Ring of the Snake","The Specimen","Ninja Scroll","WingedGreaves"],"potions_floor_usage":[13],"damage_taken":[{"damage":1,"enemies":"Small Slimes","floor":1,"turns":5},{"damage":0,"enemies":"2 Louse","floor":4,"turns":3},{"damage":31,"enemies":"3 Sentries","floor":7,"turns":15},{"damage":28,"enemies":"Gremlin Nob","floor":13,"turns":4},{"damage":0,"enemies":"Jaw Worm","floor":14,"turns":3},{"damage":43,"enemies":"Slime Boss","floor":16,"turns":9}],"seed_played":"-1428469195586143349","potions_obtained":[{"floor":4,"key":"Weak Potion"},{"floor":7,"key":"Energy Potion"}],"is_trial":false,"path_per_floor":["M","$","?","M","?","R","E","R","T","R","?","R","E","M","R","B"],"character_chosen":"THE_SILENT","items_purchased":["Leg Sweep"],"campfire_rested":2,"item_purchase_floors":[2],"current_hp_per_floor":[69,69,69,69,54,54,23,46,46,46,46,46,18,18,41,0],"gold":164,"neow_bonus":"TEN_PERCENT_HP_BONUS","is_prod":false,"is_daily":false,"chose_seed":false,"campfire_upgraded":3,"win_rate":0,"timestamp":1553185993,"path_taken":["M","$","?","M","?","R","E","R","T","R","?","R","E","?","R","BOSS"],"build_version":"2019-01-23","purchased_purges":0,"victory":false,"max_hp_per_floor":[77,77,77,77,77,77,77,77,77,77,77,77,77,77,77,77],"card_choices":[{"not_picked":["Acrobatics","Outmaneuver"],"picked":"Deadly Poison","floor":1},{"not_picked":["Prepared","Bouncing Flask","Setup"],"picked":"SKIP","floor":4},{"not_picked":["Acrobatics","Setup"],"picked":"Dagger Throw","floor":7},{"not_picked":["Sucker Punch","Deadly Poison","Bouncing Flask"],"picked":"SKIP","floor":13},{"not_picked":["Dagger Throw","Dodge and Roll","Prepared"],"picked":"SKIP","floor":14}],"player_experience":214437,"relics_obtained":[{"floor":7,"key":"The Specimen"},{"floor":9,"key":"Ninja Scroll"},{"floor":13,"key":"WingedGreaves"}],"event_choices":[{"damage_healed":0,"gold_gain":0,"player_choice":"Ignored","damage_taken":0,"max_hp_gain":0,"max_hp_loss":0,"event_name":"Golden Wing","floor":3,"gold_loss":0},{"damage_healed":0,"gold_gain":0,"player_choice":"Entered Light","damage_taken":15,"max_hp_gain":0,"max_hp_loss":0,"event_name":"Shining Light","floor":5,"gold_loss":0,"cards_upgraded":["Defend_G","Strike_G"]},{"damage_healed":0,"gold_gain":0,"player_choice":"Grow","damage_taken":0,"max_hp_gain":0,"max_hp_loss":0,"event_name":"Living Wall","floor":11,"gold_loss":0,"cards_upgraded":["Deadly Poison"]}],"is_beta":false,"boss_relics":[],"items_purged_floors":[],"is_endless":false,"potions_floor_spawned":[4,7],"killed_by":"Slime Boss","ascension_level":9}