{"gold_per_floor":[113,113,188,188,199,199,228,240,314,344,344,358,358,35,35,112,112,127,147,162,77,77,77,77,77,77,132,157,157,124,144,144,223,223,238,32,46,46],"floor_reached":38,"playtime":1385,"items_purged":["Pain"],"score":705,"play_id":"d41afa2d-52a7-4547-ac3c-213870973537","local_time":"20190507000647","is_ascension_mode":true,"campfire_choices":[{"floor":6.0,"key":"REST"},{"floor":11.0,"key":"REST"},{"data":"Malaise","floor":13.0,"key":"SMITH"},{"data":"Noxious Fumes","floor":15.0,"key":"SMITH"},{"floor":23.0,"key":"REST"},{"data":"Bullet Time","floor":25.0,"key":"SMITH"},{"floor":32.0,"key":"REST"}],"neow_cost":"NONE","seed_source_timestamp":0,"circlet_count":0,"master_deck":["AscendersBane","Defend_G","Defend_G","Defend_G","Defend_G","Defend_G","Strike_G","Strike_G+1","Survivor","Neutralize+1","Quick Slash","Quick Slash","Malaise+1","Backstab","Noxious Fumes+1","Bullet Time+1","Caltrops+1","Cloak And Dagger","Dagger Spray","Phantasmal Killer+1","Crippling Poison+1","Terror+1","Bullet Time+1","Outmaneuver+1","All Out Attack+1","Venomology+1","Leg Sweep+1","Riddle With Holes"],"special_seed":0,"relics":["Ring of the Snake","NeowsBlessing","WarpedTongs","Potion Belt","Kunai","Paper Crane","Meat on the Bone","White Beast Statue","Torii","MutagenicStrength","Toxic Egg 2","Art of War","Question Card","Astrolabe","Frozen Eye"],"potions_floor_usage":[38,38,38],"damage_taken":[{"damage":0.0,"enemies":"2 Louse","floor":1.0,"turns":1.0},{"damage":2.0,"enemies":"Small Slimes","floor":5.0,"turns":1.0},{"damage":0.0,"enemies":"3 Sentries","floor":7.0,"turns":1.0},{"damage":3.0,"enemies":"Cultist","floor":8.0,"turns":5.0},{"damage":23.0,"enemies":"Lagavulin","floor":10.0,"turns":8.0},{"damage":6.0,"enemies":"3 Louse","floor":12.0,"turns":2.0},{"damage":28.0,"enemies":"Slime Boss","floor":16.0,"turns":10.0},{"damage":32.0,"enemies":"3 Byrds","floor":18.0,"turns":6.0},{"damage":14.0,"enemies":"Shell Parasite","floor":19.0,"turns":8.0},{"damage":32.0,"enemies":"Shelled Parasite and Fungi","floor":20.0,"turns":6.0},{"damage":0.0,"enemies":"3 Cultists","floor":22.0,"turns":3.0},{"damage":42.0,"enemies":"Gremlin Leader","floor":28.0,"turns":8.0},{"damage":1.0,"enemies":"Snecko","floor":31.0,"turns":5.0},{"damage":43.0,"enemies":"Collector","floor":33.0,"turns":10.0},{"damage":23.0,"enemies":"Orb Walker","floor":35.0,"turns":5.0},{"damage":24.0,"enemies":"3 Shapes","floor":37.0,"turns":3.0},{"damage":51,"enemies":"Spire Growth","floor":38,"turns":4}],"seed_played":"5429444170419785088","potions_obtained":[{"floor":5.0,"key":"SmokeBomb"},{"floor":12.0,"key":"SneckoOil"},{"floor":18.0,"key":"SpeedPotion"},{"floor":19.0,"key":"SteroidPotion"},{"floor":28.0,"key":"SkillPotion"},{"floor":31.0,"key":"Weak Potion"},{"floor":33.0,"key":"AttackPotion"},{"floor":35.0,"key":"Ancient Potion"}],"is_trial":false,"path_per_floor":["M","?","?","?","M","R","E","M","T","E","R","M","R","$","R","B",null,"M","M","M","?","M","R","?","R","T","T","E","?","$","M","R","B",null,"M","$","M","M"],"character_chosen":"THE_SILENT","items_purchased":["Meat on the Bone","Crippling Poison+1","Frozen Eye"],"campfire_rested":4,"item_purchase_floors":[14,30,36],"current_hp_per_floor":[63,49,38,38,36,57,57,54,54,31,52,46,46,46,46,30,60,40,38,18,18,30,51,51,51,51,51,21,21,21,32,53,22,58,47,47,35,0],"gold":46,"neow_bonus":"THREE_ENEMY_KILL","is_prod":false,"is_daily":false,"chose_seed":false,"campfire_upgraded":3,"win_rate":0,"timestamp":1557202007,"path_taken":["M","?","?","?","M","R","E","M","T","E","R","M","R","$","R","BOSS","M","M","?","?","M","R","?","R","T","?","E","?","?","M","R","BOSS","M","$","M","M"],"build_version":"2019-01-23","purchased_purges":1,"victory":false,"max_hp_per_floor":[70,70,70,70,70,70,70,70,70,70,70,70,70,70,70,70,70,70,70,70,70,70,70,70,70,70,70,70,70,70,70,70,70,70,70,70,70,70],"card_choices":[{"not_picked":["Dodge and Roll","Slice"],"picked":"Quick Slash","floor":1.0},{"not_picked":["Underhanded Strike","Bane"],"picked":"Quick Slash","floor":5.0},{"not_picked":["Prepared","Well Laid Plans"],"picked":"Malaise","floor":7.0},{"not_picked":["Quick Slash","Acrobatics"],"picked":"Backstab","floor":8.0},{"not_picked":["Underhanded Strike","Outmaneuver","Sucker Punch"],"picked":"SKIP","floor":10.0},{"not_picked":["Infinite Blades","Flying Knee"],"picked":"Noxious Fumes","floor":12.0},{"not_picked":["A Thousand Cuts","Wraith Form v2"],"picked":"Bullet Time","floor":16.0},{"not_picked":["Outmaneuver+1","Slice"],"picked":"Caltrops+1","floor":18.0},{"not_picked":["Deflect","Bane"],"picked":"Cloak And Dagger","floor":19.0},{"not_picked":["Prepared","Quick Slash"],"picked":"Dagger Spray","floor":20.0},{"not_picked":["Outmaneuver+1","Choke"],"picked":"Phantasmal Killer+1","floor":28.0},{"not_picked":["Poisoned Stab","Acrobatics+1","Flying Knee+1"],"picked":"Terror+1","floor":31.0},{"not_picked":["Wraith Form v2","Venomology+1","Glass Knife"],"picked":"Bullet Time+1","floor":33.0},{"not_picked":["Deadly Poison+1","Backflip+1","PiercingWail+1"],"picked":"Leg Sweep+1","floor":35.0},{"not_picked":["Bane","Poisoned Stab","Backstab"],"picked":"Riddle With Holes","floor":37.0}],"player_experience":493302,"relics_obtained":[{"floor":7.0,"key":"Potion Belt"},{"floor":9.0,"key":"Kunai"},{"floor":10.0,"key":"Paper Crane"},{"floor":26.0,"key":"Toxic Egg 2"},{"floor":27.0,"key":"Art of War"},{"floor":28.0,"key":"Question Card"}],"event_choices":[{"damage_healed":0.0,"max_hp_gain":0.0,"max_hp_loss":0.0,"gold_gain":0.0,"event_name":"Shining Light","player_choice":"Entered Light","floor":2.0,"gold_loss":0.0,"damage_taken":14.0,"cards_upgraded":["Neutralize","Strike_G"]},{"damage_healed":0.0,"max_hp_gain":0.0,"max_hp_loss":0.0,"gold_gain":75.0,"event_name":"World of Goop","player_choice":"Gather Gold","floor":3.0,"gold_loss":0.0,"damage_taken":11.0},{"damage_healed":0.0,"max_hp_gain":0.0,"max_hp_loss":0.0,"gold_gain":0.0,"event_name":"Accursed Blacksmith","player_choice":"Rummage","floor":4.0,"gold_loss":0.0,"damage_taken":0.0,"relics_obtained":["WarpedTongs"],"cards_obtained":["Pain"]},{"damage_healed":0.0,"max_hp_gain":0.0,"max_hp_loss":0.0,"gold_gain":0.0,"event_name":"Addict","player_choice":"Obtained Relic","floor":21.0,"gold_loss":85.0,"damage_taken":0.0,"relics_obtained":["Torii"]},{"damage_healed":0.0,"max_hp_gain":0.0,"max_hp_loss":0.0,"gold_gain":0.0,"event_name":"Drug Dealer","player_choice":"Inject Mutagens","floor":24.0,"gold_loss":0.0,"damage_taken":0.0,"relics_obtained":["MutagenicStrength"]},{"damage_healed":0.0,"max_hp_gain":0.0,"max_hp_loss":0.0,"gold_gain":0.0,"event_name":"Ghosts","player_choice":"Ignored","floor":29.0,"gold_loss":0.0,"damage_taken":0.0}],"is_beta":false,"boss_relics":[{"not_picked":["Busted Crown","HoveringKite"],"picked":"White Beast Statue"},{"not_picked":["Lizard Tail","Cursed Key"],"picked":"Astrolabe"}],"items_purged_floors":[14],"is_endless":false,"potions_floor_spawned":[5,12,18,19,20,22,28,31,33,35,37],"killed_by":"Spire Growth","ascension_level":13}