{"gold_per_floor":[114,114,139,154,169,229,244,259,284,284,34,49,79,94,94,194,244,259,259,274,274,37,52,67,82,82,82,97,112,127,142,142,242,242,257,257,272,41,41,41],"floor_reached":41,"playtime":2265,"items_purged":[],"score":811,"play_id":"8c65717f-fe52-49fb-9978-0882edfe39bb","local_time":"20190325210033","daily_mods":["Cursed Run","Diverse","Night Terrors"],"is_ascension_mode":false,"campfire_choices":[{"data":"Self Repair","floor":10,"key":"SMITH"},{"floor":15,"key":"REST"},{"data":"Havoc","floor":32,"key":"SMITH"}],"neow_cost":"","seed_source_timestamp":0,"circlet_count":0,"master_deck":["Strike_R+1","Strike_R+1","Strike_R+1","Strike_R+1","Defend_R+1","Defend_R+1","Defend_R+1","Defend_R+1","Bash","Rampage","Clumsy","Anger","Quick Slash","Hologram","Clothesline","Self Repair+1","Regret","Pommel Strike","Rage","Genetic Algorithm","Rampage","Iron Wave","Regret","Core Surge","Havoc+1","Shrug It Off+1","Blade Dance","Writhe","Bandage Up","Noxious Fumes","Sword Boomerang","Headbutt+1","Clumsy","Turbo+1","Armaments+1","Skim","Cleave","Parasite","Echo Form","Outmaneuver+1","Dramatic Entrance","Discovery","Violence","Self Repair+1","Transmutation","Auto Shields","Parasite"],"special_seed":17981,"relics":["Cursed Key","Darkstone Periapt","Du-Vu Doll","Oddly Smooth Stone","Tiny Chest","PreservedInsect","Pen Nib","Dream Catcher","Tiny House","Dodecahedron","Blood Vial","Self Forming Clay","Runic Cube"],"potions_floor_usage":[6,6,13,13,18,24,29,33,40,40,40],"damage_taken":[{"damage":2,"enemies":"2 Louse","floor":1,"turns":2},{"damage":0,"enemies":"Jaw Worm","floor":4,"turns":2},{"damage":0,"enemies":"Cultist","floor":5,"turns":2},{"damage":30,"enemies":"Lagavulin","floor":6,"turns":4},{"damage":16,"enemies":"Large Slime","floor":7,"turns":3},{"damage":0,"enemies":"2 Fungi Beasts","floor":8,"turns":2},{"damage":8,"enemies":"Blue Slaver","floor":12,"turns":2},{"damage":0,"enemies":"Gremlin Nob","floor":13,"turns":2},{"damage":4,"enemies":"Red Slaver","floor":14,"turns":2},{"damage":45,"enemies":"Hexaghost","floor":16,"turns":8},{"damage":10,"enemies":"Shell Parasite","floor":18,"turns":4},{"damage":2,"enemies":"Spheric Guardian","floor":20,"turns":3},{"damage":19,"enemies":"Snecko","floor":23,"turns":5},{"damage":2,"enemies":"Cultist and Chosen","floor":24,"turns":5},{"damage":4,"enemies":"Sentry and Sphere","floor":25,"turns":5},{"damage":0,"enemies":"Snake Plant","floor":28,"turns":3},{"damage":17,"enemies":"3 Cultists","floor":29,"turns":4},{"damage":9,"enemies":"Cultist and Chosen","floor":30,"turns":5},{"damage":3,"enemies":"Shelled Parasite and Fungi","floor":31,"turns":4},{"damage":69,"enemies":"Champ","floor":33,"turns":10},{"damage":11,"enemies":"3 Shapes","floor":35,"turns":5},{"damage":4,"enemies":"3 Darklings","floor":37,"turns":4},{"damage":114,"enemies":"Donu and Deca","floor":40,"turns":10}],"seed_played":"-7145575593227264435","potions_obtained":[{"floor":1,"key":"SkillPotion"},{"floor":5,"key":"Fire Potion"},{"floor":6,"key":"Dexterity Potion"},{"floor":16,"key":"Swift Potion"},{"floor":17,"key":"EssenceOfSteel"},{"floor":18,"key":"Swift Potion"},{"floor":25,"key":"Fire Potion"},{"floor":29,"key":"FearPotion"},{"floor":33,"key":"Ancient Potion"},{"floor":37,"key":"SteroidPotion"}],"is_trial":false,"path_per_floor":["M","?","T","M","M","E","M","M","T","R","$","M","E","M","R","B",null,"M","?","M","?","$","M","M","M","T","?","M","M","M","M","R","B",null,"M","?","M","$","?","B",null],"character_chosen":"IRONCLAD","items_purchased":["Pommel Strike","Regen Potion","Pen Nib","Bandage Up","Blood Vial","Transmutation","Auto Shields"],"campfire_rested":1,"item_purchase_floors":[11,11,11,22,22,38,38],"current_hp_per_floor":[78,62,68,68,68,38,22,22,28,28,28,20,25,21,87,48,98,98,98,96,102,102,99,104,104,110,110,110,93,86,89,89,32,116,116,106,116,116,116,34],"gold":41,"neow_bonus":"","is_prod":false,"is_daily":true,"chose_seed":false,"campfire_upgraded":2,"win_rate":0,"timestamp":1553562033,"path_taken":["M","?","?","M","M","E","M","?","T","R","$","M","E","M","R","BOSS","M","?","?","?","$","M","M","M","T","?","M","M","M","M","R","BOSS","M","?","M","$","?","BOSS"],"build_version":"2019-01-23","purchased_purges":0,"victory":true,"max_hp_per_floor":[80,80,86,86,86,86,86,86,92,92,92,92,92,92,87,93,98,98,98,98,104,104,104,104,104,110,110,110,110,110,110,110,116,116,116,116,116,116,116,122],"card_choices":[{"not_picked":["Recycle","Compile Driver"],"picked":"Rampage","floor":1},{"not_picked":["Pommel Strike","Tempest"],"picked":"Anger","floor":4},{"not_picked":["Dagger Spray","Storm"],"picked":"Quick Slash","floor":5},{"not_picked":["Sentinel","Wild Strike"],"picked":"Hologram","floor":6},{"not_picked":["Malaise","Hologram"],"picked":"Clothesline","floor":7},{"not_picked":["Noxious Fumes","Flying Knee"],"picked":"Self Repair","floor":8},{"not_picked":["Sever Soul","Entrench"],"picked":"Rage","floor":12},{"not_picked":["Reinforced Body","Warcry"],"picked":"Genetic Algorithm","floor":13},{"not_picked":["Reckless Charge","Poisoned Stab"],"picked":"Rampage","floor":14},{"not_picked":["Feel No Pain","Tempest"],"picked":"Iron Wave","floor":15},{"not_picked":["Limit Break","Die Die Die"],"picked":"Core Surge","floor":16},{"not_picked":["Chill","Clothesline"],"picked":"Havoc","floor":17},{"not_picked":["Evolve","Blur+1"],"picked":"Shrug It Off+1","floor":18},{"not_picked":["Flying Knee","Bane"],"picked":"Blade Dance","floor":20},{"not_picked":["Pommel Strike","Dodge and Roll"],"picked":"Noxious Fumes","floor":23},{"not_picked":["Masterful Stab","Endless Agony"],"picked":"Sword Boomerang","floor":24},{"not_picked":["Cleave","Underhanded Strike"],"picked":"Headbutt+1","floor":25},{"not_picked":["Uppercut+1","Prepared"],"picked":"Turbo+1","floor":28},{"not_picked":["Body Slam","Cold Snap+1"],"picked":"Armaments+1","floor":29},{"not_picked":["Cleave+1","Thunderclap"],"picked":"Skim","floor":30},{"not_picked":["Sword Boomerang","Hologram"],"picked":"Cleave","floor":31},{"not_picked":["Impervious","Reaper"],"picked":"Echo Form","floor":33},{"not_picked":["Force Field+1","Iron Wave+1"],"picked":"Outmaneuver+1","floor":35},{"not_picked":["Blind","Magnetism"],"picked":"Dramatic Entrance","floor":36},{"not_picked":["Good Instincts","Blind"],"picked":"Discovery","floor":36},{"not_picked":["Sadistic Nature","HandOfGreed"],"picked":"Violence","floor":36},{"not_picked":["Redo","Poisoned Stab+1"],"picked":"Self Repair+1","floor":37}],"player_experience":381437,"relics_obtained":[{"floor":3,"key":"Oddly Smooth Stone"},{"floor":6,"key":"Tiny Chest"},{"floor":9,"key":"PreservedInsect"},{"floor":13,"key":"Dream Catcher"},{"floor":26,"key":"Self Forming Clay"}],"event_choices":[{"damage_healed":0,"gold_gain":0,"player_choice":"Entered Light","damage_taken":16,"max_hp_gain":0,"max_hp_loss":0,"event_name":"Shining Light","floor":2,"gold_loss":0,"cards_upgraded":["Defend_R","Strike_R"]},{"cards_removed":["Strike_R"],"damage_healed":0,"gold_gain":0,"player_choice":"Offered Basic","damage_taken":0,"max_hp_gain":0,"max_hp_loss":0,"event_name":"Bonfire Elementals","floor":19,"gold_loss":0},{"damage_healed":0,"gold_gain":0,"player_choice":"Opened","damage_taken":0,"relics_obtained":["Dodecahedron"],"max_hp_gain":0,"max_hp_loss":0,"event_name":"The Mausoleum","floor":21,"gold_loss":0,"cards_obtained":["Writhe"]},{"damage_healed":0,"gold_gain":0,"player_choice":"Simplicity","damage_taken":0,"max_hp_gain":0,"max_hp_loss":0,"event_name":"Back to Basics","floor":27,"gold_loss":0,"cards_upgraded":["Strike_R","Strike_R","Strike_R","Defend_R","Defend_R"]},{"damage_healed":0,"gold_gain":0,"player_choice":"Memory 3","damage_taken":10,"max_hp_gain":0,"max_hp_loss":0,"event_name":"SensoryStone","floor":36,"gold_loss":0},{"damage_healed":0,"gold_gain":0,"player_choice":"Took Portal","damage_taken":0,"max_hp_gain":0,"max_hp_loss":0,"event_name":"SecretPortal","floor":39,"gold_loss":0}],"is_beta":false,"boss_relics":[{"not_picked":["Empty Cage","Eternal Feather"],"picked":"Tiny House"},{"not_picked":["Black Star","White Beast Statue"],"picked":"Runic Cube"}],"items_purged_floors":[],"is_endless":false,"potions_floor_spawned":[1,5,6,16,18,25,29,33,37],"ascension_level":0}