{"gold_per_floor":[111,111,131,155,168,168,168,168,168,192,217,258,258,272,272,272],"floor_reached":16,"playtime":803,"items_purged":[],"score":198,"play_id":"556b32f5-e76e-4b25-a354-671d2cbc307a","local_time":"20181223204436","is_ascension_mode":true,"campfire_choices":[{"data":"Flex","floor":6,"key":"SMITH"},{"floor":8,"key":"REST"},{"data":"Fiend Fire","floor":13,"key":"SMITH"},{"data":"True Grit","floor":15,"key":"SMITH"}],"neow_cost":"PERCENT_DAMAGE","seed_source_timestamp":15604942399785,"circlet_count":0,"master_deck":["AscendersBane","Strike_R","Strike_R","Strike_R","Strike_R","Strike_R","Defend_R","Defend_R","Defend_R","Defend_R","Bash","Fiend Fire+1","Twin Strike","Inflame","Shrug It Off","Flex+1","Feed","Cleave","True Grit+1","Uppercut"],"relics":["Burning Blood","Golden Idol","Du-Vu Doll","Prayer Wheel"],"potions_floor_usage":[12,12,16],"damage_taken":[{"damage":1,"enemies":"Cultist","floor":1,"turns":3},{"damage":19,"enemies":"Jaw Worm","floor":3,"turns":4},{"damage":8,"enemies":"2 Louse","floor":4,"turns":3},{"damage":13,"enemies":"Blue Slaver","floor":5,"turns":2},{"damage":9,"enemies":"2 Fungi Beasts","floor":10,"turns":2},{"damage":22,"enemies":"Exordium Thugs","floor":11,"turns":5},{"damage":20,"enemies":"Lagavulin","floor":12,"turns":4},{"damage":9,"enemies":"3 Louse","floor":14,"turns":4},{"damage":47,"enemies":"Slime Boss","floor":16,"turns":6}],"seed_played":"-2923782441826439009","potions_obtained":[{"floor":1,"key":"SkillPotion"},{"floor":4,"key":"Fire Potion"},{"floor":11,"key":"Regen Potion"},{"floor":14,"key":"PowerPotion"}],"is_trial":false,"path_per_floor":["M","?","M","M","M","R","?","R","T","M","M","E","R","M","R","B"],"character_chosen":"IRONCLAD","items_purchased":[],"campfire_rested":1,"item_purchase_floors":[],"current_hp_per_floor":[55,55,42,40,33,33,33,53,53,50,37,35,35,32,32,0],"gold":272,"neow_bonus":"THREE_RARE_CARDS","is_prod":false,"is_daily":false,"chose_seed":false,"campfire_upgraded":3,"win_rate":0,"timestamp":1545608676,"path_taken":["M","?","M","M","M","R","?","R","T","M","M","E","R","M","R","BOSS"],"build_version":"2018-12-20","purchased_purges":0,"victory":false,"max_hp_per_floor":[75,68,68,68,68,68,68,68,68,68,71,71,71,71,71,71],"card_choices":[{"not_picked":["Exhume","Double Tap"],"picked":"Fiend Fire","floor":0},{"not_picked":["Power Through","Clash"],"picked":"Twin Strike","floor":1},{"not_picked":["Sword Boomerang","Clash"],"picked":"Inflame","floor":3},{"not_picked":["Searing Blow","Disarm"],"picked":"Shrug It Off","floor":4},{"not_picked":["Sword Boomerang","Twin Strike"],"picked":"Flex","floor":5},{"not_picked":["Uppercut","Pommel Strike"],"picked":"Feed","floor":10},{"not_picked":["Thunderclap","Wild Strike"],"picked":"Cleave","floor":11},{"not_picked":["Havoc","Clash","Bludgeon"],"picked":"SKIP","floor":12},{"not_picked":["Havoc","Clash","Bludgeon"],"picked":"SKIP","floor":12},{"not_picked":["Fire Breathing","Havoc"],"picked":"True Grit","floor":14},{"not_picked":["Bloodletting","Armaments"],"picked":"Uppercut","floor":14}],"player_experience":628343,"relics_obtained":[{"floor":9,"key":"Du-Vu Doll"},{"floor":12,"key":"Prayer Wheel"}],"event_choices":[{"damage_healed":0,"gold_gain":0,"player_choice":"Lose Max HP","damage_taken":0,"relics_obtained":["Golden Idol"],"max_hp_gain":0,"max_hp_loss":7,"event_name":"Golden Idol","floor":2,"gold_loss":0},{"damage_healed":0,"gold_gain":0,"player_choice":"Fled","damage_taken":0,"max_hp_gain":0,"max_hp_loss":0,"event_name":"Scrap Ooze","floor":7,"gold_loss":0}],"is_beta":false,"boss_relics":[],"items_purged_floors":[],"is_endless":false,"potions_floor_spawned":[1,4,11,14],"killed_by":"Slime Boss","ascension_level":18}