{"gold_per_floor":[111,123,1,1,1,1,22,45,45,61,113,157,182,195,195,314,314,333,333,83,83,97,137,137,176,176,196,196,214,214,229,229,349,349,367,367,367,9,23,23,66,90,114,114,150,150,181,200,200,200],"floor_reached":51,"playtime":2674,"items_purged":[],"score":840,"play_id":"0d263be6-96db-45b6-8b8b-c5ae90900cad","local_time":"20181003004542","is_ascension_mode":true,"campfire_choices":[{"data":"Flex","floor":6,"key":"SMITH"},{"data":"Inflame","floor":15,"key":"SMITH"},{"floor":24,"key":"REST"},{"floor":30,"key":"REST"},{"data":"Heavy Blade","floor":32,"key":"SMITH"},{"data":"Limit Break","floor":40,"key":"SMITH"},{"floor":46,"key":"REST"},{"floor":49,"key":"REST"}],"neow_cost":"NONE","seed_source_timestamp":33990816266665,"circlet_count":0,"master_deck":["Strike_R+1","Strike_R+1","Strike_R+1","Strike_R+1","Strike_R+1","Defend_R+1","Defend_R+1","Defend_R+1","Defend_R+1","Bash","Thunderclap","Shrug It Off","Clash","Flex+1","Heavy Blade+1","Battle Trance+1","Inflame+1","Warcry+1","Limit Break+1","Pommel Strike+1","Headbutt","Flex","Decay","Spot Weakness","Spot Weakness","Pummel","Demon Form+1","Offering","Warcry+1","Pommel Strike+1","Heavy Blade+1","Terror+1"],"relics":["Burning Blood","Golden Idol","Sundial","Pen Nib","Ice Cream","Philosopher\u0027s Stone","Happy Flower","Regal Pillow","Matryoshka","Art of War","Bottled Tornado","Black Star","Red Skull","PrismaticShard","War Paint","Lantern","Self Forming Clay","Ancient Tea Set","Dream Catcher","Boot","Omamori","Juzu Bracelet"],"potions_floor_usage":[16,23,23,23,23,36,45,45,45,45,48],"damage_taken":[{"damage":6,"enemies":"Cultist","floor":1,"turns":4},{"damage":6,"enemies":"2 Louse","floor":2,"turns":3},{"damage":6,"enemies":"Jaw Worm","floor":7,"turns":3},{"damage":9,"enemies":"Blue Slaver","floor":8,"turns":3},{"damage":5,"enemies":"Looter","floor":10,"turns":2},{"damage":21,"enemies":"3 Sentries","floor":12,"turns":6},{"damage":0,"enemies":"2 Fungi Beasts","floor":13,"turns":2},{"damage":2,"enemies":"Blue Slaver","floor":14,"turns":2},{"damage":34,"enemies":"The Guardian","floor":16,"turns":7},{"damage":23,"enemies":"2 Thieves","floor":18,"turns":3},{"damage":16,"enemies":"Chosen","floor":22,"turns":3},{"damage":37,"enemies":"Gremlin Leader","floor":23,"turns":4},{"damage":15,"enemies":"Slavers","floor":25,"turns":3},{"damage":11,"enemies":"Snake Plant","floor":27,"turns":2},{"damage":9,"enemies":"Snecko","floor":29,"turns":3},{"damage":14,"enemies":"Cultist and Chosen","floor":31,"turns":3},{"damage":43,"enemies":"Collector","floor":33,"turns":5},{"damage":20,"enemies":"3 Darklings","floor":35,"turns":3},{"damage":9,"enemies":"Orb Walker","floor":39,"turns":2},{"damage":30,"enemies":"Nemesis","floor":41,"turns":3},{"damage":29,"enemies":"Maw","floor":42,"turns":4},{"damage":23,"enemies":"Giant Head","floor":45,"turns":5},{"damage":19,"enemies":"2 Orb Walkers","floor":47,"turns":2},{"damage":26,"enemies":"Transient","floor":48,"turns":5},{"damage":67,"enemies":"Donu and Deca","floor":50,"turns":5}],"seed_played":"7552468654388686520","potions_obtained":[{"floor":7,"key":"Swift Potion"},{"floor":8,"key":"EntropicBrew"},{"floor":13,"key":"Weak Potion"},{"floor":14,"key":"FairyPotion"},{"floor":16,"key":"Dexterity Potion"},{"floor":18,"key":"AttackPotion"},{"floor":25,"key":"Fire Potion"},{"floor":33,"key":"Weak Potion"},{"floor":36,"key":"Fruit Juice"},{"floor":36,"key":"BloodPotion"},{"floor":36,"key":"EntropicBrew"},{"floor":41,"key":"SteroidPotion"},{"floor":47,"key":"PowerPotion"}],"is_trial":false,"path_per_floor":["M","M","$","?","$","R","M","M","T","M","T","E","M","M","R","B",null,"M","?","$","?","M","E","R","E","T","M","?","M","R","M","R","B",null,"M","?","?","$","M","R","E","M","T","?","E","R","E","M","R","B"],"character_chosen":"IRONCLAD","items_purchased":["Dropkick","Flex","Headbutt","Flex","Happy Flower","Red Skull","PrismaticShard"],"campfire_rested":4,"item_purchase_floors":[3,3,20,20,20,38,38],"current_hp_per_floor":[80,80,80,74,74,74,74,71,71,72,72,57,63,67,67,39,74,57,57,57,57,47,16,53,44,44,39,39,36,73,65,65,28,74,60,65,79,79,76,76,52,29,29,29,12,50,37,17,55,10],"gold":200,"neow_bonus":"THREE_CARDS","is_prod":false,"is_daily":false,"chose_seed":false,"campfire_upgraded":4,"win_rate":0,"timestamp":1538538342,"path_taken":["M","M","?","?","?","R","M","M","T","M","?","E","M","?","R","BOSS","M","?","$","?","M","E","R","E","T","M","?","M","R","M","R","BOSS","M","?","?","$","M","R","E","M","T","?","E","R","E","M","R","BOSS"],"build_version":"2018-09-27","purchased_purges":0,"victory":true,"max_hp_per_floor":[80,80,80,74,74,74,74,74,74,74,74,74,74,74,74,74,74,74,74,74,74,74,74,74,74,74,74,74,74,74,74,74,74,74,74,79,79,79,79,79,79,79,79,79,79,79,79,79,79,79],"card_choices":[{"not_picked":["True Grit","Pommel Strike"],"picked":"Thunderclap","floor":0},{"not_picked":["Metallicize","Clothesline"],"picked":"Shrug It Off","floor":1},{"not_picked":["Reckless Charge","Evolve"],"picked":"Clash","floor":2},{"not_picked":["Corruption","Bloodletting"],"picked":"Heavy Blade","floor":7},{"not_picked":["Rage","Power Through","Reaper"],"picked":"SKIP","floor":8},{"not_picked":["Evolve","Sword Boomerang","Sever Soul"],"picked":"SKIP","floor":10},{"not_picked":["Perfected Strike","Warcry"],"picked":"Battle Trance","floor":12},{"not_picked":["Wild Strike","Warcry"],"picked":"Inflame","floor":13},{"not_picked":["Sever Soul","Sword Boomerang"],"picked":"Warcry","floor":14},{"not_picked":["Double Tap","Juggernaut"],"picked":"Limit Break","floor":16},{"not_picked":["Clash","Disarm"],"picked":"Pommel Strike+1","floor":18},{"not_picked":["Shrug It Off","Pommel Strike","Body Slam"],"picked":"SKIP","floor":22},{"not_picked":["Shrug It Off","Pommel Strike","Body Slam"],"picked":"SKIP","floor":22},{"not_picked":["Shrug It Off","Perfected Strike","Iron Wave"],"picked":"SKIP","floor":23},{"not_picked":["Sever Soul","Seeing Red"],"picked":"Spot Weakness","floor":25},{"not_picked":["Whirlwind","Clothesline+1"],"picked":"Spot Weakness","floor":27},{"not_picked":["Shockwave","Thunderclap+1"],"picked":"Pummel","floor":29},{"not_picked":["Cleave+1","Warcry"],"picked":"Demon Form","floor":31},{"not_picked":["Demon Form","Juggernaut"],"picked":"Offering","floor":33},{"not_picked":["Reckless Charge","True Grit+1"],"picked":"Warcry+1","floor":35},{"not_picked":["Poisoned Stab","Dagger Throw+1"],"picked":"Pommel Strike+1","floor":39},{"not_picked":["True Grit","Finesse+1","Sentinel+1"],"picked":"SKIP","floor":41},{"not_picked":["Recycle","Havoc+1","Slice+1"],"picked":"SKIP","floor":42},{"not_picked":["Eviscerate","Caltrops","Body Slam"],"picked":"SKIP","floor":45},{"not_picked":["Metamorphosis","Sweeping Beam"],"picked":"Heavy Blade+1","floor":46},{"not_picked":["Perfected Strike","Poisoned Stab+1","PiercingWail"],"picked":"SKIP","floor":47},{"not_picked":["Acrobatics+1","Predator","Flying Knee"],"picked":"SKIP","floor":48},{"not_picked":["Sword Boomerang","Jack Of All Trades+1"],"picked":"Terror+1","floor":49}],"player_experience":102894,"relics_obtained":[{"floor":9,"key":"Sundial"},{"floor":11,"key":"Pen Nib"},{"floor":12,"key":"Ice Cream"},{"floor":23,"key":"Regal Pillow"},{"floor":25,"key":"Matryoshka"},{"floor":26,"key":"Art of War"},{"floor":26,"key":"Bottled Tornado"},{"floor":41,"key":"War Paint"},{"floor":41,"key":"Lantern"},{"floor":43,"key":"Self Forming Clay"},{"floor":43,"key":"Ancient Tea Set"},{"floor":45,"key":"Dream Catcher"},{"floor":45,"key":"Boot"},{"floor":47,"key":"Omamori"},{"floor":47,"key":"Juzu Bracelet"}],"event_choices":[{"event_name":"Golden Idol","player_choice":"Lose Max HP","floor":4,"damage_taken":0},{"event_name":"Back to Basics","player_choice":"Simplicity","floor":19,"damage_taken":0},{"event_name":"Match and Keep!","player_choice":"1 cards matched","floor":21,"damage_taken":0},{"event_name":"Match and Keep!","player_choice":"1 cards matched","floor":21,"damage_taken":0},{"event_name":"The Mausoleum","player_choice":"No","floor":28,"damage_taken":0},{"event_name":"The Lab","player_choice":"Got Potions","floor":36,"damage_taken":0},{"event_name":"Bonfire Elementals","player_choice":"UNCOMMON","floor":37,"damage_taken":0},{"event_name":"Accursed Blacksmith","player_choice":"Forge","floor":44,"damage_taken":0}],"is_beta":false,"boss_relics":[{"not_picked":["Astrolabe","Lizard Tail"],"picked":"Philosopher\u0027s Stone"},{"not_picked":["Runic Cube","White Beast Statue"],"picked":"Black Star"}],"items_purged_floors":[],"is_endless":false,"potions_floor_spawned":[7,8,13,14,16,18,25,33,35,41,47],"ascension_level":1}