{"gold_per_floor":[113,38,38,56,56,76,76,90,90,90],"floor_reached":10,"playtime":288,"items_purged":[],"score":116,"play_id":"2ac91563-0c69-4256-9262-aaddff39a0e1","local_time":"20190318152416","is_ascension_mode":true,"campfire_choices":[{"data":"Dagger Spray","floor":7,"key":"SMITH"}],"neow_cost":"NONE","seed_source_timestamp":1570304440805,"circlet_count":0,"master_deck":["AscendersBane","Defend_G","Defend_G","Defend_G","Defend_G","Defend_G","Strike_G","Strike_G","Strike_G","Strike_G","Survivor","Neutralize","Dagger Spray+1","Endless Agony","Flying Knee"],"relics":["Ring of the Snake","NeowsBlessing","Golden Idol","Meat on the Bone","Pocketwatch"],"potions_floor_usage":[],"damage_taken":[{"damage":0,"enemies":"2 Louse","floor":1,"turns":1},{"damage":0,"enemies":"Small Slimes","floor":4,"turns":1},{"damage":0,"enemies":"Jaw Worm","floor":6,"turns":1},{"damage":0,"enemies":"3 Louse","floor":8,"turns":3},{"damage":73,"enemies":"Lagavulin","floor":10,"turns":9}],"seed_played":"-4448353297213356433","potions_obtained":[{"floor":4,"key":"GamblersBrew"}],"is_trial":false,"path_per_floor":["M","?","?","M","T","M","R","M","T","E"],"character_chosen":"THE_SILENT","items_purchased":[],"campfire_rested":0,"item_purchase_floors":[],"current_hp_per_floor":[59,59,59,59,59,59,59,59,59,0],"gold":90,"neow_bonus":"THREE_ENEMY_KILL","is_prod":false,"is_daily":false,"chose_seed":false,"campfire_upgraded":1,"win_rate":0,"timestamp":1552933456,"path_taken":["M","?","?","M","?","M","R","M","T","E"],"build_version":"2019-01-23","purchased_purges":0,"victory":false,"max_hp_per_floor":[66,66,60,60,60,60,60,60,60,60],"card_choices":[{"not_picked":["Bane","Acrobatics"],"picked":"Dagger Spray","floor":1},{"not_picked":["Bane","Blade Dance","Acrobatics"],"picked":"SKIP","floor":4},{"not_picked":["Sucker Punch","Riddle With Holes"],"picked":"Endless Agony","floor":6},{"not_picked":["Escape Plan","Accuracy"],"picked":"Flying Knee","floor":8}],"player_experience":964722,"relics_obtained":[{"floor":5,"key":"Meat on the Bone"},{"floor":9,"key":"Pocketwatch"}],"event_choices":[{"cards_removed":["Strike_G"],"damage_healed":0,"gold_gain":0,"player_choice":"Card Removal","damage_taken":0,"max_hp_gain":0,"max_hp_loss":0,"event_name":"The Cleric","floor":2,"gold_loss":75},{"damage_healed":0,"gold_gain":0,"player_choice":"Lose Max HP","damage_taken":0,"relics_obtained":["Golden Idol"],"max_hp_gain":0,"max_hp_loss":6,"event_name":"Golden Idol","floor":3,"gold_loss":0}],"is_beta":false,"boss_relics":[],"items_purged_floors":[],"is_endless":false,"potions_floor_spawned":[4],"killed_by":"Lagavulin","ascension_level":20}