{"gold_per_floor":[11,24,42,59,75,75,85,85,85,85,119,137,155,167,167,272,272,261,277,304,304,7,7,7,7,7,7,7,39,39,55,55,150,150,170,170,183,56,56,90,90,90,117,129,148,148,160,174,174,174,174,174,63,93,93],"floor_reached":56,"playtime":2589,"items_purged":["Strike_R"],"score":1281,"play_id":"c4fce248-6920-4710-af25-dace2bb11a7c","local_time":"20181223184456","is_ascension_mode":false,"campfire_choices":[{"data":"Feed","floor":6,"key":"SMITH"},{"data":"True Grit","floor":8,"key":"SMITH"},{"data":"Uppercut","floor":10,"key":"SMITH"},{"data":"Bash","floor":15,"key":"SMITH"},{"data":"1","floor":23,"key":"LIFT"},{"data":"2","floor":27,"key":"LIFT"},{"data":"3","floor":32,"key":"LIFT"},{"floor":41,"key":"REST"},{"floor":46,"key":"RECALL"},{"data":"Heavy Blade","floor":49,"key":"SMITH"},{"data":"Disarm","floor":52,"key":"SMITH"}],"neow_cost":"NO_GOLD","seed_source_timestamp":6617459611995,"circlet_count":0,"master_deck":["Strike_R","Strike_R","Strike_R","Defend_R","Defend_R","Defend_R","Defend_R","Bash+1","Feed+1","True Grit+1","Uppercut+1","Burning Pact","Pummel","Metallicize","Feel No Pain","Iron Wave","Reaper","Spot Weakness+1","Battle Trance+1","Spot Weakness","Necronomicurse","Shrug It Off","Sword Boomerang","Exhume","Power Through","Heavy Blade+1","Headbutt","Disarm+1","Flame Barrier","Disarm","Evolve","Battle Trance+1"],"relics":["Burning Blood","Singing Bowl","Vajra","Sozu","Red Mask","Girya","Necronomicon","Letter Opener","Lizard Tail","Lantern","Centennial Puzzle","Pen Nib"],"potions_floor_usage":[11,16,16,40],"damage_taken":[{"damage":0,"enemies":"Cultist","floor":1,"turns":3},{"damage":2,"enemies":"Small Slimes","floor":2,"turns":4},{"damage":6,"enemies":"Jaw Worm","floor":3,"turns":3},{"damage":8,"enemies":"2 Fungi Beasts","floor":4,"turns":5},{"damage":15,"enemies":"Looter","floor":5,"turns":3},{"damage":10,"enemies":"Red Slaver","floor":7,"turns":3},{"damage":19,"enemies":"Gremlin Nob","floor":11,"turns":5},{"damage":2,"enemies":"3 Louse","floor":12,"turns":4},{"damage":2,"enemies":"Blue Slaver","floor":13,"turns":3},{"damage":7,"enemies":"Large Slime","floor":14,"turns":10},{"damage":11,"enemies":"Slime Boss","floor":16,"turns":10},{"damage":20,"enemies":"2 Thieves","floor":18,"turns":4},{"damage":8,"enemies":"Chosen","floor":19,"turns":5},{"damage":43,"enemies":"Masked Bandits","floor":20,"turns":6},{"damage":20,"enemies":"Book of Stabbing","floor":29,"turns":5},{"damage":0,"enemies":"Snecko","floor":31,"turns":4},{"damage":61,"enemies":"Collector","floor":33,"turns":9},{"damage":33,"enemies":"3 Darklings","floor":35,"turns":4},{"damage":37,"enemies":"3 Shapes","floor":37,"turns":7},{"damage":92,"enemies":"Reptomancer","floor":40,"turns":9},{"damage":31,"enemies":"Jaw Worm Horde","floor":44,"turns":3},{"damage":0,"enemies":"Transient","floor":45,"turns":5},{"damage":15,"enemies":"4 Shapes","floor":47,"turns":4},{"damage":12,"enemies":"Sphere and 2 Shapes","floor":48,"turns":4},{"damage":130,"enemies":"Donu and Deca","floor":50,"turns":10},{"damage":49,"enemies":"Shield and Spear","floor":54,"turns":6},{"damage":199,"enemies":"The Heart","floor":55,"turns":11}],"seed_played":"1015385889274276453","potions_obtained":[{"floor":4,"key":"Poison Potion"},{"floor":5,"key":"SkillPotion"},{"floor":7,"key":"Poison Potion"},{"floor":11,"key":"Energy Potion"}],"is_trial":false,"path_per_floor":["M","M","M","M","M","R","M","R","T","R","E","M","M","M","R","B",null,"M","M","?","?","$","R","$","?","T","R","?","E","$","M","R","B",null,"M","?","M","$","?","E","R","?","T","M","M","R","M","M","R","B",null,"R","$","E","B",null],"character_chosen":"IRONCLAD","items_purchased":["Girya","Headbutt","Disarm","Evolve"],"campfire_rested":1,"item_purchase_floors":[22,38,53,53],"current_hp_per_floor":[83,86,89,90,84,84,84,84,84,84,77,85,95,98,98,97,123,114,116,92,64,64,64,64,48,48,48,48,58,58,78,78,114,144,121,121,127,127,127,84,129,129,129,125,150,150,152,158,158,50,162,162,162,161,17],"gold":93,"neow_bonus":"THREE_RARE_CARDS","is_prod":false,"is_daily":false,"chose_seed":false,"campfire_upgraded":6,"win_rate":0,"timestamp":1545601496,"path_taken":["M","?","M","M","M","R","M","R","T","R","E","?","M","M","R","BOSS","M","M","?","?","$","R","$","?","T","R","?","E","?","M","R","BOSS","M","?","?","$","?","E","R","?","T","M","M","R","M","M","R","BOSS","R","$","E","BOSS"],"build_version":"2018-12-20","purchased_purges":1,"victory":true,"max_hp_per_floor":[83,86,89,92,95,95,99,99,99,99,105,109,115,119,119,123,123,123,127,131,136,136,136,136,136,136,136,136,140,140,140,140,144,144,148,148,152,152,144,150,150,150,150,150,150,150,152,158,158,162,162,162,162,166,166],"card_choices":[{"not_picked":["Double Tap","Demon Form"],"picked":"Feed","floor":0},{"not_picked":["Warcry","Wild Strike"],"picked":"True Grit","floor":1},{"not_picked":["Perfected Strike","Sword Boomerang"],"picked":"Uppercut","floor":2},{"not_picked":["Perfected Strike","Clothesline","Dark Embrace"],"picked":"SKIP","floor":3},{"not_picked":["Twin Strike","Wild Strike"],"picked":"Burning Pact","floor":4},{"not_picked":["Evolve","Armaments"],"picked":"Pummel","floor":5},{"not_picked":["True Grit","Fire Breathing"],"picked":"Metallicize","floor":7},{"not_picked":["Rupture","Sentinel","Cleave"],"picked":"Singing Bowl","floor":11},{"not_picked":["Shrug It Off","Cleave"],"picked":"Feel No Pain","floor":12},{"not_picked":["Clothesline","Searing Blow","Dark Embrace"],"picked":"Singing Bowl","floor":13},{"not_picked":["Reckless Charge","Body Slam"],"picked":"Iron Wave","floor":14},{"not_picked":["Dark Embrace","Feed"],"picked":"Reaper","floor":16},{"not_picked":["Armaments","Wild Strike"],"picked":"Spot Weakness+1","floor":18},{"not_picked":["Headbutt+1","Uppercut"],"picked":"Battle Trance+1","floor":19},{"not_picked":["Perfected Strike","Pommel Strike+1"],"picked":"Spot Weakness","floor":20},{"not_picked":["Warcry","Havoc"],"picked":"Shrug It Off","floor":29},{"not_picked":["Warcry+1","Clothesline"],"picked":"Sword Boomerang","floor":31},{"not_picked":["Berserk","Impervious"],"picked":"Exhume","floor":33},{"not_picked":["Anger+1","Clothesline+1"],"picked":"Power Through","floor":35},{"not_picked":["Body Slam+1","Carnage+1"],"picked":"Heavy Blade","floor":37},{"not_picked":["Fire Breathing+1","Double Tap","Thunderclap"],"picked":"Singing Bowl","floor":40},{"not_picked":["Warcry+1","Anger+1"],"picked":"Disarm","floor":44},{"not_picked":["Havoc","Headbutt+1"],"picked":"Flame Barrier","floor":45},{"not_picked":["Spot Weakness+1","True Grit+1","Twin Strike+1"],"picked":"Singing Bowl","floor":47},{"not_picked":["Body Slam","Corruption+1","Fire Breathing"],"picked":"Singing Bowl","floor":48},{"not_picked":["Fire Breathing+1","Armaments+1"],"picked":"Battle Trance+1","floor":54}],"player_experience":622991,"relics_obtained":[{"floor":9,"key":"Singing Bowl"},{"floor":11,"key":"Vajra"},{"floor":20,"key":"Red Mask"},{"floor":25,"key":"Necronomicon"},{"floor":29,"key":"Letter Opener"},{"floor":40,"key":"Lantern"},{"floor":43,"key":"Centennial Puzzle"},{"floor":54,"key":"Pen Nib"}],"event_choices":[{"damage_healed":0,"gold_gain":0,"player_choice":"Fought Bandits","damage_taken":0,"max_hp_gain":0,"max_hp_loss":0,"event_name":"Masked Bandits","floor":20,"gold_loss":0},{"damage_healed":0,"gold_gain":0,"player_choice":"Shed Blood","damage_taken":33,"max_hp_gain":5,"max_hp_loss":0,"event_name":"Forgotten Altar","floor":21,"gold_loss":0},{"damage_healed":0,"gold_gain":0,"player_choice":"Obtained Book","damage_taken":16,"max_hp_gain":0,"max_hp_loss":0,"event_name":"Cursed Tome","floor":25,"gold_loss":0},{"damage_healed":0,"gold_gain":0,"player_choice":"Ignored","damage_taken":0,"max_hp_gain":0,"max_hp_loss":0,"event_name":"Vampires","floor":28,"gold_loss":0},{"damage_healed":0,"gold_gain":0,"player_choice":"Ignored","damage_taken":0,"max_hp_gain":0,"max_hp_loss":0,"event_name":"NoteForYourself","floor":36,"gold_loss":0},{"damage_healed":0,"gold_gain":0,"player_choice":"Max HP","damage_taken":0,"max_hp_gain":0,"max_hp_loss":8,"event_name":"Winding Halls","floor":39,"gold_loss":0},{"cards_removed":["Strike_R"],"damage_healed":0,"gold_gain":0,"player_choice":"Removed Attack","damage_taken":0,"max_hp_gain":0,"max_hp_loss":0,"event_name":"Falling","floor":42,"gold_loss":0}],"is_beta":false,"boss_relics":[{"not_picked":["Pandora\u0027s Box","Philosopher\u0027s Stone"],"picked":"Sozu"},{"not_picked":["Empty Cage","Busted Crown"],"picked":"Lizard Tail"}],"items_purged_floors":[38],"is_endless":false,"potions_floor_spawned":[4,5,7,11,18,19,33,40,44,45,47,54],"ascension_level":0}