{"gold_per_floor":[114,127,127,127,81,116,116,149,176,19,38,52,52,65,65,169,169,188,188,198,198,211,211,245,245,245,265,265,280,280,280,280,280],"floor_reached":33,"playtime":984,"items_purged":[],"score":426,"play_id":"5d17ea03-c358-4832-a756-6f16f152fb3e","local_time":"20190620183447","is_ascension_mode":true,"campfire_choices":[{"data":"Armaments","floor":7,"key":"SMITH"},{"floor":15,"key":"REST"},{"data":"Demon Form","floor":23,"key":"SMITH"},{"floor":25,"key":"REST"},{"data":"Bludgeon","floor":28,"key":"SMITH"},{"data":"Inflame","floor":32,"key":"SMITH"}],"neow_cost":"CURSE","seed_source_timestamp":745056336902023,"circlet_count":0,"master_deck":["AscendersBane","Strike_R","Strike_R","Strike_R","Strike_R+1","Strike_R","Defend_R","Defend_R","Defend_R","Defend_R","Bash","Shame","Inflame","Armaments+1","Thunderclap","Pommel Strike","Heavy Blade+1","Immolate","Demon Form+1","Shrug It Off","Armaments","Bludgeon+1","Shrug It Off","Sword Boomerang","Disarm","Clumsy","Armaments+1","Inflame+1","Parasite"],"relics":["Burning Blood","Pocketwatch","Paper Frog","Bronze Scales","Happy Flower","Whetstone","Cursed Key","Orichalcum","The Courier","Meat on the Bone"],"potions_floor_usage":[16,33,33],"damage_taken":[{"damage":20,"enemies":"Cultist","floor":1,"turns":5},{"damage":14,"enemies":"Jaw Worm","floor":2,"turns":3},{"damage":24,"enemies":"Gremlin Nob","floor":6,"turns":4},{"damage":31,"enemies":"3 Sentries","floor":8,"turns":6},{"damage":0,"enemies":"2 Louse","floor":11,"turns":1},{"damage":11,"enemies":"Looter","floor":12,"turns":2},{"damage":12,"enemies":"Lots of Slimes","floor":14,"turns":2},{"damage":37,"enemies":"The Guardian","floor":16,"turns":9},{"damage":0,"enemies":"3 Byrds","floor":18,"turns":2},{"damage":7,"enemies":"Chosen","floor":20,"turns":2},{"damage":10,"enemies":"Centurion and Healer","floor":22,"turns":6},{"damage":38,"enemies":"Slavers","floor":24,"turns":3},{"damage":4,"enemies":"Shelled Parasite and Fungi","floor":27,"turns":4},{"damage":7,"enemies":"Snecko","floor":29,"turns":3},{"damage":93,"enemies":"Champ","floor":33,"turns":8}],"seed_played":"42537151053202454","potions_obtained":[{"floor":1,"key":"LiquidBronze"},{"floor":2,"key":"Swift Potion"},{"floor":18,"key":"BloodPotion"},{"floor":27,"key":"AttackPotion"}],"is_trial":false,"path_per_floor":["M","M","T","?","$","E","R","E","T","$","M","M","?","M","R","B",null,"M","?","M","?","M","R","E","R","T","M","R","M","?","T","R","B"],"character_chosen":"IRONCLAD","items_purchased":["Thunderclap","Immolate"],"campfire_rested":2,"item_purchase_floors":[5,10],"current_hp_per_floor":[58,50,50,76,76,58,58,33,33,33,39,34,34,28,52,21,65,71,71,70,70,66,66,34,58,58,60,60,59,80,80,80,0],"gold":280,"neow_bonus":"ONE_RARE_RELIC","is_prod":false,"is_daily":false,"chose_seed":false,"campfire_upgraded":4,"win_rate":0,"timestamp":1561070087,"path_taken":["M","M","?","?","$","E","R","E","T","?","?","M","?","M","R","BOSS","M","?","M","?","M","R","E","R","T","?","R","M","?","?","R","BOSS"],"build_version":"2019-01-23","purchased_purges":0,"victory":false,"max_hp_per_floor":[80,80,80,80,80,80,80,80,80,80,80,80,80,80,80,80,80,80,80,80,80,80,80,80,80,80,80,80,80,80,80,80,80],"card_choices":[{"not_picked":["Havoc","Sword Boomerang"],"picked":"Inflame","floor":1},{"not_picked":["Seeing Red","Clothesline"],"picked":"Armaments","floor":2},{"not_picked":["Shockwave","Iron Wave"],"picked":"Pommel Strike","floor":6},{"not_picked":["Uppercut","Cleave"],"picked":"Heavy Blade","floor":8},{"not_picked":["Cleave","Headbutt"],"picked":"Demon Form","floor":11},{"not_picked":["True Grit","Sever Soul"],"picked":"Shrug It Off","floor":12},{"not_picked":["Perfected Strike","Disarm"],"picked":"Armaments","floor":14},{"not_picked":["Feed","Brutality"],"picked":"Bludgeon","floor":16},{"not_picked":["Flex","Dual Wield"],"picked":"Shrug It Off","floor":18},{"not_picked":["Cleave","Combust"],"picked":"Sword Boomerang","floor":20},{"not_picked":["Burning Pact","Hemokinesis+1","Shockwave"],"picked":"SKIP","floor":22},{"not_picked":["Evolve","Pummel"],"picked":"Disarm","floor":24},{"not_picked":["Cleave","Immolate"],"picked":"Armaments+1","floor":27},{"not_picked":["Pommel Strike+1","Iron Wave"],"picked":"Inflame","floor":29}],"player_experience":845477,"relics_obtained":[{"floor":3,"key":"Paper Frog"},{"floor":6,"key":"Bronze Scales"},{"floor":8,"key":"Happy Flower"},{"floor":9,"key":"Whetstone"},{"floor":24,"key":"Orichalcum"},{"floor":26,"key":"The Courier"},{"floor":31,"key":"Meat on the Bone"}],"event_choices":[{"damage_healed":26,"gold_gain":0,"player_choice":"Banana","damage_taken":0,"max_hp_gain":0,"max_hp_loss":0,"event_name":"Big Fish","floor":4,"gold_loss":0},{"damage_healed":0,"gold_gain":0,"player_choice":"Ignored","damage_taken":0,"max_hp_gain":0,"max_hp_loss":0,"event_name":"Shining Light","floor":13,"gold_loss":0},{"damage_healed":0,"gold_gain":0,"player_choice":"Ignored","damage_taken":0,"max_hp_gain":0,"max_hp_loss":0,"event_name":"Ghosts","floor":19,"gold_loss":0},{"damage_healed":0,"gold_gain":0,"player_choice":"Leave","damage_taken":0,"max_hp_gain":0,"max_hp_loss":0,"event_name":"FaceTrader","floor":21,"gold_loss":0},{"damage_healed":26,"gold_gain":0,"player_choice":"Heal","damage_taken":0,"max_hp_gain":0,"max_hp_loss":0,"event_name":"The Library","floor":30,"gold_loss":0}],"is_beta":false,"boss_relics":[{"not_picked":["White Beast Statue","Orrery"],"picked":"Cursed Key"}],"items_purged_floors":[],"is_endless":false,"potions_floor_spawned":[1,2,8,12,18,24,27,29],"killed_by":"Champ","ascension_level":11}