{"gold_per_floor":[114,114,64,64,83,83,114,114,161,177,191,28,48,68,68,173,173,154,154,154,174,127,127,161,161,161,22,22],"floor_reached":28,"playtime":1095,"items_purged":["Parasite","Writhe"],"score":283,"play_id":"1c7a45b7-cc0f-42e6-9e3b-9b53b257a35d","local_time":"20181030190638","is_ascension_mode":true,"campfire_choices":[{"data":"Coolheaded","floor":6,"key":"SMITH"},{"floor":15,"key":"REST"},{"floor":23,"key":"REST"}],"neow_cost":"TEN_PERCENT_HP_LOSS","seed_source_timestamp":4516904492592,"circlet_count":0,"master_deck":["Strike_B+1","Strike_B+1","Strike_B+1","Defend_B+1","Defend_B+1","Defend_B+1","Defend_B+1","Zap+1","Dualcast","Beam Cell","Coolheaded+1","Chaos","Hello World","Defragment","Ball Lightning","Chaos","Cold Snap","Creative AI","Compile Driver","Conserve Battery","Compile Driver","Redo","BootSequence+1","Defragment"],"relics":["Cracked Core","Ginger","Bottled Flame","PreservedInsect","Runic Dome","Dream Catcher","Turnip","Torii"],"potions_floor_usage":[7,11,13,13,16,16],"damage_taken":[{"damage":3,"enemies":"Small Slimes","floor":1,"turns":2},{"damage":4,"enemies":"2 Louse","floor":5,"turns":2},{"damage":9,"enemies":"3 Sentries","floor":7,"turns":7},{"damage":1,"enemies":"Cultist","floor":10,"turns":3},{"damage":0,"enemies":"Looter","floor":11,"turns":1},{"damage":30,"enemies":"Gremlin Gang","floor":13,"turns":4},{"damage":0,"enemies":"Large Slime","floor":14,"turns":4},{"damage":37,"enemies":"Hexaghost","floor":16,"turns":12},{"damage":28,"enemies":"2 Thieves","floor":18,"turns":4},{"damage":9,"enemies":"Chosen","floor":21,"turns":5},{"damage":13,"enemies":"Gremlin Leader","floor":24,"turns":5},{"damage":37,"enemies":"Book of Stabbing","floor":28,"turns":4}],"seed_played":"5468512699916058699","potions_obtained":[{"floor":4,"key":"Strength Potion"},{"floor":4,"key":"FocusPotion"},{"floor":4,"key":"EntropicBrew"},{"floor":5,"key":"Energy Potion"},{"floor":10,"key":"Fire Potion"},{"floor":16,"key":"EssenceOfSteel"},{"floor":18,"key":"Dexterity Potion"},{"floor":21,"key":"Explosive Potion"}],"is_trial":false,"path_per_floor":["M","?","?","?","M","R","E","?","T","M","M","$","M","M","R","B",null,"M","?","?","M","$","R","E","?","T","$"],"character_chosen":"DEFECT","items_purchased":["Defragment","Ball Lightning","Redo","Defragment"],"campfire_rested":2,"item_purchase_floors":[12,12,22,27],"current_hp_per_floor":[65,65,65,65,61,61,52,68,68,67,67,65,35,35,54,17,65,37,37,37,28,28,47,34,34,34,34,0],"gold":22,"neow_bonus":"ONE_RARE_RELIC","is_prod":false,"is_daily":false,"chose_seed":false,"campfire_upgraded":1,"win_rate":0,"timestamp":1540937198,"path_taken":["M","?","?","?","M","R","E","?","T","M","M","$","M","M","R","BOSS","M","?","?","M","$","R","E","?","T","$","E"],"build_version":"2018-10-25v2","purchased_purges":2,"victory":false,"max_hp_per_floor":[68,68,68,68,68,68,68,68,68,68,68,65,65,65,65,65,65,65,65,65,65,65,65,65,65,65,65,65],"card_choices":[{"not_picked":["Reinforced Body","Undo"],"picked":"Beam Cell","floor":1},{"not_picked":["Stack","Storm"],"picked":"Coolheaded","floor":5},{"not_picked":["Rip and Tear","Rebound"],"picked":"Chaos","floor":7},{"not_picked":["Turbo","Compile Driver"],"picked":"Hello World","floor":10},{"not_picked":["Turbo","Reinforced Body","Force Field"],"picked":"SKIP","floor":11},{"not_picked":["Rip and Tear","Ball Lightning"],"picked":"Chaos","floor":13},{"not_picked":["Redo","Rebound"],"picked":"Cold Snap","floor":14},{"not_picked":["Amplify","Machine Learning"],"picked":"Creative AI","floor":16},{"not_picked":["Hologram","Streamline"],"picked":"Compile Driver","floor":18},{"not_picked":["Lockon","Darkness"],"picked":"Compile Driver","floor":21},{"not_picked":["Consume","Darkness"],"picked":"BootSequence+1","floor":24}],"player_experience":182718,"relics_obtained":[{"floor":7,"key":"Bottled Flame"},{"floor":9,"key":"PreservedInsect"},{"floor":24,"key":"Dream Catcher"},{"floor":26,"key":"Torii"}],"event_choices":[{"damage_healed":0,"gold_gain":0,"player_choice":"Grow","damage_taken":0,"max_hp_gain":0,"max_hp_loss":0,"event_name":"Living Wall","floor":2,"gold_loss":0,"cards_upgraded":["Zap"]},{"cards_removed":["Strike_B"],"damage_healed":0,"gold_gain":0,"player_choice":"Card Removal","damage_taken":0,"max_hp_gain":0,"max_hp_loss":0,"event_name":"The Cleric","floor":3,"gold_loss":50},{"damage_healed":0,"gold_gain":0,"player_choice":"Got Potions","damage_taken":0,"max_hp_gain":0,"max_hp_loss":0,"event_name":"The Lab","floor":4,"gold_loss":0},{"damage_healed":17,"gold_gain":0,"player_choice":"Healed and dodged fight","damage_taken":0,"max_hp_gain":0,"max_hp_loss":0,"event_name":"Mushrooms","floor":8,"gold_loss":0,"cards_obtained":["Parasite"]},{"damage_healed":0,"gold_gain":0,"player_choice":"Read","damage_taken":0,"max_hp_gain":0,"max_hp_loss":0,"event_name":"The Library","floor":19,"gold_loss":0,"cards_obtained":["Conserve Battery"]},{"damage_healed":0,"gold_gain":0,"player_choice":"Simplicity","damage_taken":0,"max_hp_gain":0,"max_hp_loss":0,"event_name":"Back to Basics","floor":20,"gold_loss":0,"cards_upgraded":["Strike_B","Strike_B","Strike_B","Defend_B","Defend_B","Defend_B","Defend_B"]},{"damage_healed":0,"gold_gain":0,"player_choice":"Opened","damage_taken":0,"relics_obtained":["Turnip"],"max_hp_gain":0,"max_hp_loss":0,"event_name":"The Mausoleum","floor":25,"gold_loss":0,"cards_obtained":["Writhe"]}],"is_beta":false,"boss_relics":[{"not_picked":["Coffee Dripper","Lizard Tail"],"picked":"Runic Dome"}],"items_purged_floors":[12,27],"is_endless":false,"potions_floor_spawned":[5,10,13,14,16,18,21],"killed_by":"Book of Stabbing","ascension_level":4}