{"gold_per_floor":[110,126,140,152,165,165,192,192,192,192,203,223,237,252,252,356,356,374,388,399,399],"floor_reached":21,"playtime":1159,"items_purged":[],"score":189,"play_id":"edca6ebf-2d00-474f-aa61-2e3a5ade5497","local_time":"20190115141829","is_ascension_mode":false,"campfire_choices":[{"floor":6,"key":"REST"},{"floor":15,"key":"REST"}],"neow_cost":"NONE","seed_source_timestamp":556216165210991,"circlet_count":0,"master_deck":["Defend_G","Defend_G","Defend_G","Defend_G","Defend_G","Strike_G","Strike_G","Strike_G","Strike_G","Strike_G","Survivor","Neutralize","Poisoned Stab","Poisoned Stab","Sucker Punch","Finisher","Glass Knife","Sucker Punch","Dagger Spray","Underhanded Strike","Skewer","Slice","Die Die Die","Noxious Fumes+1","Poisoned Stab+1","Skewer"],"relics":["Ring of the Snake","Calipers","Bottled Flame","Frozen Egg 2","Black Star"],"potions_floor_usage":[16,16],"damage_taken":[{"damage":0,"enemies":"Small Slimes","floor":1,"turns":4},{"damage":2,"enemies":"Cultist","floor":2,"turns":4},{"damage":10,"enemies":"Jaw Worm","floor":3,"turns":5},{"damage":4,"enemies":"Blue Slaver","floor":4,"turns":4},{"damage":8,"enemies":"Red Slaver","floor":5,"turns":3},{"damage":26,"enemies":"Lagavulin","floor":7,"turns":5},{"damage":3,"enemies":"3 Louse","floor":11,"turns":3},{"damage":0,"enemies":"Exordium Wildlife","floor":12,"turns":2},{"damage":9,"enemies":"Blue Slaver","floor":13,"turns":2},{"damage":2,"enemies":"2 Fungi Beasts","floor":14,"turns":3},{"damage":54,"enemies":"The Guardian","floor":16,"turns":9},{"damage":25,"enemies":"Shell Parasite","floor":18,"turns":5},{"damage":6,"enemies":"Chosen","floor":19,"turns":3},{"damage":37,"enemies":"3 Cultists","floor":20,"turns":5},{"damage":40,"enemies":"Snecko","floor":21,"turns":4}],"seed_played":"-4256784432663910229","potions_obtained":[{"floor":1,"key":"FairyPotion"},{"floor":4,"key":"Explosive Potion"},{"floor":12,"key":"Fire Potion"},{"floor":14,"key":"PowerPotion"},{"floor":18,"key":"PowerPotion"},{"floor":19,"key":"Swift Potion"}],"is_trial":false,"path_per_floor":["M","M","M","M","M","R","E","?","T","?","M","M","M","M","R","B",null,"M","M","M","M"],"character_chosen":"THE_SILENT","items_purchased":[],"campfire_rested":2,"item_purchase_floors":[],"current_hp_per_floor":[77,75,65,61,53,76,50,50,50,50,47,47,38,36,59,5,77,52,46,9,0],"gold":399,"neow_bonus":"TEN_PERCENT_HP_BONUS","is_prod":false,"is_daily":false,"chose_seed":false,"campfire_upgraded":0,"win_rate":0.0,"timestamp":1547579909,"path_taken":["M","M","M","M","M","R","E","?","T","?","M","M","M","M","R","BOSS","M","?","M","M"],"build_version":"2019-01-10","purchased_purges":0,"victory":false,"max_hp_per_floor":[77,77,77,77,77,77,77,77,77,77,77,77,77,77,77,77,77,77,77,77,77],"card_choices":[{"not_picked":["Heel Hook","Backflip"],"picked":"Poisoned Stab","floor":1},{"not_picked":["Crippling Poison","Bane"],"picked":"Poisoned Stab","floor":2},{"not_picked":["Blur","Backflip"],"picked":"Sucker Punch","floor":3},{"not_picked":["Footwork","Quick Slash"],"picked":"Finisher","floor":4},{"not_picked":["Acrobatics","All Out Attack"],"picked":"Glass Knife","floor":5},{"not_picked":["Noxious Fumes","Distraction"],"picked":"Sucker Punch","floor":7},{"not_picked":["Leg Sweep","All Out Attack"],"picked":"Dagger Spray","floor":11},{"not_picked":["Expertise","Bane"],"picked":"Underhanded Strike","floor":12},{"not_picked":["Backflip","Choke"],"picked":"Skewer","floor":13},{"not_picked":["Crippling Poison","Choke"],"picked":"Slice","floor":14},{"not_picked":["Night Terror","Unload"],"picked":"Die Die Die","floor":16},{"not_picked":["Calculated Gamble","PiercingWail+1"],"picked":"Noxious Fumes+1","floor":18},{"not_picked":["Escape Plan+1","Underhanded Strike"],"picked":"Poisoned Stab+1","floor":19},{"not_picked":["Well Laid Plans+1","All Out Attack+1"],"picked":"Skewer","floor":20}],"player_experience":12731,"relics_obtained":[{"floor":7,"key":"Calipers"},{"floor":9,"key":"Bottled Flame"}],"event_choices":[{"damage_healed":0,"gold_gain":0,"player_choice":"Ignored","damage_taken":0,"max_hp_gain":0,"max_hp_loss":0,"event_name":"Golden Wing","floor":8,"gold_loss":0},{"damage_healed":0,"gold_gain":0,"player_choice":"Gave Potion","damage_taken":0,"relics_obtained":["Frozen Egg 2"],"max_hp_gain":0,"max_hp_loss":0,"event_name":"WeMeetAgain","floor":10,"gold_loss":0}],"is_beta":false,"boss_relics":[{"not_picked":["Fusion Hammer","Ectoplasm"],"picked":"Black Star"}],"items_purged_floors":[],"is_endless":false,"potions_floor_spawned":[1,4,12,14,18,19],"killed_by":"Snecko","ascension_level":0}