{"gold_per_floor":[119,194,194,206,219,219,219,232,284,284,300,329,348,368,368,368],"floor_reached":16,"playtime":310,"items_purged":[],"score":104,"play_id":"e1b40ad7-5285-4dd2-b9d4-a959cb9e5832","local_time":"20190212204326","is_ascension_mode":false,"campfire_choices":[{"data":"Bash","floor":6,"key":"SMITH"},{"data":"Inflame","floor":15,"key":"SMITH"}],"neow_cost":"NONE","seed_source_timestamp":13702139049446,"circlet_count":0,"master_deck":["Strike_R","Strike_R","Strike_R","Defend_R","Defend_R","Defend_R","Defend_R","Bash+1","Headbutt","Corruption+1","Flex","Twin Strike","Offering","Inflame+1","Iron Wave","Anger","Heavy Blade"],"relics":["Burning Blood","PreservedInsect","Vajra"],"potions_floor_usage":[12,16],"damage_taken":[{"damage":2,"enemies":"2 Louse","floor":1,"turns":4},{"damage":11,"enemies":"Jaw Worm","floor":4,"turns":3},{"damage":3,"enemies":"Small Slimes","floor":5,"turns":3},{"damage":15,"enemies":"Exordium Thugs","floor":8,"turns":4},{"damage":18,"enemies":"3 Louse","floor":11,"turns":4},{"damage":14,"enemies":"Lagavulin","floor":12,"turns":3},{"damage":9,"enemies":"Red Slaver","floor":13,"turns":2},{"damage":17,"enemies":"Large Slime","floor":14,"turns":5},{"damage":30,"enemies":"Hexaghost","floor":16,"turns":7}],"seed_played":"-589545954437433920","potions_obtained":[{"floor":8,"key":"Poison Potion"},{"floor":13,"key":"Dexterity Potion"},{"floor":14,"key":"Dexterity Potion"}],"is_trial":false,"path_per_floor":["M","?","?","M","M","R","?","M","T","?","M","E","M","M","R","B"],"character_chosen":"IRONCLAD","items_purchased":[],"campfire_rested":0,"item_purchase_floors":[],"current_hp_per_floor":[80,69,74,69,72,72,72,63,63,63,51,43,40,29,29,0],"gold":368,"neow_bonus":"REMOVE_CARD","is_prod":false,"is_daily":false,"chose_seed":false,"campfire_upgraded":2,"win_rate":0,"timestamp":1550015006,"path_taken":["M","?","?","M","M","R","?","?","T","?","M","E","?","M","R","BOSS"],"build_version":"2019-01-23","purchased_purges":0,"victory":false,"max_hp_per_floor":[80,80,85,85,85,85,85,85,85,85,85,85,85,85,85,85],"card_choices":[{"not_picked":["Clash","Warcry"],"picked":"Headbutt","floor":1},{"not_picked":["Combust","True Grit"],"picked":"Corruption","floor":4},{"not_picked":["Seeing Red","Warcry"],"picked":"Flex","floor":5},{"not_picked":["Iron Wave","Perfected Strike"],"picked":"Twin Strike","floor":8},{"not_picked":["Brutality","Heavy Blade"],"picked":"Inflame","floor":11},{"not_picked":["Twin Strike","Havoc"],"picked":"Iron Wave","floor":12},{"not_picked":["Clash","Infernal Blade"],"picked":"Anger","floor":13},{"not_picked":["Hemokinesis","Corruption"],"picked":"Heavy Blade","floor":14}],"player_experience":842651,"relics_obtained":[{"floor":9,"key":"PreservedInsect"},{"floor":12,"key":"Vajra"}],"event_choices":[{"damage_healed":0,"gold_gain":75,"player_choice":"Gather Gold","damage_taken":11,"max_hp_gain":0,"max_hp_loss":0,"event_name":"World of Goop","floor":2,"gold_loss":0},{"damage_healed":0,"gold_gain":0,"player_choice":"Donut","damage_taken":0,"max_hp_gain":5,"max_hp_loss":0,"event_name":"Big Fish","floor":3,"gold_loss":0},{"damage_healed":0,"gold_gain":0,"player_choice":"Forge","damage_taken":0,"max_hp_gain":0,"max_hp_loss":0,"event_name":"Accursed Blacksmith","floor":7,"gold_loss":0,"cards_upgraded":["Corruption"]},{"damage_healed":0,"gold_gain":0,"cards_transformed":["Strike_R"],"player_choice":"Transformed","damage_taken":0,"max_hp_gain":0,"max_hp_loss":0,"event_name":"Transmorgrifier","floor":10,"gold_loss":0,"cards_obtained":["Offering"]}],"is_beta":false,"boss_relics":[],"items_purged_floors":[],"is_endless":false,"potions_floor_spawned":[8,13,14],"killed_by":"Hexaghost","ascension_level":0}