{"gold_per_floor":[116,127,127,142,162,162,195,195,195,195,209,220,220],"floor_reached":13,"playtime":545,"items_purged":[],"score":174,"play_id":"9d5d03bb-6786-4226-a1e2-18d4b0f9fbd1","local_time":"20190123212952","is_ascension_mode":true,"campfire_choices":[{"data":"Bash","floor":6,"key":"SMITH"},{"floor":8,"key":"REST"}],"neow_cost":"NONE","seed_source_timestamp":5512725497139,"circlet_count":0,"master_deck":["AscendersBane","Strike_R","Strike_R","Strike_R","Strike_R","Strike_R","Defend_R","Defend_R","Defend_R","Defend_R","Bash+1","Whirlwind","Pummel","Anger","Metallicize","Decay","Inflame","Inflame"],"relics":["Burning Blood","Ornamental Fan","Ancient Tea Set","Singing Bowl"],"potions_floor_usage":[5],"damage_taken":[{"damage":4,"enemies":"Jaw Worm","floor":1,"turns":5},{"damage":15,"enemies":"Small Slimes","floor":2,"turns":4},{"damage":2,"enemies":"Cultist","floor":4,"turns":4},{"damage":0,"enemies":"2 Fungi Beasts","floor":5,"turns":2},{"damage":42,"enemies":"3 Sentries","floor":7,"turns":11},{"damage":12,"enemies":"Blue Slaver","floor":11,"turns":5},{"damage":21,"enemies":"Red Slaver","floor":12,"turns":4},{"damage":16,"enemies":"Exordium Thugs","floor":13,"turns":2}],"seed_played":"7770484107808932804","potions_obtained":[{"floor":1,"key":"Ancient Potion"},{"floor":4,"key":"AttackPotion"},{"floor":12,"key":"SteroidPotion"}],"is_trial":false,"path_per_floor":["M","M","?","M","M","R","E","R","T","?","M","M","M"],"character_chosen":"IRONCLAD","items_purchased":[],"campfire_rested":1,"item_purchase_floors":[],"current_hp_per_floor":[77,68,33,37,43,43,7,31,31,31,25,10,0],"gold":220,"neow_bonus":"TEN_PERCENT_HP_BONUS","is_prod":false,"is_daily":false,"chose_seed":false,"campfire_upgraded":1,"win_rate":0,"timestamp":1548289792,"path_taken":["M","M","?","M","M","R","E","R","T","?","M","M","?"],"build_version":"2019-01-23","purchased_purges":0,"victory":false,"max_hp_per_floor":[82,82,82,82,82,82,82,82,82,82,82,82,82],"card_choices":[{"not_picked":["Heavy Blade","Perfected Strike"],"picked":"Whirlwind","floor":1},{"not_picked":["Blood for Blood","Wild Strike"],"picked":"Pummel","floor":2},{"not_picked":["Cleave","Searing Blow"],"picked":"Anger","floor":4},{"not_picked":["Dropkick","Rupture","Pommel Strike"],"picked":"SKIP","floor":5},{"not_picked":["Flex","Intimidate"],"picked":"Metallicize","floor":7},{"not_picked":["Clash","Pommel Strike"],"picked":"Inflame","floor":11},{"not_picked":["Twin Strike","Clash"],"picked":"Inflame","floor":12}],"player_experience":762547,"relics_obtained":[{"floor":7,"key":"Ancient Tea Set"},{"floor":9,"key":"Singing Bowl"}],"event_choices":[{"damage_healed":0,"gold_gain":0,"player_choice":"Success","damage_taken":35,"relics_obtained":["Ornamental Fan"],"max_hp_gain":0,"max_hp_loss":0,"event_name":"Scrap Ooze","floor":3,"gold_loss":0},{"damage_healed":0,"gold_gain":0,"player_choice":"Cursed","damage_taken":0,"max_hp_gain":0,"max_hp_loss":0,"event_name":"Wheel of Change","floor":10,"gold_loss":0,"cards_obtained":["Decay"]}],"is_beta":false,"boss_relics":[],"items_purged_floors":[],"is_endless":false,"potions_floor_spawned":[1,4,12],"killed_by":"Exordium Thugs","ascension_level":20}