{"gold_per_floor":[16,16,29,29,41,41,52,52,76,98,121,146,158,187,199,311,323,323,91,91,91,91,91,91],"floor_reached":24,"playtime":1066,"items_purged":["Strike_B"],"score":307,"play_id":"4373c8cf-81eb-43e0-9248-ccc26aafb38b","local_time":"20181201181907","is_ascension_mode":true,"campfire_choices":[{"data":"Dualcast","floor":6,"key":"SMITH"},{"floor":13,"key":"REST"},{"floor":15,"key":"REST"},{"floor":23,"key":"REST"}],"neow_cost":"NO_GOLD","seed_source_timestamp":11258544003485,"circlet_count":0,"master_deck":["AscendersBane","Strike_B","Strike_B","Defend_B","Defend_B","Defend_B","Defend_B","Zap","Dualcast+1","Echo Form","Gash","Defragment","Steam","Steam","Melter","Beam Cell","Gash","Skim","All For One","Scrape"],"relics":["Cracked Core","MawBank","Ectoplasm"],"potions_floor_usage":[16,20,22],"damage_taken":[{"damage":2,"enemies":"Jaw Worm","floor":1,"turns":3},{"damage":6,"enemies":"Cultist","floor":3,"turns":4},{"damage":0,"enemies":"2 Louse","floor":5,"turns":4},{"damage":14,"enemies":"Lots of Slimes","floor":7,"turns":5},{"damage":5,"enemies":"2 Fungi Beasts","floor":10,"turns":3},{"damage":14,"enemies":"Gremlin Gang","floor":11,"turns":5},{"damage":10,"enemies":"Exordium Thugs","floor":12,"turns":4},{"damage":6,"enemies":"Looter","floor":14,"turns":3},{"damage":36,"enemies":"The Guardian","floor":16,"turns":9},{"damage":35,"enemies":"Shell Parasite","floor":18,"turns":6},{"damage":10,"enemies":"3 Byrds","floor":20,"turns":5},{"damage":20,"enemies":"Centurion and Healer","floor":22,"turns":7},{"damage":37,"enemies":"Gremlin Leader","floor":24,"turns":3}],"seed_played":"6232940718572099386","potions_obtained":[{"floor":3,"key":"Poison Potion"},{"floor":7,"key":"Fire Potion"},{"floor":12,"key":"FocusPotion"},{"floor":18,"key":"AttackPotion"}],"is_trial":false,"path_per_floor":["M","?","M","$","M","R","M","?","T","M","M","M","R","M","R","B",null,"M","$","M","$","M","R","E"],"character_chosen":"DEFECT","items_purchased":["Regen Potion","Scrape"],"campfire_rested":3,"item_purchase_floors":[19,19],"current_hp_per_floor":[66,66,60,60,60,60,46,46,46,41,27,17,39,33,55,19,61,26,26,16,16,11,33,0],"gold":91,"neow_bonus":"THREE_RARE_CARDS","is_prod":false,"is_daily":false,"chose_seed":false,"campfire_upgraded":1,"win_rate":0,"timestamp":1543699147,"path_taken":["M","?","M","?","M","R","M","?","T","M","M","M","R","M","R","BOSS","M","$","M","$","M","R","E"],"build_version":"2018-11-15","purchased_purges":1,"victory":false,"max_hp_per_floor":[75,75,75,75,75,75,75,75,75,75,75,75,75,75,75,75,75,75,75,75,75,75,75,75],"card_choices":[{"not_picked":["Meteor Strike","Machine Learning"],"picked":"Echo Form","floor":0},{"not_picked":["Streamline","Aggregate"],"picked":"Gash","floor":1},{"not_picked":["White Noise","Stack"],"picked":"Steam","floor":3},{"not_picked":["Conserve Battery","Capacitor"],"picked":"Steam","floor":5},{"not_picked":["Go for the Eyes","Conserve Battery"],"picked":"Melter","floor":7},{"not_picked":["Go for the Eyes","Force Field"],"picked":"Beam Cell","floor":10},{"not_picked":["Ball Lightning","Barrage","Cold Snap"],"picked":"SKIP","floor":11},{"not_picked":["Sweeping Beam","Skim"],"picked":"Gash","floor":12},{"not_picked":["White Noise","Barrage"],"picked":"Skim","floor":14},{"not_picked":["Amplify","Creative AI"],"picked":"All For One","floor":16},{"not_picked":["Sweeping Beam","Redo","Static Discharge"],"picked":"SKIP","floor":18},{"not_picked":["Beam Cell+1","Rebound","Go for the Eyes"],"picked":"SKIP","floor":20},{"not_picked":["Double Energy","Aggregate","White Noise+1"],"picked":"SKIP","floor":22}],"player_experience":449607,"relics_obtained":[{"floor":9,"key":"MawBank"}],"event_choices":[{"damage_healed":0,"gold_gain":0,"cards_transformed":["Strike_B"],"player_choice":"Transformed","damage_taken":0,"max_hp_gain":0,"max_hp_loss":0,"event_name":"Transmorgrifier","floor":2,"gold_loss":0,"cards_obtained":["Defragment"]},{"damage_healed":0,"gold_gain":0,"player_choice":"0 cards matched","damage_taken":0,"max_hp_gain":0,"max_hp_loss":0,"event_name":"Match and Keep!","floor":8,"gold_loss":0,"cards_obtained":[]}],"is_beta":false,"boss_relics":[{"not_picked":["Snecko Eye","Busted Crown"],"picked":"Ectoplasm"}],"items_purged_floors":[19],"is_endless":false,"potions_floor_spawned":[3,7,12,14,18],"killed_by":"Gremlin Leader","ascension_level":12}