{"gold_per_floor":[361,379,35,113,152,152,152,152,152,209,241,275,301,33,33,33],"floor_reached":16,"playtime":582,"items_purged":["Strike_G"],"score":204,"play_id":"a32dbcc1-75ad-4424-b7f5-69b9dc56a575","local_time":"20190623001219","is_ascension_mode":true,"campfire_choices":[{"floor":6.0,"key":"REST"},{"floor":8.0,"key":"REST"},{"floor":15.0,"key":"REST"}],"neow_cost":"PERCENT_DAMAGE","seed_source_timestamp":938367987101720,"circlet_count":0,"master_deck":["AscendersBane","Defend_G","Defend_G","Defend_G","Defend_G","Defend_G","Strike_G","Strike_G","Strike_G","Strike_G","Survivor","Neutralize","Endless Agony","Deadly Poison","Footwork","HandOfGreed","Dagger Spray","Dagger Throw","PiercingWail","Poisoned Stab","Crippling Poison"],"special_seed":0,"relics":["Ring of the Snake","Ancient Tea Set","Omamori","Meat on the Bone"],"potions_floor_usage":[16],"damage_taken":[{"damage":31.0,"enemies":"Jaw Worm","floor":1.0,"turns":8.0},{"damage":3.0,"enemies":"Small Slimes","floor":2.0,"turns":6.0},{"damage":0.0,"enemies":"Cultist","floor":5.0,"turns":5.0},{"damage":8.0,"enemies":"Exordium Wildlife","floor":10.0,"turns":5.0},{"damage":9.0,"enemies":"Blue Slaver","floor":11.0,"turns":4.0},{"damage":0.0,"enemies":"Large Slime","floor":12.0,"turns":6.0},{"damage":15.0,"enemies":"Lagavulin","floor":13.0,"turns":5.0},{"damage":40,"enemies":"Hexaghost","floor":16,"turns":9}],"seed_played":"7518721359249088926","potions_obtained":[{"floor":5.0,"key":"SpeedPotion"},{"floor":12.0,"key":"AttackPotion"}],"is_trial":false,"path_per_floor":["M","M","$","?","M","R","?","R","T","M","M","M","E","$","R","B"],"character_chosen":"THE_SILENT","items_purchased":["Footwork","HandOfGreed","Meat on the Bone"],"campfire_rested":3,"item_purchase_floors":[3,3,14],"current_hp_per_floor":[13,10,10,10,10,29,29,48,48,40,31,31,16,16,35,0],"gold":33,"neow_bonus":"TWO_FIFTY_GOLD","is_prod":false,"is_daily":false,"chose_seed":false,"campfire_upgraded":0,"win_rate":0,"timestamp":1561263139,"path_taken":["M","M","$","?","M","R","?","R","T","M","M","M","E","$","R","BOSS"],"build_version":"2019-01-23","purchased_purges":1,"victory":false,"max_hp_per_floor":[66,66,66,66,66,66,66,66,66,66,66,66,66,66,66,66],"card_choices":[{"not_picked":["Sucker Punch","PiercingWail"],"picked":"Endless Agony","floor":1.0},{"not_picked":["Prepared","Finisher"],"picked":"Deadly Poison","floor":2.0},{"not_picked":["Bane","Backflip"],"picked":"Dagger Spray","floor":5.0},{"not_picked":["Dodge and Roll","Terror"],"picked":"Dagger Throw","floor":10.0},{"not_picked":["Outmaneuver","Infinite Blades"],"picked":"PiercingWail","floor":11.0},{"not_picked":["Slice","Deflect"],"picked":"Poisoned Stab","floor":12.0},{"not_picked":["Flechettes","Flying Knee"],"picked":"Crippling Poison","floor":13.0}],"player_experience":863573,"relics_obtained":[{"floor":9.0,"key":"Ancient Tea Set"},{"floor":13.0,"key":"Omamori"}],"event_choices":[{"damage_healed":0.0,"max_hp_gain":0.0,"max_hp_loss":0.0,"gold_gain":78.0,"event_name":"Golden Wing","player_choice":"Gained Gold","floor":4.0,"gold_loss":0.0,"damage_taken":0.0},{"damage_healed":0.0,"max_hp_gain":0.0,"max_hp_loss":0.0,"gold_gain":0.0,"event_name":"Shining Light","player_choice":"Ignored","floor":7.0,"gold_loss":0.0,"damage_taken":0.0}],"is_beta":false,"boss_relics":[],"items_purged_floors":[3],"is_endless":false,"potions_floor_spawned":[5,12],"killed_by":"Hexaghost","ascension_level":20}