{"gold_per_floor":[110,38,38,15,28,61,81,81,81,81,81,99,143,163,163,289,289,314,41,57,57,31,31,67,90,135,135],"floor_reached":27,"playtime":982,"items_purged":[],"score":253,"play_id":"0bd6d3f7-da69-474d-a7cc-ef955422d8e6","local_time":"20180917194618","is_ascension_mode":true,"campfire_choices":[{"floor":8,"key":"REST"},{"floor":11,"key":"REST"},{"data":"Zap","floor":15,"key":"SMITH"},{"floor":23,"key":"REST"}],"neow_cost":"NONE","seed_source_timestamp":280225177295841,"circlet_count":0,"master_deck":["Strike_B","Strike_B","Strike_B","Strike_B","Defend_B","Defend_B","Defend_B","Defend_B","Zap+1","Dualcast","All For One+1","Streamline","Core Surge+1","Conserve Battery","Barrage+1","FTL+1","Conserve Battery","Injury","Sunder+1","Storm","Ball Lightning+1","Creative AI","Barrage+1","Metamorphosis","Machine Learning","Hologram","Compile Driver+1","Go for the Eyes+1","Beam Cell+1"],"relics":["Cracked Core","Molten Egg 2","Torii","Whetstone","Golden Idol","Potion Belt","Busted Crown","Shuriken","Orichalcum"],"potions_floor_usage":[13,16,16,18,24,25],"damage_taken":[{"damage":0,"enemies":"Cultist","floor":1,"turns":4},{"damage":4,"enemies":"Jaw Worm","floor":5,"turns":3},{"damage":30,"enemies":"Gremlin Nob","floor":6,"turns":4},{"damage":7,"enemies":"Small Slimes","floor":7,"turns":2},{"damage":10,"enemies":"Looter","floor":12,"turns":2},{"damage":1,"enemies":"3 Sentries","floor":13,"turns":6},{"damage":0,"enemies":"2 Fungi Beasts","floor":14,"turns":2},{"damage":32,"enemies":"Hexaghost","floor":16,"turns":7},{"damage":31,"enemies":"2 Thieves","floor":18,"turns":4},{"damage":34,"enemies":"3 Byrds","floor":20,"turns":5},{"damage":32,"enemies":"Slavers","floor":24,"turns":5},{"damage":0,"enemies":"Cultist and Chosen","floor":25,"turns":3},{"damage":20,"enemies":"Book of Stabbing","floor":27,"turns":3}],"seed_played":"3288010659536290589","potions_obtained":[{"floor":1,"key":"Dexterity Potion"},{"floor":7,"key":"AttackPotion"},{"floor":14,"key":"SteroidPotion"},{"floor":16,"key":"PowerPotion"},{"floor":18,"key":"Regen Potion"},{"floor":24,"key":"Swift Potion"}],"is_trial":false,"path_per_floor":["M","$","T","$","M","E","M","R","T","?","R","M","E","M","R","B",null,"M","$","M","?","$","R","E","M","T"],"character_chosen":"DEFECT","items_purchased":["Core Surge","Conserve Battery","Metamorphosis","Machine Learning","Compile Driver+1"],"campfire_rested":3,"item_purchase_floors":[2,4,19,19,22],"current_hp_per_floor":[75,75,75,75,71,41,34,56,56,56,75,65,64,64,64,32,75,44,44,10,10,10,32,14,14,14,0],"gold":135,"neow_bonus":"ONE_RANDOM_RARE_CARD","is_prod":false,"is_daily":false,"chose_seed":false,"campfire_upgraded":1,"win_rate":0,"timestamp":1537227978,"path_taken":["M","$","?","$","M","E","M","R","T","?","R","M","E","M","R","BOSS","M","$","M","?","$","R","E","?","T","E"],"build_version":"2018-09-06","purchased_purges":0,"victory":false,"max_hp_per_floor":[75,75,75,75,75,75,75,75,75,75,75,75,75,75,75,75,75,75,75,75,75,75,75,75,75,75,75],"card_choices":[{"not_picked":["Force Field","Turbo"],"picked":"Streamline","floor":1},{"not_picked":["Go for the Eyes+1","Heatsinks"],"picked":"Barrage+1","floor":5},{"not_picked":["Ball Lightning+1","Genetic Algorithm"],"picked":"FTL+1","floor":6},{"not_picked":["Stack","Tempest"],"picked":"Conserve Battery","floor":7},{"not_picked":["Go for the Eyes+1","Rip and Tear+1"],"picked":"Sunder+1","floor":12},{"not_picked":["Cold Snap+1","Melter+1"],"picked":"Storm","floor":13},{"not_picked":["Chaos","Lockon+1"],"picked":"Ball Lightning+1","floor":14},{"not_picked":["Biased Cognition","All For One+1"],"picked":"Creative AI","floor":16},{"not_picked":[],"picked":"Barrage+1","floor":18},{"not_picked":[],"picked":"Hologram","floor":20},{"not_picked":[],"picked":"Go for the Eyes+1","floor":24},{"not_picked":[],"picked":"Beam Cell+1","floor":25}],"player_experience":130013,"relics_obtained":[{"floor":3,"key":"Molten Egg 2"},{"floor":6,"key":"Torii"},{"floor":9,"key":"Whetstone"},{"floor":13,"key":"Potion Belt"},{"floor":24,"key":"Shuriken"},{"floor":26,"key":"Orichalcum"}],"event_choices":[{"event_name":"Golden Idol","player_choice":"Take Wound","floor":10,"damage_taken":0},{"event_name":"Beggar","player_choice":"Ignored","floor":21,"damage_taken":0}],"is_beta":false,"boss_relics":[{"not_picked":["Philosopher\u0027s Stone","Cursed Key"],"picked":"Busted Crown"}],"items_purged_floors":[],"is_endless":false,"potions_floor_spawned":[1,7,14,16,18,24],"killed_by":"Book of Stabbing","ascension_level":1}