{"gold_per_floor":[109,129,147,147,147,180,190,190,190,214,25,57,57,70,70,173,173,183,200,200,99,99,118,118,118,118,138,138,167,11,11,11,11],"floor_reached":33,"playtime":2157,"items_purged":[],"score":298,"play_id":"59185491-ce3d-4a9a-ba32-5e95b19b296d","local_time":"20190113110659","is_ascension_mode":false,"campfire_choices":[{"data":"After Image","floor":8,"key":"SMITH"},{"data":"Endless Agony","floor":13,"key":"SMITH"},{"data":"Skewer","floor":15,"key":"SMITH"},{"floor":24,"key":"REST"},{"floor":32,"key":"REST"}],"neow_cost":"NONE","seed_source_timestamp":685741260204402,"circlet_count":0,"master_deck":["Defend_G","Defend_G","Defend_G","Defend_G","Defend_G","Strike_G","Strike_G","Strike_G","Strike_G","Strike_G","Survivor","Neutralize","Dodge and Roll","Cloak And Dagger","After Image+1","Regret","Acrobatics","Skewer+1","Endless Agony+1","Quick Slash","Tools of the Trade","Dagger Spray","Blade Dance+1","RitualDagger","Infinite Blades","Dagger Throw","Bane","Crippling Poison+1","Pain","Sucker Punch","Noxious Fumes","Jack Of All Trades","Infinite Blades","Shame"],"relics":["Ring of the Snake","Vajra","PreservedInsect","Paper Crane","Potion Belt","Bronze Scales","Strawberry","Centennial Puzzle","Fusion Hammer","WarpedTongs","Bag of Preparation","WingedGreaves","MawBank","Boot"],"potions_floor_usage":[6,6,6,12,16,16,33,33],"damage_taken":[{"damage":0,"enemies":"Small Slimes","floor":1,"turns":3},{"damage":0,"enemies":"Jaw Worm","floor":2,"turns":6},{"damage":0,"enemies":"Cultist","floor":3,"turns":4},{"damage":23,"enemies":"3 Sentries","floor":6,"turns":6},{"damage":0,"enemies":"Blue Slaver","floor":7,"turns":7},{"damage":3,"enemies":"Gremlin Nob","floor":12,"turns":3},{"damage":2,"enemies":"Exordium Wildlife","floor":14,"turns":4},{"damage":24,"enemies":"Hexaghost","floor":16,"turns":8},{"damage":13,"enemies":"2 Thieves","floor":18,"turns":5},{"damage":2,"enemies":"Chosen","floor":19,"turns":5},{"damage":12,"enemies":"Snake Plant","floor":23,"turns":4},{"damage":20,"enemies":"Centurion and Healer","floor":27,"turns":6},{"damage":7,"enemies":"Gremlin Leader","floor":29,"turns":4},{"damage":63,"enemies":"Automaton","floor":33,"turns":8}],"seed_played":"-6922355857674529909","potions_obtained":[{"floor":1,"key":"Poison Potion"},{"floor":2,"key":"EntropicBrew"},{"floor":6,"key":"Fire Potion"},{"floor":14,"key":"PowerPotion"},{"floor":23,"key":"Poison Potion"},{"floor":27,"key":"Fire Potion"}],"is_trial":false,"path_per_floor":["M","M","M","?","?","E","M","R","T","T","$","E","R","M","R","B",null,"M","M","?","$","?","M","R","?","T","M","T","E","$","?","R","B"],"character_chosen":"THE_SILENT","items_purchased":["Strawberry","Skewer","Infinite Blades","PiercingWail","Jack Of All Trades","Infinite Blades"],"campfire_rested":2,"item_purchase_floors":[11,11,21,21,30,30],"current_hp_per_floor":[70,70,70,70,70,47,47,47,47,47,54,51,51,49,49,25,77,64,62,56,56,56,44,67,67,67,47,47,40,40,40,63,0],"gold":11,"neow_bonus":"RANDOM_COMMON_RELIC","is_prod":false,"is_daily":false,"chose_seed":false,"campfire_upgraded":3,"win_rate":0,"timestamp":1547395619,"path_taken":["M","M","M","?","?","E","M","R","T","?","$","E","R","M","R","BOSS","M","?","?","$","?","M","R","?","T","?","?","E","?","?","R","BOSS"],"build_version":"2019-01-10","purchased_purges":0,"victory":false,"max_hp_per_floor":[70,70,70,70,70,70,70,70,70,70,77,77,77,77,77,77,77,77,77,77,77,77,77,77,77,77,77,77,77,77,77,77,77],"card_choices":[{"not_picked":["Eviscerate","Sucker Punch"],"picked":"Dodge and Roll","floor":1},{"not_picked":["Footwork","Deflect"],"picked":"Cloak And Dagger","floor":2},{"not_picked":["Underhanded Strike","Calculated Gamble"],"picked":"After Image","floor":3},{"not_picked":["Bane","Phantasmal Killer"],"picked":"Acrobatics","floor":6},{"not_picked":["Dagger Throw","Reflex"],"picked":"Skewer","floor":7},{"not_picked":["Acrobatics","Underhanded Strike"],"picked":"Endless Agony","floor":12},{"not_picked":["Finisher","Dash"],"picked":"Quick Slash","floor":14},{"not_picked":["Wraith Form v2","Adrenaline"],"picked":"Tools of the Trade","floor":16},{"not_picked":["Acrobatics+1","Deadly Poison+1"],"picked":"Dagger Spray","floor":18},{"not_picked":["Eviscerate","Cloak And Dagger+1"],"picked":"Blade Dance+1","floor":19},{"not_picked":["Backflip","Leg Sweep"],"picked":"Crippling Poison+1","floor":23},{"not_picked":["Dodge and Roll","Glass Knife"],"picked":"Sucker Punch","floor":27},{"not_picked":["Terror","Concentrate"],"picked":"Noxious Fumes","floor":29}],"player_experience":298152,"relics_obtained":[{"floor":6,"key":"Paper Crane"},{"floor":9,"key":"Potion Belt"},{"floor":10,"key":"Bronze Scales"},{"floor":12,"key":"Centennial Puzzle"},{"floor":26,"key":"Bag of Preparation"},{"floor":28,"key":"WingedGreaves"},{"floor":29,"key":"MawBank"}],"event_choices":[{"damage_healed":0,"gold_gain":0,"player_choice":"Leave","damage_taken":0,"max_hp_gain":0,"max_hp_loss":0,"event_name":"The Cleric","floor":4,"gold_loss":0},{"damage_healed":0,"gold_gain":0,"player_choice":"Box","damage_taken":0,"relics_obtained":["PreservedInsect"],"max_hp_gain":0,"max_hp_loss":0,"event_name":"Big Fish","floor":5,"gold_loss":0,"cards_obtained":["Regret"]},{"damage_healed":0,"gold_gain":0,"player_choice":"Joined the Cult","damage_taken":6,"max_hp_gain":0,"max_hp_loss":0,"event_name":"Nest","floor":20,"gold_loss":0,"cards_obtained":["RitualDagger"]},{"damage_healed":0,"gold_gain":0,"cards_transformed":["Skewer","PiercingWail"],"player_choice":"Became Test Subject","damage_taken":0,"max_hp_gain":0,"max_hp_loss":0,"event_name":"Drug Dealer","floor":22,"gold_loss":0,"cards_obtained":["Dagger Throw","Bane"]},{"damage_healed":0,"gold_gain":0,"player_choice":"Rummage","damage_taken":0,"relics_obtained":["WarpedTongs"],"max_hp_gain":0,"max_hp_loss":0,"event_name":"Accursed Blacksmith","floor":25,"gold_loss":0,"cards_obtained":["Pain"]},{"damage_healed":0,"gold_gain":0,"player_choice":"Stole Relic","damage_taken":0,"relics_obtained":["Boot"],"max_hp_gain":0,"max_hp_loss":0,"event_name":"Addict","floor":31,"gold_loss":0,"cards_obtained":["Shame"]}],"is_beta":false,"boss_relics":[{"not_picked":["Sozu","Snecko Eye"],"picked":"Fusion Hammer"}],"items_purged_floors":[],"is_endless":false,"potions_floor_spawned":[1,2,6,14,23,27],"killed_by":"Automaton","ascension_level":0}