{"gold_per_floor":[213,237,312,325,337,364,393,420,420,437,437,96,115,177,177,276,276,293,293,94,125,135,160,160,187,187,187,217,228,228,228,228,326,326,337,356,369,379,399,399,399,430,430,445,464,464,474,488,488,488],"floor_reached":50,"playtime":6076,"items_purged":[],"score":594,"play_id":"9a3498b2-791a-4652-9446-e58058065b39","local_time":"20190617015557","is_ascension_mode":false,"campfire_choices":[{"floor":11,"key":"REST"},{"data":"Double Tap","floor":15,"key":"SMITH"},{"floor":27,"key":"REST"},{"floor":30,"key":"REST"},{"floor":32,"key":"REST"},{"floor":40,"key":"REST"},{"floor":46,"key":"REST"},{"floor":49,"key":"REST"}],"neow_cost":"NONE","seed_source_timestamp":43670243425300,"circlet_count":0,"master_deck":["Strike_R+1","Strike_R+1","Strike_R+1","Strike_R+1","Strike_R+1","Defend_R+1","Defend_R+1","Defend_R+1","Defend_R+1","Cleave+1","Armaments+1","Double Tap+1","Seeing Red+1","Dramatic Entrance+1","Clothesline+1","Feed+1","Iron Wave+1","Cleave+1","Reckless Charge+1","Ghostly Armor+1","Immolate+1","Metallicize+1","Sword Boomerang+1","Corruption+1","Clothesline+1","Shrug It Off+1","Whirlwind+1","Parasite","Reaper+1","Infernal Blade+1"],"relics":["Burning Blood","Happy Flower","Ancient Tea Set","Odd Mushroom","Mercury Hourglass","Singing Bowl","Molten Egg 2","Strawberry","Fusion Hammer","Strange Spoon","Red Mask","Magic Flower","Toxic Egg 2","Shuriken","War Paint","Astrolabe","Blood Vial","Question Card"],"potions_floor_usage":[8,23,23,33,33,39,39,50],"damage_taken":[{"damage":1,"enemies":"Cultist","floor":1,"turns":3},{"damage":4,"enemies":"Jaw Worm","floor":4,"turns":4},{"damage":0,"enemies":"Small Slimes","floor":5,"turns":2},{"damage":17,"enemies":"Gremlin Nob","floor":6,"turns":4},{"damage":16,"enemies":"The Mushroom Lair","floor":7,"turns":4},{"damage":26,"enemies":"3 Sentries","floor":8,"turns":6},{"damage":7,"enemies":"Looter","floor":10,"turns":2},{"damage":0,"enemies":"2 Fungi Beasts","floor":13,"turns":2},{"damage":12,"enemies":"3 Sentries","floor":14,"turns":5},{"damage":45,"enemies":"Hexaghost","floor":16,"turns":10},{"damage":10,"enemies":"Chosen","floor":18,"turns":3},{"damage":0,"enemies":"Masked Bandits","floor":21,"turns":3},{"damage":0,"enemies":"3 Byrds","floor":22,"turns":3},{"damage":19,"enemies":"Book of Stabbing","floor":23,"turns":5},{"damage":26,"enemies":"Slavers","floor":25,"turns":4},{"damage":9,"enemies":"Book of Stabbing","floor":28,"turns":5},{"damage":15,"enemies":"Snake Plant","floor":29,"turns":2},{"damage":52,"enemies":"Automaton","floor":33,"turns":11},{"damage":0,"enemies":"Orb Walker","floor":35,"turns":3},{"damage":12,"enemies":"3 Shapes","floor":36,"turns":3},{"damage":5,"enemies":"Sphere and 2 Shapes","floor":37,"turns":3},{"damage":14,"enemies":"Transient","floor":38,"turns":5},{"damage":40,"enemies":"Writhing Mass","floor":39,"turns":8},{"damage":94,"enemies":"Giant Head","floor":42,"turns":10},{"damage":43,"enemies":"Maw","floor":44,"turns":9},{"damage":18,"enemies":"Sphere and 2 Shapes","floor":45,"turns":3},{"damage":45,"enemies":"Spire Growth","floor":47,"turns":4},{"damage":9,"enemies":"4 Shapes","floor":48,"turns":4},{"damage":117,"enemies":"Donu and Deca","floor":50,"turns":7}],"seed_played":"3683483893112635939","potions_obtained":[{"floor":4,"key":"Strength Potion"},{"floor":5,"key":"GamblersBrew"},{"floor":8,"key":"Fire Potion"},{"floor":10,"key":"Ancient Potion"},{"floor":18,"key":"Explosive Potion"},{"floor":23,"key":"EssenceOfSteel"},{"floor":25,"key":"Dexterity Potion"},{"floor":36,"key":"AttackPotion"},{"floor":37,"key":"Block Potion"}],"is_trial":false,"path_per_floor":["M","T","?","M","M","E","?","E","T","M","R","$","M","?","R","B",null,"M","?","$","?","M","E","?","E","T","R","E","M","R","?","R","B",null,"M","M","M","M","M","R","?","E","T","M","M","R","M","M","R","B"],"character_chosen":"IRONCLAD","items_purchased":["Molten Egg 2","Dramatic Entrance+1","Strange Spoon"],"campfire_rested":7,"item_purchase_floors":[12,12,20],"current_hp_per_floor":[80,80,69,71,77,66,56,36,36,35,59,59,65,68,68,29,89,87,87,87,91,95,84,84,75,75,103,105,99,105,105,105,62,105,105,102,107,102,71,103,103,51,51,33,27,60,38,49,84,0],"gold":488,"neow_bonus":"HUNDRED_GOLD","is_prod":false,"is_daily":false,"chose_seed":false,"campfire_upgraded":1,"win_rate":0.0,"timestamp":1560700557,"path_taken":["M","?","?","?","M","E","?","E","T","M","R","$","M","?","R","BOSS","M","?","$","?","M","E","?","E","T","R","E","M","R","?","R","BOSS","M","M","M","?","M","R","?","E","T","M","?","R","M","M","R","BOSS"],"build_version":"2019-01-23","purchased_purges":0,"victory":false,"max_hp_per_floor":[80,80,80,80,80,80,80,80,80,80,80,80,80,89,89,89,89,91,91,91,91,95,97,97,103,103,103,105,105,105,105,105,105,105,105,105,107,107,107,107,107,109,109,111,111,111,113,119,119,119],"card_choices":[{"not_picked":["Sword Boomerang","Dropkick","Corruption"],"picked":"SKIP","floor":1},{"not_picked":["Combust","Twin Strike"],"picked":"Cleave","floor":4},{"not_picked":["Pommel Strike","Heavy Blade"],"picked":"Armaments","floor":5},{"not_picked":["Sword Boomerang","Iron Wave"],"picked":"Clothesline","floor":6},{"not_picked":["Anger","Clash"],"picked":"Double Tap","floor":7},{"not_picked":["Clothesline","Sword Boomerang"],"picked":"Seeing Red","floor":8},{"not_picked":["Twin Strike","Anger"],"picked":"Ghostly Armor","floor":10},{"not_picked":["Flex","Bloodletting"],"picked":"Clothesline+1","floor":13},{"not_picked":["Feel No Pain","Clothesline+1","True Grit"],"picked":"Singing Bowl","floor":14},{"not_picked":["Dark Embrace","Brutality"],"picked":"Feed+1","floor":16},{"not_picked":["Sever Soul+1","Anger+1","Twin Strike+1"],"picked":"Singing Bowl","floor":18},{"not_picked":["Anger+1","Warcry"],"picked":"Iron Wave+1","floor":21},{"not_picked":["Power Through","Pommel Strike+1"],"picked":"Cleave+1","floor":22},{"not_picked":["Barricade","Warcry","Anger+1"],"picked":"Singing Bowl","floor":23},{"not_picked":["Feel No Pain","Sword Boomerang+1","Power Through+1"],"picked":"Singing Bowl","floor":25},{"not_picked":["Pummel+1","Second Wind+1","Heavy Blade+1"],"picked":"Singing Bowl","floor":28},{"not_picked":["Pommel Strike+1","Wild Strike+1"],"picked":"Ghostly Armor+1","floor":29},{"not_picked":["Reaper+1","Limit Break+1"],"picked":"Immolate+1","floor":33},{"not_picked":["Shrug It Off+1","Body Slam+1"],"picked":"Clothesline+1","floor":35},{"not_picked":["Twin Strike+1","Sword Boomerang+1"],"picked":"Shrug It Off+1","floor":36},{"not_picked":["Heavy Blade+1","Twin Strike+1","Burning Pact+1"],"picked":"Singing Bowl","floor":37},{"not_picked":["Inflame+1","Warcry+1"],"picked":"Whirlwind+1","floor":38},{"not_picked":["Carnage+1","Shockwave+1"],"picked":"Reaper+1","floor":39},{"not_picked":["Feel No Pain+1","Clash+1","Sword Boomerang+1"],"picked":"Singing Bowl","floor":42},{"not_picked":["Sword Boomerang+1","Havoc+1","Iron Wave+1","Heavy Blade+1"],"picked":"Singing Bowl","floor":44},{"not_picked":["Flex+1","Pommel Strike+1","Thunderclap+1"],"picked":"Infernal Blade+1","floor":45},{"not_picked":["Fire Breathing+1","Metallicize","Disarm+1","Infernal Blade+1"],"picked":"Singing Bowl","floor":47},{"not_picked":["Seeing Red+1","Corruption","Flex+1","Metallicize+1"],"picked":"Singing Bowl","floor":48}],"player_experience":58045,"relics_obtained":[{"floor":2,"key":"Happy Flower"},{"floor":6,"key":"Ancient Tea Set"},{"floor":7,"key":"Odd Mushroom"},{"floor":8,"key":"Mercury Hourglass"},{"floor":9,"key":"Singing Bowl"},{"floor":14,"key":"Strawberry"},{"floor":21,"key":"Red Mask"},{"floor":23,"key":"Magic Flower"},{"floor":25,"key":"Toxic Egg 2"},{"floor":26,"key":"Shuriken"},{"floor":28,"key":"War Paint"},{"floor":42,"key":"Blood Vial"},{"floor":43,"key":"Question Card"}],"event_choices":[{"damage_healed":0,"gold_gain":75,"player_choice":"Gather Gold","damage_taken":11,"max_hp_gain":0,"max_hp_loss":0,"event_name":"World of Goop","floor":3,"gold_loss":0},{"damage_healed":0,"gold_gain":0,"player_choice":"Fought Mushrooms","damage_taken":0,"max_hp_gain":0,"max_hp_loss":0,"event_name":"Mushrooms","floor":7,"gold_loss":0},{"damage_healed":0,"gold_gain":0,"player_choice":"Searched \u00271\u0027 times","damage_taken":0,"max_hp_gain":0,"max_hp_loss":0,"event_name":"Dead Adventurer","floor":14,"gold_loss":0},{"damage_healed":0,"gold_gain":0,"player_choice":"Simplicity","damage_taken":0,"max_hp_gain":0,"max_hp_loss":0,"event_name":"Back to Basics","floor":19,"gold_loss":0,"cards_upgraded":["Strike_R","Strike_R","Strike_R","Strike_R","Strike_R","Defend_R","Defend_R","Defend_R","Defend_R"]},{"damage_healed":0,"gold_gain":0,"player_choice":"Fought Bandits","damage_taken":0,"max_hp_gain":0,"max_hp_loss":0,"event_name":"Masked Bandits","floor":21,"gold_loss":0},{"damage_healed":0,"gold_gain":0,"player_choice":"Read","damage_taken":0,"max_hp_gain":0,"max_hp_loss":0,"event_name":"The Library","floor":24,"gold_loss":0,"cards_obtained":["Reckless Charge"]},{"damage_healed":0,"gold_gain":0,"player_choice":"Bought 0 Potions","damage_taken":0,"max_hp_gain":0,"max_hp_loss":0,"event_name":"The Woman in Blue","floor":31,"gold_loss":0},{"damage_healed":0,"gold_gain":0,"player_choice":"Upgraded","damage_taken":0,"max_hp_gain":0,"max_hp_loss":0,"event_name":"Upgrade Shrine","floor":41,"gold_loss":0,"cards_upgraded":["Cleave"]}],"is_beta":false,"boss_relics":[{"not_picked":["Tiny House","Philosopher\u0027s Stone"],"picked":"Fusion Hammer"},{"not_picked":["Runic Pyramid","Calling Bell"],"picked":"Astrolabe"}],"items_purged_floors":[],"is_endless":false,"potions_floor_spawned":[4,5,8,10,13,18,23,25,36,37,38],"killed_by":"Donu and Deca","ascension_level":0}