{"gold_per_floor":[117,117,129,145,160,193,193,213,213,243,243,243,257,289,289,388,388,358,358,249,174,191,216,249,277,358,370,403,403,431,431],"floor_reached":31,"playtime":1954,"items_purged":["Night Terror"],"score":555,"play_id":"81f57b50-89f8-4ae7-b223-10f7c4ab0612","local_time":"20190428115528","is_ascension_mode":true,"campfire_choices":[{"floor":7,"key":"REST"},{"floor":12,"key":"REST"},{"floor":15,"key":"REST"},{"floor":29,"key":"REST"}],"neow_cost":"NONE","seed_source_timestamp":265140573339525,"circlet_count":0,"master_deck":["AscendersBane","Defend_G","Defend_G","Defend_G","Defend_G+1","Defend_G","Strike_G","Strike_G","Strike_G","Strike_G","Survivor+1","Neutralize","Poisoned Stab","Dash","Poisoned Stab","Wraith Form v2","Quick Slash","Dagger Spray","Neutralize","Flying Knee","Leg Sweep+1","All Out Attack","Burst+1","PiercingWail+1","Cloak And Dagger+1","PiercingWail+1","PiercingWail+1","Deadly Poison+1","Crippling Poison+1","Flechettes","Cloak And Dagger+1","Dagger Spray","Blade Dance+1","Malaise+1","Skewer+1","Deflect+1"],"relics":["Ring of the Snake","Matryoshka","Odd Mushroom","Gremlin Horn","Toxic Egg 2","Bronze Scales","Kunai","Orrery","Bag of Preparation","Red Mask","Snake Skull","War Paint","Pantograph","Girya","Ornamental Fan"],"potions_floor_usage":[6,8,10,16,28,28],"damage_taken":[{"damage":2,"enemies":"2 Louse","floor":1,"turns":3},{"damage":0,"enemies":"Cultist","floor":3,"turns":4},{"damage":0,"enemies":"Jaw Worm","floor":4,"turns":4},{"damage":3,"enemies":"2 Fungi Beasts","floor":5,"turns":4},{"damage":35,"enemies":"Lagavulin","floor":6,"turns":6},{"damage":15,"enemies":"The Mushroom Lair","floor":8,"turns":4},{"damage":20,"enemies":"3 Sentries","floor":10,"turns":12},{"damage":0,"enemies":"Red Slaver","floor":13,"turns":3},{"damage":17,"enemies":"Gremlin Nob","floor":14,"turns":5},{"damage":23,"enemies":"Hexaghost","floor":16,"turns":10},{"damage":13,"enemies":"2 Thieves","floor":18,"turns":5},{"damage":0,"enemies":"3 Byrds","floor":22,"turns":4},{"damage":13,"enemies":"Gremlin Leader","floor":23,"turns":8},{"damage":10,"enemies":"Masked Bandits","floor":24,"turns":6},{"damage":16,"enemies":"Book of Stabbing","floor":25,"turns":6},{"damage":2,"enemies":"Sentry and Sphere","floor":27,"turns":3},{"damage":27,"enemies":"Gremlin Leader","floor":28,"turns":5},{"damage":26,"enemies":"Book of Stabbing","floor":30,"turns":7},{"damage":5,"enemies":"Centurion and Healer","floor":31,"turns":3}],"seed_played":"-4118321924973349888","potions_obtained":[{"floor":2,"key":"SkillPotion"},{"floor":2,"key":"Fire Potion"},{"floor":2,"key":"Explosive Potion"},{"floor":6,"key":"Swift Potion"},{"floor":14,"key":"SkillPotion"},{"floor":16,"key":"Explosive Potion"},{"floor":24,"key":"Explosive Potion"}],"is_trial":false,"path_per_floor":["M","?","M","M","M","E","R","?","T","E","?","R","M","E","R","B",null,"M","?","$","?","M","E","?","E","T","M","E","R","E","M"],"character_chosen":"THE_SILENT","items_purchased":["Flechettes"],"campfire_rested":4,"item_purchase_floors":[20],"current_hp_per_floor":[68,68,68,68,65,30,53,38,38,18,18,41,41,24,47,24,64,51,76,76,76,76,63,53,37,37,35,8,31,5,0],"gold":431,"neow_bonus":"TEN_PERCENT_HP_BONUS","is_prod":false,"is_daily":false,"chose_seed":false,"campfire_upgraded":0,"win_rate":0,"timestamp":1556466928,"path_taken":["M","?","M","M","?","E","R","?","T","E","?","R","?","E","R","BOSS","M","?","$","?","M","E","?","E","T","M","E","R","E","M"],"build_version":"2019-01-23","purchased_purges":1,"victory":false,"max_hp_per_floor":[77,77,77,77,77,77,77,77,77,77,77,77,77,77,77,77,77,77,77,77,77,77,77,77,77,77,77,77,77,77,77],"card_choices":[{"not_picked":["Deadly Poison","Flying Knee"],"picked":"Poisoned Stab","floor":1},{"not_picked":["Deadly Poison","PiercingWail"],"picked":"Dash","floor":3},{"not_picked":["Bane","Heel Hook"],"picked":"Poisoned Stab","floor":4},{"not_picked":["Sucker Punch","Prepared"],"picked":"Night Terror","floor":5},{"not_picked":["Quick Slash","Sucker Punch"],"picked":"Wraith Form v2","floor":6},{"not_picked":["Choke","Endless Agony"],"picked":"Quick Slash","floor":8},{"not_picked":["Calculated Gamble+1","Masterful Stab"],"picked":"Dagger Spray","floor":10},{"not_picked":["Venomology+1","Catalyst+1"],"picked":"Leg Sweep+1","floor":13},{"not_picked":["Prepared+1","Riddle With Holes"],"picked":"All Out Attack","floor":14},{"not_picked":["Night Terror+1","Doppelganger+1"],"picked":"Burst+1","floor":16},{"not_picked":["All Out Attack","Underhanded Strike"],"picked":"PiercingWail+1","floor":17},{"not_picked":["Deadly Poison+1","Distraction+1"],"picked":"Cloak And Dagger+1","floor":17},{"not_picked":["Skewer","Deflect+1"],"picked":"PiercingWail+1","floor":17},{"not_picked":["Outmaneuver+1","Poisoned Stab"],"picked":"PiercingWail+1","floor":17},{"not_picked":["Dagger Spray","Poisoned Stab"],"picked":"Deadly Poison+1","floor":17},{"not_picked":["Blur+1","Dagger Throw"],"picked":"Crippling Poison+1","floor":18},{"not_picked":["Eviscerate","Acrobatics+1"],"picked":"Cloak And Dagger+1","floor":22},{"not_picked":["Underhanded Strike","Expertise+1"],"picked":"Dagger Spray","floor":23},{"not_picked":["Concentrate+1","Deflect+1"],"picked":"Blade Dance+1","floor":24},{"not_picked":["Heel Hook","Prepared+1"],"picked":"Malaise+1","floor":25},{"not_picked":["Setup+1","Slice","Underhanded Strike"],"picked":"SKIP","floor":27},{"not_picked":["Concentrate+1","Flechettes"],"picked":"Skewer+1","floor":28},{"not_picked":["Outmaneuver+1","Slice+1"],"picked":"Deflect+1","floor":30}],"player_experience":465611,"relics_obtained":[{"floor":6,"key":"Matryoshka"},{"floor":8,"key":"Odd Mushroom"},{"floor":9,"key":"Gremlin Horn"},{"floor":9,"key":"Toxic Egg 2"},{"floor":10,"key":"Bronze Scales"},{"floor":14,"key":"Kunai"},{"floor":23,"key":"Bag of Preparation"},{"floor":24,"key":"Red Mask"},{"floor":25,"key":"Snake Skull"},{"floor":26,"key":"War Paint"},{"floor":26,"key":"Pantograph"},{"floor":28,"key":"Girya"},{"floor":30,"key":"Ornamental Fan"}],"event_choices":[{"damage_healed":0,"gold_gain":0,"player_choice":"Got Potions","damage_taken":0,"max_hp_gain":0,"max_hp_loss":0,"event_name":"Lab","floor":2,"gold_loss":0},{"damage_healed":0,"gold_gain":0,"player_choice":"Fought Mushrooms","damage_taken":0,"max_hp_gain":0,"max_hp_loss":0,"event_name":"Mushrooms","floor":8,"gold_loss":0},{"damage_healed":0,"gold_gain":0,"player_choice":"2 cards matched","damage_taken":0,"max_hp_gain":0,"max_hp_loss":0,"event_name":"Match and Keep!","floor":11,"gold_loss":0,"cards_obtained":["Neutralize","Flying Knee"]},{"damage_healed":25,"gold_gain":0,"player_choice":"Heal","damage_taken":0,"max_hp_gain":0,"max_hp_loss":0,"event_name":"The Library","floor":19,"gold_loss":0},{"cards_removed":["Strike_G"],"damage_healed":0,"gold_gain":0,"player_choice":"Gave Gold","damage_taken":0,"max_hp_gain":0,"max_hp_loss":0,"event_name":"Beggar","floor":21,"gold_loss":75},{"damage_healed":0,"gold_gain":0,"player_choice":"Fought Bandits","damage_taken":0,"max_hp_gain":0,"max_hp_loss":0,"event_name":"Masked Bandits","floor":24,"gold_loss":0}],"is_beta":false,"boss_relics":[{"not_picked":["Pandora\u0027s Box","Busted Crown"],"picked":"Orrery"}],"items_purged_floors":[20],"is_endless":false,"potions_floor_spawned":[5,6,14,16,24,25],"killed_by":"Centurion and Healer","ascension_level":12}