{"gold_per_floor":[114,39,39,39,39,66,86,113,192,192,210,225,237,253,253,330,330,344,49,74,92,112,146,163,163,188,221,234,53,33,59,59,132,182,201,201,214,57,0,31,31,131,210,210,229,241,64,95,95,95],"floor_reached":51,"playtime":3074,"items_purged":["Strike_G","Strike_G"],"score":1623,"play_id":"9c1749b4-f769-4d90-aa82-6c93247d6490","local_time":"20181221175027","is_ascension_mode":true,"campfire_choices":[{"floor":10,"key":"REST"},{"data":"Cloak And Dagger","floor":15,"key":"SMITH"},{"floor":25,"key":"REST"},{"floor":32,"key":"REST"},{"floor":41,"key":"REST"},{"floor":44,"key":"REST"},{"data":"1","floor":49,"key":"LIFT"}],"neow_cost":"NONE","seed_source_timestamp":4962108983540,"circlet_count":0,"master_deck":["AscendersBane","Defend_G+1","Defend_G","Defend_G","Defend_G","Defend_G","Strike_G+1","Survivor","Neutralize+1","Bouncing Flask","Cloak And Dagger+1","Sucker Punch","Deadly Poison","Endless Agony","After Image+1","Flying Knee","Distraction+1","Corpse Explosion+1","Catalyst+1","Catalyst+1","Backflip+1","Cloak And Dagger+1","Escape Plan+1","Footwork+1","Dodge and Roll+1","Cloak And Dagger+1","Adrenaline+1","Adrenaline+1","Acrobatics+1","Deflect+1","Crippling Poison+1","Leg Sweep+1","Backflip+1","Expertise+1","Footwork","Deflect+1","Calculated Gamble+1"],"relics":["Ring of the Snake","NeowsBlessing","Vajra","Toxic Egg 2","Fusion Hammer","DollysMirror","Juzu Bracelet","Ancient Tea Set","Whetstone","Dream Catcher","Happy Flower","Tiny House","Strawberry","Red Mask","Girya","Du-Vu Doll","Question Card","Mummified Hand"],"potions_floor_usage":[8,14,27,27,31,31,35,40,50],"damage_taken":[{"damage":0,"enemies":"2 Louse","floor":1,"turns":1},{"damage":0,"enemies":"Gremlin Nob","floor":6,"turns":1},{"damage":0,"enemies":"Small Slimes","floor":7,"turns":1},{"damage":11,"enemies":"Lagavulin","floor":8,"turns":5},{"damage":0,"enemies":"Jaw Worm","floor":11,"turns":4},{"damage":3,"enemies":"Lots of Slimes","floor":12,"turns":5},{"damage":9,"enemies":"3 Louse","floor":13,"turns":5},{"damage":0,"enemies":"Gremlin Gang","floor":14,"turns":3},{"damage":18,"enemies":"Hexaghost","floor":16,"turns":9},{"damage":0,"enemies":"Shell Parasite","floor":18,"turns":7},{"damage":0,"enemies":"Spheric Guardian","floor":21,"turns":3},{"damage":3,"enemies":"Centurion and Healer","floor":22,"turns":2},{"damage":32,"enemies":"Slavers","floor":23,"turns":3},{"damage":0,"enemies":"Snake Plant","floor":24,"turns":2},{"damage":5,"enemies":"Gremlin Leader","floor":27,"turns":6},{"damage":7,"enemies":"Sentry and Sphere","floor":28,"turns":5},{"damage":20,"enemies":"Slavers","floor":31,"turns":2},{"damage":21,"enemies":"Collector","floor":33,"turns":9},{"damage":2,"enemies":"3 Shapes","floor":35,"turns":5},{"damage":0,"enemies":"3 Darklings","floor":37,"turns":3},{"damage":33,"enemies":"Reptomancer","floor":40,"turns":8},{"damage":2,"enemies":"Mind Bloom Boss Battle","floor":42,"turns":7},{"damage":0,"enemies":"Transient","floor":45,"turns":6},{"damage":0,"enemies":"Writhing Mass","floor":46,"turns":4},{"damage":0,"enemies":"Nemesis","floor":48,"turns":5},{"damage":0,"enemies":"Donu and Deca","floor":50,"turns":7}],"seed_played":"-1095981671632602806","potions_obtained":[{"floor":1,"key":"Fire Potion"},{"floor":6,"key":"GamblersBrew"},{"floor":8,"key":"AttackPotion"},{"floor":16,"key":"GhostInAJar"},{"floor":24,"key":"PowerPotion"},{"floor":28,"key":"SteroidPotion"},{"floor":33,"key":"Swift Potion"},{"floor":34,"key":"Strength Potion"},{"floor":37,"key":"Weak Potion"},{"floor":46,"key":"Regen Potion"}],"is_trial":false,"path_per_floor":["M","?","?","?","?","E","M","E","T","R","M","M","M","M","R","B",null,"M","$","T","M","M","E","M","R","T","E","M","$","?","E","R","B",null,"M","?","M","$","?","E","R","?","T","R","M","M","$","E","R","B",null],"character_chosen":"THE_SILENT","items_purchased":["DollysMirror","Dodge and Roll+1","Swift Potion","Strawberry","Expertise+1","Footwork","Deflect+1"],"campfire_rested":5,"item_purchase_floors":[19,29,29,38,47,47,47],"current_hp_per_floor":[59,59,39,44,39,39,39,28,28,49,49,46,37,37,37,19,58,58,58,58,58,55,23,23,44,44,39,32,32,32,12,33,12,61,59,59,59,66,66,33,57,55,55,79,79,79,79,79,79,79],"gold":95,"neow_bonus":"THREE_ENEMY_KILL","is_prod":false,"is_daily":false,"chose_seed":false,"campfire_upgraded":1,"win_rate":0,"timestamp":1545425427,"path_taken":["M","?","?","?","?","E","M","E","T","R","?","M","M","M","R","BOSS","M","$","?","M","M","E","M","R","T","E","M","$","?","E","R","BOSS","M","?","M","$","?","E","R","?","T","R","M","M","?","E","R","BOSS"],"build_version":"2018-12-20","purchased_purges":2,"victory":true,"max_hp_per_floor":[66,66,66,71,71,71,71,71,71,71,71,71,71,71,71,71,71,71,71,71,71,71,71,71,71,71,71,71,71,71,71,71,71,76,76,76,76,83,83,83,83,83,83,83,83,83,83,83,83,83],"card_choices":[{"not_picked":["Outmaneuver","Dodge and Roll"],"picked":"Bouncing Flask","floor":1},{"not_picked":["Endless Agony","Dagger Throw"],"picked":"Cloak And Dagger","floor":6},{"not_picked":["Quick Slash","Outmaneuver"],"picked":"Sucker Punch","floor":7},{"not_picked":["Dodge and Roll","Glass Knife"],"picked":"Deadly Poison","floor":8},{"not_picked":["Quick Slash","Sucker Punch"],"picked":"Endless Agony","floor":11},{"not_picked":["Cloak And Dagger+1","Backflip+1"],"picked":"After Image","floor":12},{"not_picked":["Poisoned Stab","Setup+1"],"picked":"Flying Knee","floor":13},{"not_picked":["Masterful Stab","Sucker Punch"],"picked":"Distraction+1","floor":14},{"not_picked":["After Image","Tools of the Trade"],"picked":"Corpse Explosion+1","floor":16},{"not_picked":["Quick Slash","Dagger Spray"],"picked":"Catalyst+1","floor":18},{"not_picked":["Infinite Blades","Blade Dance+1"],"picked":"Backflip+1","floor":21},{"not_picked":["Dodge and Roll+1","Underhanded Strike"],"picked":"Cloak And Dagger+1","floor":22},{"not_picked":["Caltrops+1","Poisoned Stab","Unload"],"picked":"SKIP","floor":23},{"not_picked":["Blade Dance+1","Accuracy","Poisoned Stab"],"picked":"SKIP","floor":24},{"not_picked":["Expertise+1","Bane"],"picked":"Escape Plan+1","floor":27},{"not_picked":["Poisoned Stab","Predator"],"picked":"Footwork+1","floor":28},{"not_picked":["Slice","Bane"],"picked":"Cloak And Dagger+1","floor":31},{"not_picked":["PiercingWail+1","Deadly Poison+1"],"picked":"Adrenaline+1","floor":32},{"not_picked":["Die Die Die","A Thousand Cuts"],"picked":"Adrenaline+1","floor":33},{"not_picked":["Concentrate+1","Sucker Punch"],"picked":"Acrobatics+1","floor":34},{"not_picked":["Flying Knee","Dagger Spray","Underhanded Strike+1"],"picked":"SKIP","floor":35},{"not_picked":["Sucker Punch+1","Concentrate+1"],"picked":"Deflect+1","floor":37},{"not_picked":["Flying Knee+1","Dagger Throw","Tactician+1"],"picked":"SKIP","floor":40},{"not_picked":["Distraction+1","Setup+1"],"picked":"Crippling Poison+1","floor":41},{"not_picked":["Dagger Throw","Underhanded Strike","Bane"],"picked":"Leg Sweep+1","floor":44},{"not_picked":["Flechettes+1","Underhanded Strike","Wraith Form v2","Deadly Poison+1"],"picked":"SKIP","floor":45},{"not_picked":["Footwork","Poisoned Stab","Dagger Spray"],"picked":"Backflip+1","floor":46},{"not_picked":["Choke+1","Poisoned Stab","Die Die Die"],"picked":"Calculated Gamble+1","floor":48}],"player_experience":587993,"relics_obtained":[{"floor":6,"key":"Vajra"},{"floor":9,"key":"Toxic Egg 2"},{"floor":20,"key":"Juzu Bracelet"},{"floor":23,"key":"Ancient Tea Set"},{"floor":26,"key":"Whetstone"},{"floor":27,"key":"Dream Catcher"},{"floor":31,"key":"Happy Flower"},{"floor":40,"key":"Girya"},{"floor":42,"key":"Du-Vu Doll"},{"floor":43,"key":"Question Card"},{"floor":48,"key":"Mummified Hand"}],"event_choices":[{"cards_removed":["Strike_G"],"damage_healed":0,"gold_gain":0,"player_choice":"Card Removal","damage_taken":0,"max_hp_gain":0,"max_hp_loss":0,"event_name":"The Cleric","floor":2,"gold_loss":75},{"damage_healed":0,"gold_gain":0,"player_choice":"Entered Light","damage_taken":20,"max_hp_gain":0,"max_hp_loss":0,"event_name":"Shining Light","floor":3,"gold_loss":0,"cards_upgraded":["Neutralize","Defend_G"]},{"damage_healed":0,"gold_gain":0,"player_choice":"Donut","damage_taken":0,"max_hp_gain":5,"max_hp_loss":0,"event_name":"Big Fish","floor":4,"gold_loss":0},{"damage_healed":0,"gold_gain":0,"player_choice":"Fled","damage_taken":5,"max_hp_gain":0,"max_hp_loss":0,"event_name":"Scrap Ooze","floor":5,"gold_loss":0},{"damage_healed":0,"gold_gain":0,"player_choice":"Bought 1 Potion","damage_taken":0,"max_hp_gain":0,"max_hp_loss":0,"event_name":"The Woman in Blue","floor":30,"gold_loss":0},{"cards_removed":["Strike_G"],"damage_healed":0,"gold_gain":0,"player_choice":"Removed Attack","damage_taken":0,"max_hp_gain":0,"max_hp_loss":0,"event_name":"Falling","floor":36,"gold_loss":0},{"damage_healed":0,"gold_gain":0,"player_choice":"Paid","damage_taken":0,"relics_obtained":["Red Mask"],"max_hp_gain":0,"max_hp_loss":0,"event_name":"Tomb of Lord Red Mask","floor":39,"gold_loss":57},{"damage_healed":0,"gold_gain":0,"player_choice":"Fight","damage_taken":0,"max_hp_gain":0,"max_hp_loss":0,"event_name":"MindBloom","floor":42,"gold_loss":0}],"is_beta":false,"boss_relics":[{"not_picked":["Black Star","Snecko Eye"],"picked":"Fusion Hammer"},{"not_picked":["Calling Bell","Philosopher\u0027s Stone"],"picked":"Tiny House"}],"items_purged_floors":[19,29],"is_endless":false,"potions_floor_spawned":[1,6,8,13,16,22,23,24,28,33,37,46],"ascension_level":17}