{"gold_per_floor":[114,129,129,148,167,205,243,218,243,281,300,300,300,338,338,463,463,482,145,145,145,15,45,45,75,150,180,210,222,264,306,318,430,442,469,481,44,84,84,114,114,144,144,174,174,204,234,47,47,47],"floor_reached":51,"playtime":3350,"items_purged":[],"score":1129,"play_id":"a1d111a9-6921-4447-8fb1-001eb28e884c","local_time":"20181220134604","daily_mods":["Heirloom","Flight","Elite Swarm"],"is_ascension_mode":false,"campfire_choices":[{"floor":13,"key":"REST"},{"data":"Buffer","floor":15,"key":"SMITH"},{"floor":24,"key":"REST"},{"floor":29,"key":"REST"},{"data":"Flash of Steel","floor":32,"key":"SMITH"},{"data":"The Bomb","floor":49,"key":"SMITH"}],"neow_cost":"","seed_source_timestamp":0,"circlet_count":0,"master_deck":["Strike_B","Strike_B","Strike_B","Strike_B","Defend_B","Defend_B","Defend_B","Defend_B","Zap","Dualcast","Auto Shields","Defragment","Injury","Sweeping Beam","Streamline","Rainbow","Buffer+1","Stack","Hyperbeam","Conserve Battery","Creative AI","Hello World","Self Repair","Flash of Steel+1","Echo Form","Hello World+1","Machine Learning","Machine Learning","Core Surge","Turbo","Rainbow","Rebound","Compile Driver","Double Energy","Consume+1","Hyperbeam","Sadistic Nature+1","The Bomb+1","Defragment+1"],"special_seed":17885,"relics":["Cracked Core","Bird Faced Urn","Bloody Idol","Potion Belt","Centennial Puzzle","Boot","Peace Pipe","Shuriken","Singing Bowl","Lizard Tail","Orichalcum","Dream Catcher","MutagenicStrength","Bottled Flame","Mummified Hand","Cables","Sundial","MawBank","Bag of Marbles","Juzu Bracelet","Busted Crown","Frozen Egg 2","FossilizedHelix","Pear","StoneCalendar","Darkstone Periapt","Ornamental Fan","Dead Branch","Blue Candle","Anchor"],"potions_floor_usage":[7,10,18,23,23,25,30,33,46,47],"damage_taken":[{"damage":7,"enemies":"Small Slimes","floor":1,"turns":3},{"damage":1,"enemies":"Jaw Worm","floor":2,"turns":4},{"damage":5,"enemies":"2 Louse","floor":4,"turns":3},{"damage":2,"enemies":"2 Fungi Beasts","floor":5,"turns":3},{"damage":20,"enemies":"Lagavulin","floor":6,"turns":6},{"damage":14,"enemies":"3 Sentries","floor":7,"turns":7},{"damage":0,"enemies":"Lagavulin","floor":10,"turns":7},{"damage":2,"enemies":"Blue Slaver","floor":11,"turns":3},{"damage":9,"enemies":"3 Sentries","floor":14,"turns":5},{"damage":51,"enemies":"Slime Boss","floor":16,"turns":13},{"damage":8,"enemies":"Chosen","floor":18,"turns":8},{"damage":48,"enemies":"Slavers","floor":23,"turns":4},{"damage":26,"enemies":"Book of Stabbing","floor":25,"turns":10},{"damage":9,"enemies":"Gremlin Leader","floor":27,"turns":6},{"damage":52,"enemies":"Book of Stabbing","floor":28,"turns":7},{"damage":21,"enemies":"Slavers","floor":30,"turns":5},{"damage":0,"enemies":"Gremlin Leader","floor":31,"turns":6},{"damage":4,"enemies":"Champ","floor":33,"turns":8},{"damage":4,"enemies":"Orb Walker","floor":35,"turns":2},{"damage":36,"enemies":"2 Orb Walkers","floor":38,"turns":6},{"damage":47,"enemies":"Nemesis","floor":40,"turns":9},{"damage":22,"enemies":"Giant Head","floor":42,"turns":8},{"damage":0,"enemies":"Nemesis","floor":44,"turns":6},{"damage":49,"enemies":"Reptomancer","floor":46,"turns":7},{"damage":0,"enemies":"Nemesis","floor":47,"turns":6},{"damage":41,"enemies":"Donu and Deca","floor":50,"turns":7}],"seed_played":"7173682322352967117","potions_obtained":[{"floor":1,"key":"Weak Potion"},{"floor":5,"key":"Fire Potion"},{"floor":10,"key":"Energy Potion"},{"floor":14,"key":"Explosive Potion"},{"floor":16,"key":"AttackPotion"},{"floor":23,"key":"FocusPotion"},{"floor":25,"key":"SteroidPotion"},{"floor":28,"key":"AttackPotion"},{"floor":40,"key":"SneckoOil"},{"floor":44,"key":"FocusPotion"},{"floor":46,"key":"Energy Potion"},{"floor":47,"key":"Swift Potion"}],"is_trial":false,"path_per_floor":["M","M","?","M","M","E","E","$","T","E","M","T","R","E","R","B",null,"M","$","?","?","$","E","R","E","T","E","E","R","E","E","R","B",null,"M","?","$","?","?","E","?","E","T","E","?","E","E","$","R","B",null],"character_chosen":"DEFECT","items_purchased":["Stack","Orichalcum","Dream Catcher","Hello World","Self Repair","Flash of Steel","Frozen Egg 2","Enlightenment","Compile Driver","Double Energy","Anchor","Defragment+1"],"campfire_rested":3,"item_purchase_floors":[8,19,19,19,22,22,37,37,37,37,48,48],"current_hp_per_floor":[68,67,67,64,64,46,34,34,34,38,38,38,60,51,51,10,75,73,73,73,73,73,34,57,53,58,77,49,77,79,79,79,81,81,81,81,81,81,81,72,72,89,89,95,87,91,101,101,101,75],"gold":47,"neow_bonus":"","is_prod":false,"is_daily":true,"chose_seed":false,"campfire_upgraded":3,"win_rate":0,"timestamp":1545331564,"path_taken":["M","M","?","M","M","E","E","$","T","E","M","?","R","E","R","BOSS","M","$","?","?","$","E","R","E","T","E","E","R","E","E","R","BOSS","M","?","$","?","?","E","?","E","T","E","?","E","E","$","R","BOSS"],"build_version":"2018-12-13","purchased_purges":0,"victory":true,"max_hp_per_floor":[75,75,75,75,75,75,75,75,75,75,75,75,75,75,75,75,75,77,77,77,77,77,77,77,77,77,77,77,77,79,79,79,81,81,81,81,81,81,81,91,91,93,93,95,97,99,101,101,101,101],"card_choices":[{"not_picked":["Cold Snap","Sweeping Beam"],"picked":"Auto Shields","floor":1},{"not_picked":["Turbo","Hologram"],"picked":"Defragment","floor":2},{"not_picked":["Compile Driver","Consume"],"picked":"Sweeping Beam","floor":4},{"not_picked":["Turbo","Tempest"],"picked":"Streamline","floor":5},{"not_picked":["Biased Cognition","Fission"],"picked":"Rainbow","floor":6},{"not_picked":["All For One","Reboot"],"picked":"Buffer","floor":7},{"not_picked":["Thunder Strike","Buffer"],"picked":"Hyperbeam","floor":10},{"not_picked":["Rebound","Go for the Eyes"],"picked":"Conserve Battery","floor":11},{"not_picked":["Thunder Strike","Core Surge"],"picked":"Creative AI","floor":14},{"not_picked":["Meteor Strike","Thunder Strike"],"picked":"Seek","floor":16},{"not_picked":["Hologram","Steam","Compile Driver+1"],"picked":"Singing Bowl","floor":18},{"not_picked":["Meteor Strike","Core Surge"],"picked":"Echo Form","floor":23},{"not_picked":["Turbo","Beam Cell+1"],"picked":"Hello World+1","floor":24},{"not_picked":["Multi-Cast","Fission"],"picked":"Machine Learning","floor":25},{"not_picked":["Amplify","Biased Cognition"],"picked":"Machine Learning","floor":27},{"not_picked":["Hyperbeam","Reboot"],"picked":"Core Surge","floor":28},{"not_picked":["Stack","Leap"],"picked":"Turbo","floor":29},{"not_picked":["Echo Form","Thunder Strike","Biased Cognition"],"picked":"Singing Bowl","floor":30},{"not_picked":["Amplify","Hyperbeam"],"picked":"Rainbow","floor":31},{"not_picked":["Echo Form","Seek","Thunder Strike"],"picked":"Singing Bowl","floor":33},{"not_picked":[],"picked":"Rebound","floor":35},{"not_picked":[],"picked":"Consume+1","floor":38},{"not_picked":[],"picked":"Hyperbeam","floor":40},{"not_picked":["Fission"],"picked":"Singing Bowl","floor":42},{"not_picked":["Reboot"],"picked":"Singing Bowl","floor":44},{"not_picked":["Purity"],"picked":"Singing Bowl","floor":45},{"not_picked":[],"picked":"Sadistic Nature+1","floor":45},{"not_picked":[],"picked":"The Bomb","floor":45},{"not_picked":["Seek"],"picked":"Singing Bowl","floor":46},{"not_picked":["Thunder Strike"],"picked":"Singing Bowl","floor":47}],"player_experience":267757,"relics_obtained":[{"floor":6,"key":"Potion Belt"},{"floor":7,"key":"Centennial Puzzle"},{"floor":9,"key":"Boot"},{"floor":10,"key":"Peace Pipe"},{"floor":12,"key":"Shuriken"},{"floor":14,"key":"Singing Bowl"},{"floor":23,"key":"Bottled Flame"},{"floor":25,"key":"Mummified Hand"},{"floor":26,"key":"Cables"},{"floor":27,"key":"Sundial"},{"floor":28,"key":"MawBank"},{"floor":30,"key":"Bag of Marbles"},{"floor":31,"key":"Juzu Bracelet"},{"floor":38,"key":"FossilizedHelix"},{"floor":40,"key":"Pear"},{"floor":42,"key":"StoneCalendar"},{"floor":43,"key":"Darkstone Periapt"},{"floor":44,"key":"Ornamental Fan"},{"floor":46,"key":"Dead Branch"},{"floor":47,"key":"Blue Candle"}],"event_choices":[{"damage_healed":0,"gold_gain":0,"player_choice":"Take Wound","damage_taken":0,"relics_obtained":["Golden Idol"],"max_hp_gain":0,"max_hp_loss":0,"event_name":"Golden Idol","floor":3,"gold_loss":0,"cards_obtained":["Injury"]},{"damage_healed":0,"gold_gain":0,"player_choice":"Inject Mutagens","damage_taken":0,"relics_obtained":["MutagenicStrength"],"max_hp_gain":0,"max_hp_loss":0,"event_name":"Drug Dealer","floor":20,"gold_loss":0},{"damage_healed":0,"gold_gain":0,"player_choice":"Gave Idol","damage_taken":0,"relics_obtained":["Bloody Idol"],"max_hp_gain":0,"max_hp_loss":0,"event_name":"Forgotten Altar","floor":21,"relics_lost":["Golden Idol"],"gold_loss":0},{"damage_healed":0,"gold_gain":0,"player_choice":"Ignored","damage_taken":0,"max_hp_gain":0,"max_hp_loss":0,"event_name":"Tomb of Lord Red Mask","floor":36,"gold_loss":0},{"damage_healed":0,"gold_gain":0,"player_choice":"Fight","damage_taken":0,"max_hp_gain":0,"max_hp_loss":0,"event_name":"Mysterious Sphere","floor":38,"gold_loss":0},{"cards_removed":["Enlightenment"],"damage_healed":0,"gold_gain":0,"player_choice":"Offered Uncommon","damage_taken":0,"max_hp_gain":0,"max_hp_loss":0,"event_name":"Bonfire Elementals","floor":39,"gold_loss":0},{"cards_removed":["Seek"],"damage_healed":0,"gold_gain":0,"player_choice":"Removed Skill","damage_taken":0,"max_hp_gain":0,"max_hp_loss":0,"event_name":"Falling","floor":41,"gold_loss":0},{"damage_healed":0,"gold_gain":0,"player_choice":"Memory 3","damage_taken":10,"max_hp_gain":0,"max_hp_loss":0,"event_name":"SensoryStone","floor":45,"gold_loss":0}],"is_beta":false,"boss_relics":[{"not_picked":["Snecko Eye","White Beast Statue"],"picked":"Lizard Tail"},{"not_picked":["Eternal Feather","Astrolabe"],"picked":"Busted Crown"}],"items_purged_floors":[],"is_endless":false,"potions_floor_spawned":[1,5,10,14,16,23,25,28,40,44,46,47],"ascension_level":0}