{"gold_per_floor":[114,289,289,376,388,400,412,37,37,52,52,67,97,137,137,237,237,252,252,252,267,79,94,94,94,94,109,109,124,124,139,139,139],"floor_reached":33,"playtime":1599,"items_purged":[],"score":243,"play_id":"57d34a8f-dd03-4af8-a2ca-dc51f07bcb8e","local_time":"20181220233711","daily_mods":["SealedDeck","Blue Cards","Night Terrors"],"is_ascension_mode":false,"campfire_choices":[{"data":"Armaments","floor":6,"key":"SMITH"},{"data":"Gash","floor":11,"key":"SMITH"},{"data":"Creative AI","floor":15,"key":"SMITH"},{"data":"FTL","floor":24,"key":"SMITH"},{"data":"Gash","floor":32,"key":"SMITH"}],"neow_cost":"","seed_source_timestamp":0,"circlet_count":0,"master_deck":["Cleave","Thunderclap","Wild Strike","Cleave","Blood for Blood","Leap","Go for the Eyes","Auto Shields","Armaments+1","Gash+1","Inflame+1","Doubt","Regret","Heatsinks","Gash+1","Creative AI+1","Seeing Red+1","Chill+1","Machine Learning","BootSequence+1","Infernal Blade+1","FTL+1","Gash+1","Heatsinks","Writhe","Ball Lightning+1","Steam Power+1","Blood for Blood+1","White Noise+1"],"special_seed":17886,"relics":["Burning Blood","MawBank","ClockworkSouvenir","Pen Nib","Dodecahedron","Toxic Egg 2","Mango","Runic Pyramid","Nilry\u0027s Codex","Boot","Molten Egg 2","Prayer Wheel"],"potions_floor_usage":[14,18,29,33,33],"damage_taken":[{"damage":5,"enemies":"Small Slimes","floor":1,"turns":4},{"damage":6,"enemies":"Jaw Worm","floor":10,"turns":3},{"damage":0,"enemies":"2 Louse","floor":12,"turns":1},{"damage":19,"enemies":"Lagavulin","floor":13,"turns":5},{"damage":12,"enemies":"Lagavulin Event","floor":14,"turns":5},{"damage":45,"enemies":"Slime Boss","floor":16,"turns":9},{"damage":22,"enemies":"2 Thieves","floor":18,"turns":4},{"damage":13,"enemies":"3 Byrds","floor":21,"turns":5},{"damage":0,"enemies":"Shelled Parasite and Fungi","floor":23,"turns":3},{"damage":2,"enemies":"Snake Plant","floor":27,"turns":4},{"damage":30,"enemies":"Centurion and Healer","floor":29,"turns":7},{"damage":6,"enemies":"Cultist and Chosen","floor":31,"turns":6},{"damage":116,"enemies":"Collector","floor":33,"turns":10}],"seed_played":"8047244864974201338","potions_obtained":[{"floor":1,"key":"BloodPotion"},{"floor":10,"key":"Explosive Potion"},{"floor":12,"key":"Energy Potion"},{"floor":16,"key":"Energy Potion"},{"floor":27,"key":"Regen Potion"}],"is_trial":false,"path_per_floor":["M","?","?","?","$","R","?","$","T","M","R","M","E","?","R","B",null,"M","?","?","M","$","M","R","?","T","M","?","M","?","M","R","B"],"character_chosen":"IRONCLAD","items_purchased":["ClockworkSouvenir","Pen Nib","Heatsinks","Boot","FTL"],"campfire_rested":0,"item_purchase_floors":[8,8,8,22,22],"current_hp_per_floor":[80,80,80,69,69,69,69,69,69,69,69,75,62,70,70,31,94,78,78,62,55,55,61,61,61,61,65,65,41,72,72,72,0],"gold":139,"neow_bonus":"","is_prod":false,"is_daily":true,"chose_seed":false,"campfire_upgraded":5,"win_rate":0,"timestamp":1545367031,"path_taken":["M","?","?","?","?","R","?","$","T","?","R","M","E","?","R","BOSS","M","?","?","M","$","M","R","?","T","?","?","M","?","M","R","BOSS"],"build_version":"2018-12-20","purchased_purges":0,"victory":false,"max_hp_per_floor":[80,80,80,80,80,80,80,80,80,80,80,80,80,94,94,94,94,94,94,94,94,94,94,94,94,94,94,94,94,94,94,94,94],"card_choices":[{"not_picked":["Coolheaded","Pommel Strike"],"picked":"Inflame","floor":1},{"not_picked":["Redo","Uppercut"],"picked":"Gash","floor":10},{"not_picked":["Clothesline","Turbo"],"picked":"Creative AI","floor":12},{"not_picked":["Steam","Defragment"],"picked":"Seeing Red","floor":13},{"not_picked":["Reprogram+1","Glacier+1"],"picked":"Chill+1","floor":14},{"not_picked":["Double Tap+1","Seek+1"],"picked":"Machine Learning","floor":16},{"not_picked":["Darkness+1","Warcry+1"],"picked":"BootSequence+1","floor":18},{"not_picked":["Darkness+1","Hello World"],"picked":"Infernal Blade+1","floor":21},{"not_picked":["Compile Driver+1","Iron Wave"],"picked":"Gash+1","floor":23},{"not_picked":["Perfected Strike+1","Sever Soul+1"],"picked":"Heatsinks","floor":27},{"not_picked":["Genetic Algorithm+1","Blizzard+1"],"picked":"Ball Lightning+1","floor":29},{"not_picked":["Rebound+1","Ball Lightning+1"],"picked":"Steam Power+1","floor":29},{"not_picked":["Wild Strike+1","Heavy Blade+1"],"picked":"Blood for Blood+1","floor":31},{"not_picked":["Clash+1","Barricade"],"picked":"White Noise+1","floor":31}],"player_experience":271107,"relics_obtained":[{"floor":9,"key":"Dodecahedron"},{"floor":13,"key":"Toxic Egg 2"},{"floor":20,"key":"Nilry\u0027s Codex"},{"floor":26,"key":"Molten Egg 2"}],"event_choices":[{"damage_healed":0,"gold_gain":175,"player_choice":"AGREE","damage_taken":0,"max_hp_gain":0,"max_hp_loss":0,"event_name":"Liars Game","floor":2,"gold_loss":0,"cards_obtained":["Doubt"]},{"damage_healed":0,"gold_gain":0,"player_choice":"Box","damage_taken":0,"relics_obtained":["MawBank"],"max_hp_gain":0,"max_hp_loss":0,"event_name":"Big Fish","floor":3,"gold_loss":0,"cards_obtained":["Regret"]},{"damage_healed":0,"gold_gain":75,"player_choice":"Gather Gold","damage_taken":11,"max_hp_gain":0,"max_hp_loss":0,"event_name":"World of Goop","floor":4,"gold_loss":0},{"damage_healed":0,"gold_gain":0,"player_choice":"Leave","damage_taken":0,"max_hp_gain":0,"max_hp_loss":0,"event_name":"The Cleric","floor":7,"gold_loss":0},{"damage_healed":0,"gold_gain":30,"player_choice":"Searched \u00273\u0027 times","damage_taken":0,"relics_obtained":["Mango"],"max_hp_gain":0,"max_hp_loss":0,"event_name":"Dead Adventurer","floor":14,"gold_loss":0},{"damage_healed":0,"gold_gain":0,"player_choice":"Simplicity","damage_taken":0,"max_hp_gain":0,"max_hp_loss":0,"event_name":"Back to Basics","floor":19,"gold_loss":0,"cards_upgraded":[]},{"damage_healed":0,"gold_gain":0,"player_choice":"Obtained Book","damage_taken":16,"max_hp_gain":0,"max_hp_loss":0,"event_name":"Cursed Tome","floor":20,"gold_loss":0},{"damage_healed":0,"gold_gain":0,"player_choice":"Upgraded","damage_taken":0,"max_hp_gain":0,"max_hp_loss":0,"event_name":"Upgrade Shrine","floor":25,"gold_loss":0,"cards_upgraded":["Inflame"]},{"damage_healed":0,"gold_gain":0,"player_choice":"Opened","damage_taken":0,"relics_obtained":["Prayer Wheel"],"max_hp_gain":0,"max_hp_loss":0,"event_name":"The Mausoleum","floor":28,"gold_loss":0,"cards_obtained":["Writhe"]},{"damage_healed":31,"gold_gain":0,"player_choice":"Heal","damage_taken":0,"max_hp_gain":0,"max_hp_loss":0,"event_name":"The Library","floor":30,"gold_loss":0}],"is_beta":false,"boss_relics":[{"not_picked":["Snecko Eye","Black Star"],"picked":"Runic Pyramid"}],"items_purged_floors":[],"is_endless":false,"potions_floor_spawned":[1,10,12,16,27],"killed_by":"Collector","ascension_level":0}