{"gold_per_floor":[109,129,304,304,322,354,354,372,372,385,400,425,425,390,390,491,541,551,551,551,551,551],"floor_reached":22,"playtime":647,"items_purged":[],"score":238,"play_id":"ea6afcc7-41ff-46d7-b1c4-854359c1fc49","local_time":"20180918215531","is_ascension_mode":true,"campfire_choices":[{"data":"White Noise","floor":7,"key":"SMITH"},{"floor":13,"key":"REST"},{"data":"Self Repair","floor":15,"key":"SMITH"}],"neow_cost":"NONE","seed_source_timestamp":374712204566547,"circlet_count":0,"master_deck":["Strike_B","Strike_B","Strike_B","Strike_B","Defend_B","Defend_B","Defend_B+1","Defend_B","Zap","Dualcast","Gash","Redo","Doubt","White Noise+1","Conserve Battery","Tempest","Rainbow","White Noise","Self Repair+1","Echo Form","Chaos","Go for the Eyes","RitualDagger"],"relics":["Cracked Core","DataDisk","FaceOfCleric","Boot","Shuriken","Darkstone Periapt","Tiny House"],"potions_floor_usage":[6,8,16,18,21],"damage_taken":[{"damage":2,"enemies":"Jaw Worm","floor":1,"turns":2},{"damage":7,"enemies":"Small Slimes","floor":2,"turns":3},{"damage":0,"enemies":"2 Louse","floor":5,"turns":2},{"damage":12,"enemies":"Gremlin Nob","floor":6,"turns":4},{"damage":14,"enemies":"Lots of Slimes","floor":8,"turns":4},{"damage":9,"enemies":"2 Fungi Beasts","floor":10,"turns":3},{"damage":5,"enemies":"Looter","floor":11,"turns":3},{"damage":13,"enemies":"Lagavulin","floor":12,"turns":5},{"damage":38,"enemies":"The Guardian","floor":16,"turns":8},{"damage":11,"enemies":"Spheric Guardian","floor":18,"turns":3},{"damage":63,"enemies":"Colosseum Slavers","floor":21,"turns":6},{"damage":12,"enemies":"3 Byrds","floor":22,"turns":2}],"seed_played":"3531919292316679713","potions_obtained":[{"floor":1,"key":"Swift Potion"},{"floor":6,"key":"EssenceOfSteel"},{"floor":8,"key":"SpeedPotion"},{"floor":12,"key":"Fire Potion"},{"floor":17,"key":"LiquidBronze"}],"is_trial":false,"path_per_floor":["M","M","?","?","M","E","R","M","T","M","M","E","R","?","R","B",null,"M","?","?","?"],"character_chosen":"DEFECT","items_purchased":[],"campfire_rested":1,"item_purchase_floors":[],"current_hp_per_floor":[73,66,66,66,67,56,56,43,43,35,31,19,43,63,63,36,87,87,70,64,12,0],"gold":551,"neow_bonus":"RANDOM_COMMON_RELIC","is_prod":false,"is_daily":false,"chose_seed":false,"campfire_upgraded":2,"win_rate":0,"timestamp":1537322131,"path_taken":["M","M","?","?","M","E","R","M","T","?","M","E","R","?","R","BOSS","M","?","?","?","?"],"build_version":"2018-09-06","purchased_purges":0,"victory":false,"max_hp_per_floor":[75,75,75,75,76,77,77,78,78,79,80,81,81,81,81,82,87,88,93,93,94,94],"card_choices":[{"not_picked":["Scrape","Steam"],"picked":"Gash","floor":1},{"not_picked":["Rebound","Heatsinks"],"picked":"Redo","floor":2},{"not_picked":["Sweeping Beam","Redo"],"picked":"White Noise","floor":5},{"not_picked":["Gash","Auto Shields"],"picked":"Conserve Battery","floor":6},{"not_picked":["Loop","Cold Snap"],"picked":"Tempest","floor":8},{"not_picked":["Undo","Reprogram"],"picked":"Rainbow","floor":10},{"not_picked":["Reinforced Body","Compile Driver"],"picked":"White Noise","floor":11},{"not_picked":["Force Field","Conserve Battery"],"picked":"Self Repair","floor":12},{"not_picked":["All For One","Amplify"],"picked":"Echo Form","floor":16},{"not_picked":["Beam Cell","Reprogram"],"picked":"Chaos","floor":17},{"not_picked":["Ball Lightning","Compile Driver"],"picked":"Go for the Eyes","floor":18}],"player_experience":145137,"relics_obtained":[{"floor":6,"key":"Boot"},{"floor":9,"key":"Shuriken"},{"floor":12,"key":"Darkstone Periapt"}],"event_choices":[{"event_name":"Liars Game","player_choice":"agreed","floor":3,"damage_taken":0},{"event_name":"FaceTrader","player_choice":"Trade","floor":4,"damage_taken":0},{"event_name":"The Cleric","player_choice":"Healed","floor":14,"damage_taken":0},{"event_name":"Forgotten Altar","player_choice":"Shed Blood","floor":19,"damage_taken":0},{"event_name":"Nest","player_choice":"Joined the Cult","floor":20,"damage_taken":0},{"event_name":"Colosseum","player_choice":"Fight","floor":21,"damage_taken":0},{"event_name":"Colosseum","player_choice":"Fled From Nobs","floor":21,"damage_taken":0}],"is_beta":false,"boss_relics":[{"not_picked":["Philosopher\u0027s Stone","Sozu"],"picked":"Tiny House"}],"items_purged_floors":[],"is_endless":false,"potions_floor_spawned":[1,6,8,12],"killed_by":"3 Byrds","ascension_level":2}