{"gold_per_floor":[119,130,143,155,172,201,201,233,282,307,307,307,323,323,323,446,446,459,472,515,540,465,501,401,401,401,417,453,453,43,78,78,174,174,191,203,214,229,229,256,311,336,348,390,502,532,564,609,621,633],"floor_reached":51,"playtime":17969,"items_purged":["Strike_R","Strike_R","Strike_R"],"score":1331,"play_id":"72c2feee-eded-4103-b3ad-18121d854d2b","local_time":"20190605223044","is_ascension_mode":true,"campfire_choices":[{"data":"Hemokinesis","floor":7,"key":"SMITH"},{"floor":11,"key":"REST"},{"data":"Spot Weakness","floor":15,"key":"SMITH"},{"floor":25,"key":"REST"},{"data":"Armaments","floor":32,"key":"SMITH"},{"data":"1","floor":49,"key":"LIFT"}],"neow_cost":"NONE","seed_source_timestamp":1864992843076334,"circlet_count":0,"master_deck":["Strike_R","Strike_R","Defend_R","Defend_R","Defend_R","Defend_R","Bash","Dropkick","Corruption","Armaments+1","Thunderclap","Pommel Strike","Spot Weakness+1","Hemokinesis","Reaper","Cleave","Shrug It Off+1","Whirlwind+1","Sword Boomerang+1","Demon Form+1","Shrug It Off+1","Flex+1","Offering+1","Armaments+1","Dark Embrace+1","Disarm+1","True Grit+1","Warcry+1","Havoc+1","Dropkick","Sentinel+1","Shrug It Off+1","Shockwave+1","Flame Barrier+1","Seeing Red+1","Rupture+1","Feel No Pain+1","Juggernaut+1","Warcry+1"],"relics":["Burning Blood","Paper Frog","Gremlin Horn","Lantern","Frozen Egg 2","Bloody Idol","Centennial Puzzle","Sozu","Red Mask","Toxic Egg 2","Turnip","Smiling Mask","Lee\u0027s Waffle","Strawberry","Philosopher\u0027s Stone","Charon\u0027s Ashes","Girya","MawBank","Oddly Smooth Stone","Blood Vial","Prayer Wheel","Vajra"],"potions_floor_usage":[8,8,10,13,19],"damage_taken":[{"damage":8,"enemies":"2 Louse","floor":1,"turns":3},{"damage":5,"enemies":"Jaw Worm","floor":2,"turns":3},{"damage":8,"enemies":"Small Slimes","floor":3,"turns":3},{"damage":3,"enemies":"Exordium Wildlife","floor":4,"turns":3},{"damage":24,"enemies":"Blue Slaver","floor":5,"turns":3},{"damage":31,"enemies":"Lagavulin","floor":6,"turns":6},{"damage":16,"enemies":"Gremlin Nob","floor":8,"turns":4},{"damage":29,"enemies":"3 Sentries","floor":10,"turns":7},{"damage":2,"enemies":"Gremlin Gang","floor":13,"turns":2},{"damage":29,"enemies":"Slime Boss","floor":16,"turns":6},{"damage":17,"enemies":"2 Thieves","floor":18,"turns":3},{"damage":5,"enemies":"3 Byrds","floor":19,"turns":3},{"damage":33,"enemies":"Masked Bandits","floor":20,"turns":5},{"damage":33,"enemies":"Sentry and Sphere","floor":21,"turns":5},{"damage":28,"enemies":"Gremlin Leader","floor":23,"turns":4},{"damage":18,"enemies":"Snake Plant","floor":27,"turns":3},{"damage":22,"enemies":"Book of Stabbing","floor":28,"turns":4},{"damage":25,"enemies":"Slavers","floor":31,"turns":2},{"damage":32,"enemies":"Automaton","floor":33,"turns":6},{"damage":46,"enemies":"3 Shapes","floor":35,"turns":3},{"damage":13,"enemies":"Orb Walker","floor":36,"turns":3},{"damage":10,"enemies":"4 Shapes","floor":37,"turns":2},{"damage":24,"enemies":"Maw","floor":38,"turns":6},{"damage":12,"enemies":"Giant Head","floor":40,"turns":3},{"damage":17,"enemies":"2 Orb Walkers","floor":41,"turns":2},{"damage":6,"enemies":"Reptomancer","floor":42,"turns":2},{"damage":27,"enemies":"Nemesis","floor":44,"turns":5},{"damage":11,"enemies":"Mind Bloom Boss Battle","floor":45,"turns":3},{"damage":8,"enemies":"Writhing Mass","floor":46,"turns":3},{"damage":15,"enemies":"Transient","floor":47,"turns":5},{"damage":6,"enemies":"Reptomancer","floor":48,"turns":5},{"damage":43,"enemies":"Time Eater","floor":50,"turns":6}],"seed_played":"-1179109486948536276","potions_obtained":[{"floor":4,"key":"Strength Potion"},{"floor":5,"key":"Block Potion"},{"floor":6,"key":"FairyPotion"},{"floor":8,"key":"FearPotion"},{"floor":10,"key":"PowerPotion"},{"floor":16,"key":"AttackPotion"}],"is_trial":false,"path_per_floor":["M","M","M","M","M","E","R","E","T","E","R","?","M","?","R","B",null,"M","M","?","M","$","E","$","R","T","M","E","?","$","E","R","B",null,"M","M","M","M","?","E","?","E","T","E","?","M","M","E","R","B",null],"character_chosen":"IRONCLAD","items_purchased":["Lee\u0027s Waffle","Offering+1"],"campfire_rested":2,"item_purchase_floors":[30,30],"current_hp_per_floor":[78,79,77,80,62,37,37,27,27,14,40,40,44,41,41,18,65,54,63,46,23,23,13,13,37,37,25,17,17,88,90,90,69,89,68,74,95,82,82,81,89,95,95,79,95,95,95,95,95,58],"gold":645,"neow_bonus":"TEN_PERCENT_HP_BONUS","is_prod":false,"is_daily":false,"chose_seed":false,"campfire_upgraded":3,"win_rate":0,"timestamp":1559788244,"path_taken":["M","M","M","M","M","E","R","E","T","E","R","?","M","?","R","BOSS","M","M","?","M","$","E","$","R","T","M","E","?","?","E","R","BOSS","M","M","M","M","?","E","?","E","T","E","?","M","M","E","R","BOSS"],"build_version":"2019-01-23","purchased_purges":3,"victory":true,"max_hp_per_floor":[88,88,88,88,88,88,88,88,88,88,88,81,81,81,81,81,81,81,81,81,81,81,81,81,81,81,81,81,81,88,95,95,95,95,95,95,95,95,95,95,95,95,95,95,95,95,95,95,95,95],"card_choices":[{"not_picked":["Cleave","Perfected Strike"],"picked":"Hemokinesis","floor":1},{"not_picked":["Flex","Seeing Red"],"picked":"Dropkick","floor":2},{"not_picked":["Flame Barrier","Feel No Pain"],"picked":"Corruption","floor":3},{"not_picked":["Searing Blow","True Grit","Anger"],"picked":"SKIP","floor":4},{"not_picked":["Rupture","Combust"],"picked":"Armaments","floor":5},{"not_picked":["Sword Boomerang","True Grit"],"picked":"Thunderclap","floor":6},{"not_picked":["Entrench","Armaments"],"picked":"Pommel Strike","floor":8},{"not_picked":["Reckless Charge","Perfected Strike"],"picked":"Spot Weakness","floor":10},{"not_picked":["Anger","Second Wind"],"picked":"Hemokinesis","floor":13},{"not_picked":["Limit Break","Fiend Fire"],"picked":"Reaper","floor":16},{"not_picked":["Armaments+1","Clothesline+1"],"picked":"Cleave","floor":18},{"not_picked":["Dual Wield","Clash"],"picked":"Shrug It Off+1","floor":19},{"not_picked":["Spot Weakness","Twin Strike"],"picked":"Whirlwind+1","floor":20},{"not_picked":["Wild Strike","Body Slam"],"picked":"Sword Boomerang+1","floor":21},{"not_picked":["Intimidate+1","Thunderclap"],"picked":"Demon Form+1","floor":23},{"not_picked":["Twin Strike","Anger+1"],"picked":"Shrug It Off+1","floor":27},{"not_picked":["Clothesline+1","Wild Strike"],"picked":"Flex+1","floor":28},{"not_picked":["Evolve+1","Pummel"],"picked":"Armaments+1","floor":31},{"not_picked":["Offering+1","Juggernaut+1"],"picked":"Dark Embrace+1","floor":33},{"not_picked":["Heavy Blade","Havoc+1"],"picked":"Disarm+1","floor":35},{"not_picked":["Cleave","Clothesline+1"],"picked":"True Grit+1","floor":36},{"not_picked":["Spot Weakness+1","Rupture+1"],"picked":"Warcry+1","floor":37},{"not_picked":["Anger+1","Twin Strike"],"picked":"Havoc+1","floor":38},{"not_picked":["Ghostly Armor+1","Iron Wave+1"],"picked":"Dropkick","floor":40},{"not_picked":["Spot Weakness+1","Warcry+1"],"picked":"Sentinel+1","floor":41},{"not_picked":["Searing Blow","Thunderclap"],"picked":"Shrug It Off+1","floor":42},{"not_picked":["Whirlwind","Dual Wield+1"],"picked":"Shockwave+1","floor":44},{"not_picked":["Iron Wave+1","Sword Boomerang+1"],"picked":"Flame Barrier+1","floor":45},{"not_picked":["Thunderclap","Headbutt+1"],"picked":"Seeing Red+1","floor":46},{"not_picked":["Bloodletting+1","Rampage"],"picked":"Rupture+1","floor":46},{"not_picked":["Pummel","Anger+1"],"picked":"Feel No Pain+1","floor":47},{"not_picked":["Wild Strike","Bloodletting+1"],"picked":"Juggernaut+1","floor":47},{"not_picked":["Pommel Strike+1","Sword Boomerang"],"picked":"Warcry+1","floor":48}],"player_experience":785401,"relics_obtained":[{"floor":6,"key":"Paper Frog"},{"floor":8,"key":"Gremlin Horn"},{"floor":9,"key":"Lantern"},{"floor":10,"key":"Frozen Egg 2"},{"floor":20,"key":"Red Mask"},{"floor":23,"key":"Toxic Egg 2"},{"floor":26,"key":"Turnip"},{"floor":28,"key":"Smiling Mask"},{"floor":31,"key":"Strawberry"},{"floor":40,"key":"Charon\u0027s Ashes"},{"floor":41,"key":"Girya"},{"floor":42,"key":"MawBank"},{"floor":43,"key":"Oddly Smooth Stone"},{"floor":44,"key":"Blood Vial"},{"floor":45,"key":"Prayer Wheel"},{"floor":48,"key":"Vajra"}],"event_choices":[{"damage_healed":0,"gold_gain":0,"player_choice":"Lose Max HP","damage_taken":0,"relics_obtained":["Golden Idol"],"max_hp_gain":0,"max_hp_loss":7,"event_name":"Golden Idol","floor":12,"gold_loss":0},{"damage_healed":0,"gold_gain":0,"player_choice":"Success","damage_taken":3,"relics_obtained":["Centennial Puzzle"],"max_hp_gain":0,"max_hp_loss":0,"event_name":"Scrap Ooze","floor":14,"gold_loss":0},{"damage_healed":0,"gold_gain":0,"player_choice":"Fought Bandits","damage_taken":0,"max_hp_gain":0,"max_hp_loss":0,"event_name":"Masked Bandits","floor":20,"gold_loss":0},{"damage_healed":0,"gold_gain":0,"player_choice":"Gave Idol","damage_taken":0,"relics_obtained":["Bloody Idol"],"max_hp_gain":0,"max_hp_loss":0,"event_name":"Forgotten Altar","floor":29,"relics_lost":["Golden Idol"],"gold_loss":0},{"cards_removed":["Hemokinesis"],"damage_healed":0,"gold_gain":0,"player_choice":"Removed Attack","damage_taken":0,"max_hp_gain":0,"max_hp_loss":0,"event_name":"Falling","floor":39,"gold_loss":0},{"damage_healed":0,"gold_gain":0,"player_choice":"Fight","damage_taken":0,"max_hp_gain":0,"max_hp_loss":0,"event_name":"Mysterious Sphere","floor":41,"gold_loss":0},{"damage_healed":0,"gold_gain":0,"player_choice":"Fight","damage_taken":0,"max_hp_gain":0,"max_hp_loss":0,"event_name":"MindBloom","floor":45,"gold_loss":0}],"is_beta":false,"boss_relics":[{"not_picked":["Runic Dome","Lizard Tail"],"picked":"Sozu"},{"not_picked":["Fusion Hammer","Tiny House"],"picked":"Philosopher\u0027s Stone"}],"items_purged_floors":[22,24,30],"is_endless":false,"potions_floor_spawned":[4,5,6,8,10,16,18,20,21,33,35,37,40,41,46,47],"ascension_level":8}