{"path_per_floor":["M","?","?","M","M","E","M","M","T","R","$","?","M","E","R"],"character_chosen":"IRONCLAD","items_purchased":["Apotheosis"],"gold_per_floor":[112,187,254,270,280,306,326,339,339,339,127,127,143,177,177],"floor_reached":16,"campfire_rested":2,"playtime":511,"current_hp_per_floor":[84,73,73,79,85,17,16,16,16,42,42,64,65,47,73],"items_purged":[],"gold":177,"score":112,"play_id":"4d72c84c-281e-445f-b2fa-328c6257f8df","is_prod":false,"is_daily":false,"is_ascension_mode":false,"campfire_upgraded":0,"path_taken":["M","?","?","M","M","E","M","M","T","R","$","?","M","E","R","BOSS"],"build_version":"2018-02-12-PROD1","purchased_purges":0,"victory":false,"master_deck":["Strike_R","Strike_R","Strike_R","Strike_R","Strike_R","Defend_R","Defend_R","Defend_R","Defend_R","Bash","Wild Strike","Twin Strike","Sentinel","Twin Strike","Iron Wave","Infernal Blade","Apotheosis","Parasite","Iron Wave","Limit Break"],"max_hp_per_floor":[88,88,88,88,88,88,88,88,88,88,88,88,88,88,88],"relics":["Burning Blood","Unceasing Top","Ginger","Calipers"],"card_choices":[{"not_picked":["Warcry","Shrug It Off"],"picked":"Wild Strike"},{"not_picked":["Heavy Blade","Reckless Charge"],"picked":"Twin Strike"},{"not_picked":["Offering","Heavy Blade"],"picked":"Sentinel"},{"not_picked":["Feel No Pain","Headbutt"],"picked":"Twin Strike"},{"not_picked":["Thunderclap","True Grit"],"picked":"Iron Wave"},{"not_picked":["Cleave","Twin Strike"],"picked":"Infernal Blade"},{"not_picked":["Headbutt","Intimidate"],"picked":"Iron Wave"},{"not_picked":["Sever Soul","Dual Wield"],"picked":"Limit Break"}],"player_experience":73198,"potions_floor_usage":[14,16],"damage_taken":[{"damage":10,"enemies":"Jaw Worm","floor":1,"turns":4},{"damage":0,"enemies":"Cultist","floor":4,"turns":3},{"damage":0,"enemies":"Small Slimes","floor":5,"turns":3},{"damage":74,"enemies":"Lagavulin","floor":6,"turns":10},{"damage":7,"enemies":"3 Louse","floor":7,"turns":4},{"damage":6,"enemies":"Exordium Wildlife","floor":8,"turns":3},{"damage":5,"enemies":"2 Fungi Beasts","floor":13,"turns":4},{"damage":30,"enemies":"Gremlin Nob","floor":14,"turns":4},{"damage":77,"enemies":"Hexaghost","floor":16,"turns":12}],"event_choices":[{"event_name":"World of Goop","player_choice":"Gather Gold","floor":2,"damage_taken":0},{"event_name":"Golden Wing","player_choice":"Gained Gold","floor":3,"damage_taken":0},{"event_name":"Mushrooms","player_choice":"Healed and dodged fight","floor":12,"damage_taken":0}],"boss_relics":[],"potions_floor_spawned":[7,13],"seed_played":"186808317375922430","killed_by":"Hexaghost","ascension_level":0,"is_trial":false}