{"gold_per_floor":[118,118,118,129,142,177,191,218,243,256,256],"floor_reached":11,"playtime":433,"items_purged":[],"score":85,"play_id":"c245d883-008e-475e-96ca-cc1c00ad3ac0","local_time":"20180914235148","is_ascension_mode":false,"campfire_choices":[],"neow_cost":"CURSE","seed_source_timestamp":36303657409186,"circlet_count":0,"master_deck":["Strike_B","Strike_B+1","Strike_B","Strike_B","Defend_B+1","Defend_B","Defend_B","Defend_B","Shame","Leap","Machine Learning","Tempest","Regret","Sunder","Cold Snap","All For One","Sunder","Turbo","Leap"],"relics":["Cracked Core","Anchor","Bag of Preparation","Happy Flower","Strawberry"],"potions_floor_usage":[8],"damage_taken":[{"damage":2,"enemies":"Jaw Worm","floor":1,"turns":4},{"damage":7,"enemies":"2 Louse","floor":4,"turns":3},{"damage":3,"enemies":"Small Slimes","floor":5,"turns":3},{"damage":22,"enemies":"Gremlin Nob","floor":6,"turns":4},{"damage":7,"enemies":"3 Louse","floor":7,"turns":3},{"damage":11,"enemies":"3 Sentries","floor":8,"turns":5},{"damage":1,"enemies":"Large Slime","floor":10,"turns":4},{"damage":14,"enemies":"3 Sentries","floor":11,"turns":4}],"seed_played":"-1621820687343982269","potions_obtained":[{"floor":4,"key":"SneckoOil"},{"floor":6,"key":"Ancient Potion"},{"floor":10,"key":"Poison Potion"}],"is_trial":false,"path_per_floor":["M","?","?","M","M","E","M","E","T","M"],"character_chosen":"DEFECT","items_purchased":[],"campfire_rested":0,"item_purchase_floors":[],"current_hp_per_floor":[73,58,58,51,48,26,19,8,15,14,0],"gold":256,"neow_bonus":"TRANSFORM_TWO_CARDS","is_prod":false,"is_daily":false,"chose_seed":false,"campfire_upgraded":0,"win_rate":0.0,"timestamp":1536983508,"path_taken":["M","?","?","M","M","E","M","E","T","?","?"],"build_version":"2018-09-06","purchased_purges":0,"victory":false,"max_hp_per_floor":[75,75,75,75,75,75,75,75,82,82,82],"card_choices":[{"not_picked":["Rebound","Reinforced Body"],"picked":"Tempest","floor":1},{"not_picked":["Cold Snap","Leap"],"picked":"Sunder","floor":4},{"not_picked":["Steam Power","Go for the Eyes"],"picked":"Cold Snap","floor":5},{"not_picked":["Tempest","Heatsinks"],"picked":"All For One","floor":6},{"not_picked":["Beam Cell","Conserve Battery"],"picked":"Sunder","floor":7},{"not_picked":["Melter","Go for the Eyes"],"picked":"Turbo","floor":8},{"not_picked":["Steam","Machine Learning"],"picked":"Leap","floor":10}],"player_experience":101862,"relics_obtained":[{"floor":6,"key":"Bag of Preparation"},{"floor":8,"key":"Happy Flower"},{"floor":9,"key":"Strawberry"}],"event_choices":[{"event_name":"Shining Light","player_choice":"Entered Light","floor":2,"damage_taken":0},{"event_name":"Big Fish","player_choice":"Box","floor":3,"damage_taken":0},{"event_name":"Dead Adventurer","player_choice":"Searched \u00272\u0027 times","floor":11,"damage_taken":0}],"is_beta":false,"boss_relics":[],"items_purged_floors":[],"is_endless":false,"potions_floor_spawned":[4,6,10],"killed_by":"3 Sentries","ascension_level":0}