{"gold_per_floor":[114,114,80,95,110,110,125,125,150,150,165,85,85,85,85,185,185,200,215,8,8,23,23,23,23,73,73,73,88,88,3,3,103,103,118,43,143,43,43,43,0,0,0,0,0,0,0,15,15,15],"floor_reached":50,"playtime":1716,"items_purged":["Pain","Pain"],"score":447,"play_id":"0c66c5c2-441d-4dd1-8786-03b68fd3c807","local_time":"20181102033504","daily_mods":["SealedDeck","Flight","Careless"],"is_ascension_mode":false,"campfire_choices":[{"data":"Catalyst","floor":6,"key":"SMITH"},{"data":"Bouncing Flask","floor":8,"key":"SMITH"},{"data":"Bouncing Flask","floor":10,"key":"SMITH"},{"data":"Leg Sweep","floor":13,"key":"SMITH"},{"data":"Bane","floor":15,"key":"SMITH"},{"data":"Thinking Ahead","floor":23,"key":"SMITH"},{"data":"Burst","floor":24,"key":"SMITH"},{"data":"Leg Sweep","floor":25,"key":"SMITH"},{"data":"Calculated Gamble","floor":27,"key":"SMITH"},{"data":"Deflect","floor":28,"key":"SMITH"},{"data":"Dodge and Roll","floor":30,"key":"SMITH"},{"floor":32,"key":"REST"},{"data":"Burst","floor":40,"key":"SMITH"},{"data":"Deflect","floor":42,"key":"SMITH"},{"data":"Poisoned Stab","floor":44,"key":"SMITH"},{"data":"Poisoned Stab","floor":46,"key":"SMITH"},{"data":"Poisoned Stab","floor":47,"key":"SMITH"},{"data":"Deadly Poison","floor":49,"key":"SMITH"}],"neow_cost":"","seed_source_timestamp":15447546852935,"circlet_count":0,"master_deck":["Quick Slash","Poisoned Stab+1","Deadly Poison+1","Calculated Gamble+1","Blur","Deflect+1","Bouncing Flask+1","Bane+1","Poisoned Stab+1","Backflip","Poisoned Stab+1","Bouncing Flask+1","Deflect+1","Catalyst+1","Leg Sweep+1","Escape Plan","Burst+1","Leg Sweep+1","Backflip","Thinking Ahead+1","Dodge and Roll+1","Burst+1","Writhe","Regret","Prepared+1","Normality","Catalyst+1"],"special_seed":17837,"relics":["Ring of the Snake","Potion Belt","Singing Bowl","Cursed Key","Snake Skull","Paper Crane","Calling Bell","Dream Catcher","Sundial","Tough Bandages","FossilizedHelix","Red Mask","Mercury Hourglass"],"potions_floor_usage":[7,33,33,37,50],"damage_taken":[{"damage":3,"enemies":"2 Louse","floor":1,"turns":2},{"damage":8,"enemies":"Jaw Worm","floor":4,"turns":3},{"damage":0,"enemies":"Cultist","floor":5,"turns":3},{"damage":0,"enemies":"Lots of Slimes","floor":7,"turns":1},{"damage":12,"enemies":"3 Louse","floor":11,"turns":3},{"damage":2,"enemies":"Hexaghost","floor":16,"turns":5},{"damage":11,"enemies":"2 Thieves","floor":18,"turns":4},{"damage":11,"enemies":"3 Byrds","floor":19,"turns":3},{"damage":9,"enemies":"Shelled Parasite and Fungi","floor":22,"turns":5},{"damage":5,"enemies":"Snecko","floor":29,"turns":3},{"damage":35,"enemies":"Champ","floor":33,"turns":7},{"damage":8,"enemies":"Orb Walker","floor":35,"turns":2},{"damage":2,"enemies":"Mind Bloom Boss Battle","floor":37,"turns":5},{"damage":11,"enemies":"3 Shapes","floor":48,"turns":5},{"damage":64,"enemies":"Time Eater","floor":50,"turns":7}],"seed_played":"-6540096800640784622","potions_obtained":[{"floor":1,"key":"Explosive Potion"},{"floor":5,"key":"Ancient Potion"},{"floor":16,"key":"SkillPotion"},{"floor":22,"key":"Weak Potion"},{"floor":29,"key":"SkillPotion"},{"floor":37,"key":"PowerPotion"}],"is_trial":false,"path_per_floor":["M","?","$","M","M","R","M","R","T","R","M","$","R","?","R","B",null,"M","M","$","$","M","R","R","R","T","R","R","M","R","?","R","B",null,"M","$","?","$","?","R","?","R","T","R","?","R","R","M","R","B"],"character_chosen":"THE_SILENT","items_purchased":["Bouncing Flask","Escape Plan","Backflip","Thinking Ahead"],"campfire_rested":1,"item_purchase_floors":[3,12,20,20],"current_hp_per_floor":[67,67,67,59,59,59,59,59,59,59,47,47,47,47,47,45,70,59,50,50,50,43,43,43,43,43,43,43,38,38,38,60,25,74,68,68,66,66,68,68,68,68,68,68,68,68,68,59,59,0],"gold":15,"neow_bonus":"","is_prod":false,"is_daily":true,"chose_seed":false,"campfire_upgraded":17,"win_rate":0,"timestamp":1541140504,"path_taken":["M","?","$","M","M","R","M","R","T","R","M","$","R","?","R","BOSS","M","?","$","$","?","R","R","R","T","R","R","M","R","?","R","BOSS","M","$","?","$","?","R","?","R","T","R","?","R","R","M","R","BOSS"],"build_version":"2018-11-01","purchased_purges":2,"victory":false,"max_hp_per_floor":[70,70,70,70,70,70,70,70,70,70,70,70,70,70,70,70,70,70,72,72,72,74,74,74,74,74,74,74,74,74,74,74,74,74,76,76,76,76,78,78,78,78,78,78,78,78,78,80,80,80],"card_choices":[{"not_picked":["Bouncing Flask","Outmaneuver"],"picked":"Poisoned Stab","floor":1},{"not_picked":["Slice","Deadly Poison"],"picked":"Deflect","floor":4},{"not_picked":["Quick Slash","Reflex"],"picked":"Catalyst","floor":5},{"not_picked":["Quick Slash","Dagger Throw","Underhanded Strike"],"picked":"SKIP","floor":7},{"not_picked":["Slice","Underhanded Strike"],"picked":"Leg Sweep","floor":11},{"not_picked":["Phantasmal Killer","A Thousand Cuts"],"picked":"Burst","floor":16},{"not_picked":["Dagger Spray","Dash"],"picked":"Leg Sweep","floor":18},{"not_picked":["Backstab+1","Poisoned Stab","Underhanded Strike"],"picked":"Singing Bowl","floor":19},{"not_picked":["Acrobatics","Dagger Throw","PiercingWail"],"picked":"Singing Bowl","floor":22},{"not_picked":["Dagger Spray","Riddle With Holes"],"picked":"Dodge and Roll","floor":29},{"not_picked":["Glass Knife","Wraith Form v2"],"picked":"Burst","floor":33},{"not_picked":["Deadly Poison","Calculated Gamble","Noxious Fumes+1"],"picked":"Singing Bowl","floor":35},{"not_picked":["Sucker Punch+1","Outmaneuver+1"],"picked":"Prepared+1","floor":37},{"not_picked":["Dramatic Entrance","Purity","Enlightenment"],"picked":"Singing Bowl","floor":39},{"not_picked":["Noxious Fumes+1","Dagger Throw+1","Accuracy+1"],"picked":"Singing Bowl","floor":48}],"player_experience":244286,"relics_obtained":[{"floor":9,"key":"Potion Belt"},{"floor":26,"key":"Snake Skull"},{"floor":34,"key":"Dream Catcher"},{"floor":34,"key":"Sundial"},{"floor":34,"key":"Tough Bandages"},{"floor":37,"key":"FossilizedHelix"},{"floor":43,"key":"Mercury Hourglass"}],"event_choices":[{"damage_healed":0,"gold_gain":0,"player_choice":"Ignored","damage_taken":0,"max_hp_gain":0,"max_hp_loss":0,"event_name":"Golden Wing","floor":2,"gold_loss":0},{"damage_healed":0,"gold_gain":0,"player_choice":"Gave Potion","damage_taken":0,"relics_obtained":["Singing Bowl"],"max_hp_gain":0,"max_hp_loss":0,"event_name":"WeMeetAgain","floor":14,"gold_loss":0},{"damage_healed":0,"gold_gain":0,"player_choice":"Obtained Relic","damage_taken":0,"relics_obtained":["Paper Crane"],"max_hp_gain":0,"max_hp_loss":0,"event_name":"Addict","floor":31,"gold_loss":85},{"damage_healed":0,"gold_gain":0,"player_choice":"Fight","damage_taken":0,"max_hp_gain":0,"max_hp_loss":0,"event_name":"MindBloom","floor":37,"gold_loss":0},{"damage_healed":0,"gold_gain":0,"player_choice":"Memory 1","damage_taken":0,"max_hp_gain":0,"max_hp_loss":0,"event_name":"SensoryStone","floor":39,"gold_loss":0},{"damage_healed":0,"gold_gain":0,"player_choice":"Paid","damage_taken":0,"relics_obtained":["Red Mask"],"max_hp_gain":0,"max_hp_loss":0,"event_name":"Tomb of Lord Red Mask","floor":41,"gold_loss":43},{"damage_healed":0,"gold_gain":0,"player_choice":"Copied","damage_taken":0,"max_hp_gain":0,"max_hp_loss":0,"event_name":"Duplicator","floor":45,"gold_loss":0,"cards_obtained":["Catalyst"]}],"is_beta":false,"boss_relics":[{"not_picked":["Runic Dome","Black Star"],"picked":"Cursed Key"},{"not_picked":["HoveringKite","Empty Cage"],"picked":"Calling Bell"}],"items_purged_floors":[36,38],"is_endless":false,"potions_floor_spawned":[1,5,16,22,29,37],"killed_by":"Time Eater","ascension_level":0}