{"gold_per_floor":[109,6,22,40,0,0,33,33,58,83,83,83,110,121,121,198,198,208,208,225,47,60,60,72,87,87,87,12,12,30,76,76,149,149,166,166,166,166,166,166,166],"floor_reached":41,"playtime":1928,"items_purged":["Pain","Strike_G"],"score":844,"play_id":"9e60be91-6d5c-4517-bdc6-cfffce4b6b91","local_time":"20190403131022","is_ascension_mode":true,"campfire_choices":[{"data":"Corpse Explosion","floor":6,"key":"SMITH"},{"data":"Footwork","floor":8,"key":"SMITH"},{"data":"Dagger Spray","floor":15,"key":"SMITH"},{"floor":23,"key":"REST"},{"data":"Wraith Form v2","floor":27,"key":"SMITH"},{"floor":29,"key":"REST"},{"data":"Noxious Fumes","floor":32,"key":"SMITH"},{"data":"Wraith Form v2","floor":40,"key":"SMITH"}],"neow_cost":"CURSE","seed_source_timestamp":4705264654689,"circlet_count":0,"master_deck":["AscendersBane","Defend_G","Defend_G","Defend_G","Defend_G","Defend_G","Strike_G","Strike_G","Strike_G","Survivor","Neutralize","Corpse Explosion+1","Dagger Spray+1","PiercingWail","Footwork+1","Bane","Backflip","Deflect","Predator","Wraith Form v2+1","Noxious Fumes+1","Wraith Form v2+1","PiercingWail"],"relics":["Ring of the Snake","Art of War","Centennial Puzzle","Odd Mushroom","Snake Skull","Busted Crown","WingedGreaves","Juzu Bracelet","Snecko Eye","Question Card"],"potions_floor_usage":[7,10,16,16,20,25,33,33],"damage_taken":[{"damage":9,"enemies":"Cultist","floor":1,"turns":4},{"damage":0,"enemies":"2 Louse","floor":3,"turns":2},{"damage":10,"enemies":"Small Slimes","floor":4,"turns":5},{"damage":5,"enemies":"Looter","floor":5,"turns":4},{"damage":8,"enemies":"Gremlin Nob","floor":7,"turns":3},{"damage":8,"enemies":"The Mushroom Lair","floor":10,"turns":2},{"damage":18,"enemies":"3 Sentries","floor":13,"turns":3},{"damage":0,"enemies":"Blue Slaver","floor":14,"turns":4},{"damage":14,"enemies":"Hexaghost","floor":16,"turns":9},{"damage":3,"enemies":"3 Byrds","floor":18,"turns":3},{"damage":14,"enemies":"Spheric Guardian","floor":20,"turns":8},{"damage":8,"enemies":"Centurion and Healer","floor":22,"turns":6},{"damage":12,"enemies":"Snake Plant","floor":24,"turns":6},{"damage":2,"enemies":"Cultist and Chosen","floor":25,"turns":5},{"damage":5,"enemies":"Sentry and Sphere","floor":30,"turns":7},{"damage":11,"enemies":"Collector","floor":33,"turns":10},{"damage":6,"enemies":"3 Darklings","floor":35,"turns":3},{"damage":57,"enemies":"Nemesis","floor":41,"turns":7}],"seed_played":"3000907339923622633","potions_obtained":[{"floor":3,"key":"Dexterity Potion"},{"floor":4,"key":"Fire Potion"},{"floor":10,"key":"Explosive Potion"},{"floor":14,"key":"Poison Potion"},{"floor":16,"key":"SkillPotion"},{"floor":18,"key":"GhostInAJar"},{"floor":24,"key":"Dexterity Potion"},{"floor":25,"key":"Weak Potion"},{"floor":30,"key":"SkillPotion"}],"is_trial":false,"path_per_floor":["M","$","M","M","M","R","E","R","T","?","?","?","E","M","R","B",null,"M","?","M","$","M","R","M","M","T","R","?","R","M","T","R","B",null,"M","?","?","?","T","R","E"],"character_chosen":"THE_SILENT","items_purchased":["PiercingWail","Noxious Fumes"],"campfire_rested":2,"item_purchase_floors":[2,21],"current_hp_per_floor":[50,50,50,40,35,35,27,27,27,19,19,41,23,23,23,9,52,49,31,17,17,9,30,18,16,16,16,16,37,32,32,32,21,59,53,53,53,53,53,53,0],"gold":166,"neow_bonus":"THREE_RARE_CARDS","is_prod":false,"is_daily":false,"chose_seed":false,"campfire_upgraded":6,"win_rate":0,"timestamp":1554307822,"path_taken":["M","$","?","M","M","R","E","R","T","?","?","?","E","M","R","BOSS","M","?","M","$","M","R","M","M","T","R","?","R","M","?","R","BOSS","M","?","?","?","?","R","E"],"build_version":"2019-01-23","purchased_purges":2,"victory":false,"max_hp_per_floor":[66,66,66,66,66,66,66,66,66,66,66,66,66,66,66,66,66,66,71,71,71,71,71,71,71,71,71,71,71,71,71,71,71,71,71,71,67,67,67,67,67],"card_choices":[{"not_picked":["Envenom","Unload"],"picked":"Corpse Explosion","floor":0},{"not_picked":["Caltrops","Eviscerate"],"picked":"Dagger Spray","floor":1},{"not_picked":["Bane","Outmaneuver"],"picked":"Footwork","floor":3},{"not_picked":["Dagger Spray","Endless Agony","Accuracy"],"picked":"SKIP","floor":4},{"not_picked":["PiercingWail","Accuracy"],"picked":"Bane","floor":5},{"not_picked":["Dagger Spray","Outmaneuver"],"picked":"Backflip","floor":7},{"not_picked":["Slice","Dagger Spray"],"picked":"Deflect","floor":10},{"not_picked":["Dagger Throw","Choke"],"picked":"Predator","floor":13},{"not_picked":["Quick Slash","Bane","Distraction"],"picked":"SKIP","floor":14},{"not_picked":["A Thousand Cuts","Phantasmal Killer"],"picked":"Wraith Form v2","floor":16},{"not_picked":["Slice"],"picked":"SKIP","floor":18},{"not_picked":["Masterful Stab"],"picked":"SKIP","floor":20},{"not_picked":["Prepared"],"picked":"SKIP","floor":22},{"not_picked":["Deadly Poison"],"picked":"SKIP","floor":24},{"not_picked":["Dagger Spray"],"picked":"SKIP","floor":25},{"not_picked":["Terror"],"picked":"SKIP","floor":30},{"not_picked":[],"picked":"Wraith Form v2","floor":33},{"not_picked":[],"picked":"PiercingWail","floor":35}],"player_experience":1004251,"relics_obtained":[{"floor":7,"key":"Art of War"},{"floor":9,"key":"Centennial Puzzle"},{"floor":10,"key":"Odd Mushroom"},{"floor":13,"key":"Snake Skull"},{"floor":26,"key":"WingedGreaves"},{"floor":31,"key":"Juzu Bracelet"},{"floor":39,"key":"Question Card"}],"event_choices":[{"damage_healed":0,"gold_gain":0,"player_choice":"Fought Mushrooms","damage_taken":0,"max_hp_gain":0,"max_hp_loss":0,"event_name":"Mushrooms","floor":10,"gold_loss":0},{"damage_healed":0,"gold_gain":0,"player_choice":"Fled","damage_taken":0,"max_hp_gain":0,"max_hp_loss":0,"event_name":"Scrap Ooze","floor":11,"gold_loss":0},{"damage_healed":22,"gold_gain":0,"player_choice":"Banana","damage_taken":0,"max_hp_gain":0,"max_hp_loss":0,"event_name":"Big Fish","floor":12,"gold_loss":0},{"damage_healed":0,"gold_gain":0,"player_choice":"Shed Blood","damage_taken":23,"max_hp_gain":5,"max_hp_loss":0,"event_name":"Forgotten Altar","floor":19,"gold_loss":0},{"cards_removed":["Strike_G"],"damage_healed":0,"gold_gain":0,"player_choice":"Gave Gold","damage_taken":0,"max_hp_gain":0,"max_hp_loss":0,"event_name":"Beggar","floor":28,"gold_loss":75},{"damage_healed":0,"gold_gain":0,"player_choice":"Memory 1","damage_taken":0,"max_hp_gain":0,"max_hp_loss":0,"event_name":"SensoryStone","floor":36,"gold_loss":0},{"damage_healed":0,"gold_gain":0,"player_choice":"Max HP","damage_taken":0,"max_hp_gain":0,"max_hp_loss":4,"event_name":"Winding Halls","floor":37,"gold_loss":0},{"damage_healed":0,"gold_gain":0,"player_choice":"Ignored","damage_taken":0,"max_hp_gain":0,"max_hp_loss":0,"event_name":"Tomb of Lord Red Mask","floor":38,"gold_loss":0}],"is_beta":false,"boss_relics":[{"not_picked":["Empty Cage","Runic Pyramid"],"picked":"Busted Crown"},{"not_picked":["Lizard Tail","Sozu"],"picked":"Snecko Eye"}],"items_purged_floors":[2,21],"is_endless":false,"potions_floor_spawned":[3,4,10,14,16,18,24,25,30],"killed_by":"Nemesis","ascension_level":20}