{"gold_per_floor":[111,124,124,137,151,151,176,176,202,220,220,96,96,127,127,232,232,247,247,263,263,275,275,287,187,187,206,206,221,221,233,233,233],"floor_reached":33,"playtime":1269,"items_purged":["Parasite","Zap"],"score":374,"play_id":"d62022d8-0108-4862-9590-f1b6084ab6e4","local_time":"20181101010908","is_ascension_mode":true,"campfire_choices":[{"data":"Streamline","floor":6,"key":"SMITH"},{"data":"Streamline","floor":15,"key":"SMITH"},{"data":"Hyperbeam","floor":23,"key":"SMITH"},{"data":"Machine Learning","floor":28,"key":"SMITH"},{"floor":30,"key":"REST"},{"data":"Self Repair","floor":32,"key":"SMITH"}],"neow_cost":"NONE","seed_source_timestamp":1349719767905,"circlet_count":0,"master_deck":["Defend_B","Defend_B","Defend_B","Defend_B","Dualcast","Machine Learning+1","Gash","Gash","Conserve Battery","Streamline+1","Rebound","Sweeping Beam","Streamline+1","Self Repair+1","Hyperbeam+1","Gash","Bite","Bite","Bite","Bite","Bite","Beam Cell+1","Gash","Hologram+1","Hologram+1"],"relics":["Cracked Core","Juzu Bracelet","Lantern","Strawberry","Question Card","Bag of Marbles","Nuclear Battery","Symbiotic Virus"],"potions_floor_usage":[16,27,29,33,33],"damage_taken":[{"damage":3,"enemies":"Jaw Worm","floor":1,"turns":4},{"damage":3,"enemies":"2 Louse","floor":2,"turns":2},{"damage":0,"enemies":"Small Slimes","floor":4,"turns":3},{"damage":0,"enemies":"2 Fungi Beasts","floor":5,"turns":3},{"damage":28,"enemies":"Lagavulin","floor":7,"turns":6},{"damage":1,"enemies":"Looter","floor":10,"turns":2},{"damage":13,"enemies":"3 Sentries","floor":14,"turns":4},{"damage":45,"enemies":"Slime Boss","floor":16,"turns":10},{"damage":25,"enemies":"3 Byrds","floor":18,"turns":4},{"damage":6,"enemies":"Spheric Guardian","floor":20,"turns":3},{"damage":0,"enemies":"Snake Plant","floor":22,"turns":2},{"damage":25,"enemies":"Chosen and Byrds","floor":24,"turns":5},{"damage":13,"enemies":"Snecko","floor":27,"turns":3},{"damage":25,"enemies":"Shelled Parasite and Fungi","floor":29,"turns":4},{"damage":6,"enemies":"Sentry and Sphere","floor":31,"turns":3},{"damage":62,"enemies":"Collector","floor":33,"turns":5}],"seed_played":"6769518460142893213","potions_obtained":[{"floor":5,"key":"Regen Potion"},{"floor":7,"key":"GamblersBrew"},{"floor":14,"key":"Dexterity Potion"},{"floor":20,"key":"Poison Potion"},{"floor":27,"key":"Strength Potion"}],"is_trial":false,"path_per_floor":["M","M","?","M","M","R","E","?","T","M","?","$","T","E","R","B",null,"M","?","M","?","M","R","M","$","T","M","R","M","R","M","R"],"character_chosen":"DEFECT","items_purchased":["Streamline"],"campfire_rested":1,"item_purchase_floors":[12],"current_hp_per_floor":[72,69,66,66,66,66,38,38,45,44,64,64,64,51,51,13,63,45,45,47,47,51,51,41,41,41,41,41,27,43,48,48,0],"gold":233,"neow_bonus":"ONE_RANDOM_RARE_CARD","is_prod":false,"is_daily":false,"chose_seed":false,"campfire_upgraded":5,"win_rate":0,"timestamp":1541045348,"path_taken":["M","M","?","M","M","R","E","?","T","M","?","$","?","E","R","BOSS","M","?","M","?","M","R","M","$","T","M","R","M","R","M","R","BOSS"],"build_version":"2018-10-25v2","purchased_purges":2,"victory":false,"max_hp_per_floor":[75,75,75,75,75,75,75,75,82,82,82,79,79,79,79,79,79,79,55,55,55,55,55,55,55,55,55,55,55,55,55,55,55],"card_choices":[{"not_picked":["Sweeping Beam","Cold Snap"],"picked":"Gash","floor":1},{"not_picked":["Leap","Force Field"],"picked":"Gash","floor":2},{"not_picked":["Turbo","Ball Lightning"],"picked":"Conserve Battery","floor":4},{"not_picked":["Barrage","Go for the Eyes"],"picked":"Streamline","floor":5},{"not_picked":["Thunder Strike","Rip and Tear"],"picked":"Rebound","floor":7},{"not_picked":["Compile Driver","Steam"],"picked":"Sweeping Beam","floor":10},{"not_picked":["Ball Lightning","Amplify","Stack"],"picked":"Self Repair","floor":14},{"not_picked":["Reboot","Fission","Amplify"],"picked":"Hyperbeam","floor":16},{"not_picked":["Skim","Conserve Battery+1","Rebound"],"picked":"Gash","floor":18},{"not_picked":["Sweeping Beam+1","Darkness","Go for the Eyes+1"],"picked":"Beam Cell+1","floor":20},{"not_picked":["Capacitor","Steam","Reinforced Body+1","FTL"],"picked":"SKIP","floor":22},{"not_picked":["Coolheaded","Beam Cell+1","Go for the Eyes+1"],"picked":"Gash","floor":24},{"not_picked":["Stack","Lockon","Skim"],"picked":"Hologram+1","floor":27},{"not_picked":["Chill","Machine Learning","Steam"],"picked":"Hologram+1","floor":29},{"not_picked":["Go for the Eyes+1","Turbo+1","Sunder","Chill"],"picked":"SKIP","floor":31}],"player_experience":220184,"relics_obtained":[{"floor":7,"key":"Lantern"},{"floor":9,"key":"Strawberry"},{"floor":13,"key":"Question Card"},{"floor":14,"key":"Bag of Marbles"},{"floor":26,"key":"Symbiotic Virus"}],"event_choices":[{"damage_healed":0,"gold_gain":0,"player_choice":"Success","damage_taken":3,"relics_obtained":["Juzu Bracelet"],"max_hp_gain":0,"max_hp_loss":0,"event_name":"Scrap Ooze","floor":3,"gold_loss":0},{"damage_healed":0,"gold_gain":0,"player_choice":"Ignored","damage_taken":0,"max_hp_gain":0,"max_hp_loss":0,"event_name":"Shining Light","floor":8,"gold_loss":0},{"damage_healed":20,"gold_gain":0,"player_choice":"Healed and dodged fight","damage_taken":0,"max_hp_gain":0,"max_hp_loss":0,"event_name":"Mushrooms","floor":11,"gold_loss":0,"cards_obtained":["Parasite"]},{"damage_healed":0,"gold_gain":0,"player_choice":"Became a vampire","damage_taken":0,"max_hp_gain":0,"max_hp_loss":24,"event_name":"Vampires","floor":19,"gold_loss":0,"cards_obtained":["Bite","Bite","Bite","Bite","Bite"]},{"damage_healed":0,"gold_gain":0,"player_choice":"0 cards matched","damage_taken":0,"max_hp_gain":0,"max_hp_loss":0,"event_name":"Match and Keep!","floor":21,"gold_loss":0,"cards_obtained":[]}],"is_beta":false,"boss_relics":[{"not_picked":["Eternal Feather","Sozu"],"picked":"Nuclear Battery"}],"items_purged_floors":[12,25],"is_endless":false,"potions_floor_spawned":[5,7,14,20,27],"killed_by":"Collector","ascension_level":5}