{"gold_per_floor":[18,18,38,38,49,49,84,84,84,259,259,50,72,104,104,200,200,215,13,13,32,32,32,63,63,63,81,106,125,125,50,50,50],"floor_reached":33,"playtime":1801,"items_purged":["Doubt","Strike_B"],"score":328,"play_id":"09bcdf29-de0f-4de4-b0a9-0f79b78060d6","local_time":"20190623194614","is_ascension_mode":true,"campfire_choices":[{"data":"Zap","floor":6,"key":"SMITH"},{"data":"Leap","floor":8,"key":"SMITH"},{"floor":11,"key":"REST"},{"data":"Defragment","floor":15,"key":"SMITH"},{"data":"Fission","floor":23,"key":"SMITH"},{"data":"Consume","floor":25,"key":"SMITH"},{"data":"Tempest","floor":30,"key":"SMITH"},{"data":"Loop","floor":32,"key":"SMITH"}],"neow_cost":"NO_GOLD","seed_source_timestamp":256316445750958,"circlet_count":0,"master_deck":["Strike_B","Strike_B","Defend_B","Defend_B","Defend_B","Defend_B","Zap+1","Dualcast","Tempest+1","Leap+1","Go for the Eyes","Ball Lightning","Defragment+1","Self Repair","Conserve Battery","Fission+1","Sweeping Beam","Consume+1","Cold Snap","BootSequence","Shame","Coolheaded","Genetic Algorithm+1","Thunder Strike","Reinforced Body+1","Loop+1"],"relics":["Cracked Core","Pocketwatch","Question Card","Mercury Hourglass","Odd Mushroom","Strawberry","Nuclear Battery","Letter Opener","Kunai","Pear","Matryoshka"],"potions_floor_usage":[7,14,27,28],"damage_taken":[{"damage":1,"enemies":"Cultist","floor":1,"turns":3},{"damage":6,"enemies":"2 Louse","floor":3,"turns":2},{"damage":1,"enemies":"Small Slimes","floor":5,"turns":3},{"damage":34,"enemies":"3 Sentries","floor":7,"turns":7},{"damage":6,"enemies":"The Mushroom Lair","floor":13,"turns":3},{"damage":8,"enemies":"Lagavulin","floor":14,"turns":4},{"damage":6,"enemies":"The Guardian","floor":16,"turns":8},{"damage":3,"enemies":"Shell Parasite","floor":18,"turns":3},{"damage":3,"enemies":"Chosen","floor":21,"turns":4},{"damage":28,"enemies":"Gremlin Leader","floor":24,"turns":5},{"damage":11,"enemies":"3 Cultists","floor":27,"turns":4},{"damage":11,"enemies":"Book of Stabbing","floor":28,"turns":8},{"damage":0,"enemies":"Shelled Parasite and Fungi","floor":29,"turns":3},{"damage":70,"enemies":"Collector","floor":33,"turns":9}],"seed_played":"1895588735693584277","potions_obtained":[{"floor":1,"key":"Energy Potion"},{"floor":3,"key":"Swift Potion"},{"floor":7,"key":"PowerPotion"},{"floor":24,"key":"Poison Potion"},{"floor":27,"key":"SneckoOil"}],"is_trial":false,"path_per_floor":["M","?","M","?","M","R","E","R","T","?","R","$","?","E","R","B",null,"M","$","?","M","?","R","E","R","T","M","E","M","R","$","R","B"],"character_chosen":"DEFECT","items_purchased":["Ball Lightning","Defragment","Consume","Cold Snap","Loop"],"campfire_rested":1,"item_purchase_floors":[12,12,19,19,31],"current_hp_per_floor":[74,67,61,61,60,60,26,26,26,26,48,48,42,48,48,49,82,82,82,82,82,82,82,61,61,71,67,63,63,63,63,63,0],"gold":50,"neow_bonus":"ONE_RARE_RELIC","is_prod":false,"is_daily":false,"chose_seed":false,"campfire_upgraded":7,"win_rate":1,"timestamp":1561344374,"path_taken":["M","?","M","?","?","R","E","R","T","?","R","$","?","E","R","BOSS","M","$","?","M","?","R","E","R","T","?","E","M","R","$","R","BOSS"],"build_version":"2019-01-23","purchased_purges":2,"victory":false,"max_hp_per_floor":[75,75,75,75,75,75,75,75,75,75,75,75,75,82,82,82,82,82,82,82,82,82,82,82,82,92,92,92,92,92,92,92,92],"card_choices":[{"not_picked":["Rebound","Steam"],"picked":"Tempest","floor":1},{"not_picked":["Redo","Consume"],"picked":"Leap","floor":3},{"not_picked":["Reprogram","Gash","White Noise"],"picked":"Go for the Eyes","floor":5},{"not_picked":["Heatsinks","Reprogram","Go for the Eyes","Steam Power"],"picked":"SKIP","floor":7},{"not_picked":["Hologram","Undo","Skim"],"picked":"Self Repair","floor":13},{"not_picked":["Reprogram","Darkness","Beam Cell"],"picked":"Conserve Battery","floor":14},{"not_picked":["Seek","Reboot","Multi-Cast"],"picked":"Fission","floor":16},{"not_picked":["Sunder","Leap","Fusion"],"picked":"Sweeping Beam","floor":18},{"not_picked":["Hello World","Barrage","Cold Snap"],"picked":"BootSequence","floor":21},{"not_picked":["Gash","Reboot","Conserve Battery"],"picked":"Coolheaded","floor":24},{"not_picked":["Melter","Steam","Ball Lightning"],"picked":"Genetic Algorithm+1","floor":27},{"not_picked":["Ball Lightning+1","Reprogram","Go for the Eyes"],"picked":"Thunder Strike","floor":28},{"not_picked":["Barrage","Stack+1","Hologram+1"],"picked":"Reinforced Body+1","floor":29}],"player_experience":18789,"relics_obtained":[{"floor":7,"key":"Mercury Hourglass"},{"floor":13,"key":"Odd Mushroom"},{"floor":14,"key":"Strawberry"},{"floor":24,"key":"Kunai"},{"floor":26,"key":"Pear"},{"floor":28,"key":"Matryoshka"}],"event_choices":[{"cards_removed":["Strike_B"],"damage_healed":0,"gold_gain":0,"player_choice":"Card Removal","damage_taken":7,"max_hp_gain":0,"max_hp_loss":0,"event_name":"Golden Wing","floor":2,"gold_loss":0},{"damage_healed":0,"gold_gain":0,"player_choice":"Gave Potion","damage_taken":0,"relics_obtained":["Question Card"],"max_hp_gain":0,"max_hp_loss":0,"event_name":"WeMeetAgain","floor":4,"gold_loss":0},{"damage_healed":0,"gold_gain":175,"player_choice":"AGREE","damage_taken":0,"max_hp_gain":0,"max_hp_loss":0,"event_name":"Liars Game","floor":10,"gold_loss":0,"cards_obtained":["Doubt"]},{"damage_healed":0,"gold_gain":0,"player_choice":"Fought Mushrooms","damage_taken":0,"max_hp_gain":0,"max_hp_loss":0,"event_name":"Mushrooms","floor":13,"gold_loss":0},{"damage_healed":0,"gold_gain":0,"player_choice":"Ignored","damage_taken":0,"max_hp_gain":0,"max_hp_loss":0,"event_name":"Vampires","floor":20,"gold_loss":0},{"damage_healed":0,"gold_gain":0,"player_choice":"Stole Relic","damage_taken":0,"relics_obtained":["Letter Opener"],"max_hp_gain":0,"max_hp_loss":0,"event_name":"Addict","floor":22,"gold_loss":0,"cards_obtained":["Shame"]}],"is_beta":false,"boss_relics":[{"not_picked":["Sozu","Busted Crown"],"picked":"Nuclear Battery"}],"items_purged_floors":[12,19],"is_endless":false,"potions_floor_spawned":[1,3,7,24,27],"killed_by":"Collector","ascension_level":1}