{"gold_per_floor":[116,116,133,148,159,159,187,187,214,214,234,259,283,283,283,381,381,402,402,452,466,466],"floor_reached":22,"playtime":646,"items_purged":[],"score":357,"play_id":"9eb56ea5-a419-4f0c-baa3-3467c14919bf","local_time":"20190612152301","is_ascension_mode":true,"campfire_choices":[{"data":"Neutralize","floor":6,"key":"SMITH"},{"floor":10,"key":"REST"},{"floor":15,"key":"REST"}],"neow_cost":"NONE","seed_source_timestamp":42680603660105,"circlet_count":0,"master_deck":["AscendersBane","Defend_G","Defend_G","Defend_G","Defend_G","Defend_G","Strike_G","Strike_G","Strike_G","Strike_G","Strike_G","Survivor","Neutralize+1","Endless Agony","Backstab","PiercingWail","Dash","Deadly Poison","Corpse Explosion","A Thousand Cuts","Quick Slash"],"special_seed":0,"relics":["Ring of the Snake","Anchor","Golden Idol","Boot","Lizard Tail"],"potions_floor_usage":[7,16,16],"damage_taken":[{"damage":12.0,"enemies":"Jaw Worm","floor":1.0,"turns":8.0},{"damage":2,"enemies":"Cultist","floor":3,"turns":5},{"damage":0,"enemies":"2 Louse","floor":4,"turns":3},{"damage":6,"enemies":"2 Fungi Beasts","floor":5,"turns":3},{"damage":44,"enemies":"Gremlin Nob","floor":7,"turns":5},{"damage":0,"enemies":"Looter","floor":11,"turns":3},{"damage":0,"enemies":"Blue Slaver","floor":12,"turns":3},{"damage":9,"enemies":"Red Slaver","floor":13,"turns":3},{"damage":24,"enemies":"Hexaghost","floor":16,"turns":9},{"damage":21,"enemies":"Spheric Guardian","floor":18,"turns":5},{"damage":33,"enemies":"Shell Parasite","floor":21,"turns":11},{"damage":0,"enemies":"Cultist and Chosen","floor":22,"turns":1}],"seed_played":"-4204805283647148901","potions_obtained":[{"floor":5,"key":"Swift Potion"},{"floor":7,"key":"Energy Potion"},{"floor":11,"key":"AttackPotion"},{"floor":13,"key":"LiquidBronze"}],"is_trial":false,"path_per_floor":["M","?","M","M","M","R","E","?","T","R","M","M","M","?","R","B",null,"M","?","?","M","M"],"character_chosen":"THE_SILENT","items_purchased":[],"campfire_rested":2,"item_purchase_floors":[],"current_hp_per_floor":[53,53,51,51,45,45,1,1,1,20,20,20,11,11,30,6,50,29,42,42,9,9],"gold":466,"neow_bonus":"TEN_PERCENT_HP_BONUS","is_prod":false,"is_daily":false,"chose_seed":false,"campfire_upgraded":1,"win_rate":0,"timestamp":1560367381,"path_taken":["M","?","M","M","?","R","E","?","T","R","M","M","M","?","R","BOSS","M","?","?","?","M"],"build_version":"2019-01-23","purchased_purges":0,"victory":false,"max_hp_per_floor":[72,72,72,72,72,72,72,65,65,65,65,65,65,65,65,65,65,65,65,65,65,65],"card_choices":[{"not_picked":["Cloak And Dagger","Slice","Concentrate"],"picked":"SKIP","floor":1.0},{"not_picked":["Deflect","Cloak And Dagger"],"picked":"Endless Agony","floor":3},{"not_picked":["PiercingWail","Outmaneuver"],"picked":"Backstab","floor":4},{"not_picked":["Prepared","Eviscerate","Outmaneuver"],"picked":"SKIP","floor":5},{"not_picked":["Infinite Blades","Cloak And Dagger"],"picked":"PiercingWail","floor":7},{"not_picked":["Phantasmal Killer","Backflip"],"picked":"Dash","floor":11},{"not_picked":["Blade Dance","PiercingWail"],"picked":"Deadly Poison","floor":12},{"not_picked":["Prepared","Masterful Stab"],"picked":"Corpse Explosion","floor":13},{"not_picked":["Corpse Explosion","Doppelganger"],"picked":"A Thousand Cuts","floor":16},{"not_picked":["Slice","Quick Slash","Outmaneuver"],"picked":"SKIP","floor":18},{"not_picked":["Dagger Throw","Blade Dance"],"picked":"Quick Slash","floor":21}],"player_experience":809271,"relics_obtained":[{"floor":7,"key":"Anchor"},{"floor":9,"key":"Boot"}],"event_choices":[{"damage_healed":0,"gold_gain":0,"player_choice":"Leave","damage_taken":0,"max_hp_gain":0,"max_hp_loss":0,"event_name":"FaceTrader","floor":2,"gold_loss":0},{"damage_healed":0,"gold_gain":0,"player_choice":"Lose Max HP","damage_taken":0,"relics_obtained":["Golden Idol"],"max_hp_gain":0,"max_hp_loss":7,"event_name":"Golden Idol","floor":8,"gold_loss":0},{"damage_healed":0,"gold_gain":0,"player_choice":"Ignored","damage_taken":0,"max_hp_gain":0,"max_hp_loss":0,"event_name":"Shining Light","floor":14,"gold_loss":0},{"damage_healed":13,"gold_gain":0,"player_choice":"Heal","damage_taken":0,"max_hp_gain":0,"max_hp_loss":0,"event_name":"The Library","floor":19,"gold_loss":0},{"damage_healed":0,"gold_gain":50,"player_choice":"Pray","damage_taken":0,"max_hp_gain":0,"max_hp_loss":0,"event_name":"Golden Shrine","floor":20,"gold_loss":0}],"is_beta":false,"boss_relics":[{"not_picked":["Busted Crown","WristBlade"],"picked":"Lizard Tail"}],"items_purged_floors":[],"is_endless":false,"potions_floor_spawned":[5,7,11,13],"killed_by":"Cultist and Chosen","ascension_level":18}