{"gold_per_floor":[114,62,62,76,76,96,121,136,136,136,160,204,59,95,95,95],"floor_reached":16,"playtime":1032,"items_purged":[],"score":137,"play_id":"fba93cda-efc7-4f91-a8f5-508555547b72","local_time":"20190615001405","is_ascension_mode":false,"campfire_choices":[{"floor":10,"key":"DIG"},{"floor":15,"key":"DIG"}],"neow_cost":"NONE","seed_source_timestamp":105489423819300,"circlet_count":0,"master_deck":["Strike_R","Strike_R","Strike_R","Strike_R","Strike_R","Defend_R","Defend_R","Defend_R","Defend_R","Bash","Clash","Armaments","Injury","Infernal Blade","Searing Blow","Clash","Limit Break","Anger","Infernal Blade","Double Tap","Dark Embrace"],"relics":["Fusion Hammer","Golden Idol","Shovel","Gremlin Horn","Mango","Pocketwatch","Peace Pipe"],"potions_floor_usage":[12,12,16],"damage_taken":[{"damage":0,"enemies":"Small Slimes","floor":1,"turns":3},{"damage":0,"enemies":"Cultist","floor":4,"turns":3},{"damage":5,"enemies":"2 Louse","floor":6,"turns":2},{"damage":5,"enemies":"Looter","floor":7,"turns":3},{"damage":12,"enemies":"2 Fungi Beasts","floor":8,"turns":3},{"damage":7,"enemies":"Blue Slaver","floor":11,"turns":3},{"damage":0,"enemies":"Gremlin Nob","floor":12,"turns":2},{"damage":13,"enemies":"Lagavulin","floor":14,"turns":4},{"damage":54,"enemies":"The Guardian","floor":16,"turns":7}],"seed_played":"1350043022299198619","potions_obtained":[{"floor":4,"key":"Strength Potion"},{"floor":5,"key":"Swift Potion"},{"floor":5,"key":"AttackPotion"},{"floor":6,"key":"LiquidBronze"},{"floor":7,"key":"FearPotion"},{"floor":14,"key":"Dexterity Potion"}],"is_trial":false,"path_per_floor":["M","$","?","M","?","M","M","M","T","R","M","E","$","E","R","B"],"character_chosen":"IRONCLAD","items_purchased":["Armaments","Double Tap"],"campfire_rested":0,"item_purchase_floors":[2,13],"current_hp_per_floor":[80,80,80,80,80,75,70,58,58,58,51,65,65,52,52,0],"gold":95,"neow_bonus":"BOSS_RELIC","is_prod":false,"is_daily":false,"chose_seed":false,"campfire_upgraded":0,"win_rate":0.0,"timestamp":1560521645,"path_taken":["M","$","?","M","?","M","M","M","T","R","M","E","$","E","R","BOSS"],"build_version":"2019-01-23","purchased_purges":0,"victory":false,"max_hp_per_floor":[80,80,80,80,80,80,80,80,80,80,80,94,94,94,94,94],"card_choices":[{"not_picked":["Thunderclap","Clothesline"],"picked":"Clash","floor":1},{"not_picked":["Whirlwind","Fire Breathing"],"picked":"Infernal Blade","floor":4},{"not_picked":["Pommel Strike","Combust"],"picked":"Searing Blow","floor":6},{"not_picked":["True Grit","Cleave"],"picked":"Clash","floor":7},{"not_picked":["Warcry","Headbutt"],"picked":"Limit Break","floor":8},{"not_picked":["Combust","Hemokinesis"],"picked":"Anger","floor":11},{"not_picked":["Searing Blow","Clothesline"],"picked":"Infernal Blade","floor":12},{"not_picked":["Burning Pact","Thunderclap"],"picked":"Dark Embrace","floor":14}],"player_experience":15460,"relics_obtained":[{"floor":9,"key":"Shovel"},{"floor":10,"key":"Gremlin Horn"},{"floor":12,"key":"Mango"},{"floor":14,"key":"Pocketwatch"},{"floor":15,"key":"Peace Pipe"}],"event_choices":[{"damage_healed":0,"gold_gain":0,"player_choice":"Take Wound","damage_taken":0,"relics_obtained":["Golden Idol"],"max_hp_gain":0,"max_hp_loss":0,"event_name":"Golden Idol","floor":3,"gold_loss":0,"cards_obtained":["Injury"]},{"damage_healed":0,"gold_gain":0,"player_choice":"Got Potions","damage_taken":0,"max_hp_gain":0,"max_hp_loss":0,"event_name":"Lab","floor":5,"gold_loss":0}],"is_beta":false,"boss_relics":[],"items_purged_floors":[],"is_endless":false,"potions_floor_spawned":[4,6,7,8,14],"killed_by":"The Guardian","ascension_level":0}