{"gold_per_floor":[114,114,131,146,146,146,177,177,202,202,213,227,8,25,25,100,100,114,114,124,49,67,67,81,92,92,92,92,103,103,117,117,188,188,208,234,234,247,271,271],"floor_reached":40,"playtime":3448,"items_purged":["Strike_G"],"score":880,"play_id":"8a652850-24f0-4346-8736-84701fe5e2aa","local_time":"20190307195424","is_ascension_mode":true,"campfire_choices":[{"data":"Skewer","floor":6,"key":"SMITH"},{"data":"Burst","floor":8,"key":"SMITH"},{"data":"Footwork","floor":10,"key":"SMITH"},{"data":"Well Laid Plans","floor":15,"key":"SMITH"},{"data":"Deadly Poison","floor":23,"key":"SMITH"},{"floor":28,"key":"REST"},{"data":"After Image","floor":30,"key":"SMITH"},{"floor":32,"key":"REST"}],"neow_cost":"NONE","seed_source_timestamp":7489941415904,"circlet_count":0,"master_deck":["AscendersBane","Defend_G","Defend_G","Defend_G","Defend_G","Defend_G","Survivor","Neutralize","Well Laid Plans+1","Footwork+1","Poisoned Stab","Skewer+1","Burst+1","Escape Plan","Deflect","Deadly Poison+1","After Image+1","Expertise+1","Grand Finale+1","Blade Dance+1","Crippling Poison","Caltrops","Acrobatics","Escape Plan","Footwork","Burst","PiercingWail+1"],"relics":["Ring of the Snake","Dead Branch","Kunai","Anchor","Oddly Smooth Stone","Astrolabe","Sundial","Black Star","Smiling Mask","Strawberry"],"potions_floor_usage":[14,20,22,24,29,33,40],"damage_taken":[{"damage":5,"enemies":"2 Louse","floor":1,"turns":3},{"damage":2,"enemies":"Jaw Worm","floor":3,"turns":6},{"damage":3,"enemies":"Cultist","floor":4,"turns":5},{"damage":26,"enemies":"3 Sentries","floor":7,"turns":9},{"damage":0,"enemies":"Exordium Wildlife","floor":11,"turns":3},{"damage":1,"enemies":"Red Slaver","floor":12,"turns":3},{"damage":0,"enemies":"3 Louse","floor":14,"turns":2},{"damage":0,"enemies":"The Guardian","floor":16,"turns":11},{"damage":0,"enemies":"Shell Parasite","floor":18,"turns":7},{"damage":0,"enemies":"3 Byrds","floor":20,"turns":3},{"damage":16,"enemies":"3 Cultists","floor":22,"turns":6},{"damage":1,"enemies":"Chosen and Byrds","floor":24,"turns":6},{"damage":38,"enemies":"Cultist and Chosen","floor":25,"turns":6},{"damage":21,"enemies":"Shelled Parasite and Fungi","floor":29,"turns":7},{"damage":0,"enemies":"Snake Plant","floor":31,"turns":4},{"damage":29,"enemies":"Collector","floor":33,"turns":13},{"damage":3,"enemies":"Orb Walker","floor":35,"turns":4},{"damage":3,"enemies":"3 Darklings","floor":38,"turns":7},{"damage":100,"enemies":"Reptomancer","floor":40,"turns":3}],"seed_played":"-5684586280286278816","potions_obtained":[{"floor":1,"key":"LiquidBronze"},{"floor":7,"key":"Explosive Potion"},{"floor":20,"key":"SpeedPotion"},{"floor":22,"key":"AttackPotion"},{"floor":24,"key":"Regen Potion"},{"floor":29,"key":"PowerPotion"},{"floor":31,"key":"FairyPotion"},{"floor":38,"key":"SkillPotion"}],"is_trial":false,"path_per_floor":["M","?","M","M","T","R","E","R","T","R","M","M","$","M","R","B",null,"M","?","M","$","M","R","M","M","T","?","R","M","R","M","R","B",null,"M","T","?","M","T","E"],"character_chosen":"THE_SILENT","items_purchased":["Oddly Smooth Stone","Deflect"],"campfire_rested":2,"item_purchase_floors":[13,13],"current_hp_per_floor":[54,54,52,49,49,49,23,23,23,23,23,22,22,22,22,22,55,55,76,76,76,60,60,59,21,21,21,43,37,37,37,59,30,65,62,62,62,59,66,0],"gold":271,"neow_bonus":"THREE_CARDS","is_prod":false,"is_daily":false,"chose_seed":false,"campfire_upgraded":6,"win_rate":0,"timestamp":1551999264,"path_taken":["M","?","M","M","?","R","E","R","T","R","M","?","$","M","R","BOSS","M","?","M","$","M","R","?","M","T","?","R","M","R","M","R","BOSS","M","?","?","M","?","E"],"build_version":"2019-01-23","purchased_purges":1,"victory":false,"max_hp_per_floor":[66,66,66,66,66,66,66,66,66,66,66,66,66,66,66,66,66,66,76,76,76,76,76,76,76,76,76,76,76,76,76,76,76,76,76,76,76,76,83,83],"card_choices":[{"not_picked":["Bane","Dodge and Roll"],"picked":"Well Laid Plans","floor":0},{"not_picked":["Accuracy","Acrobatics"],"picked":"Footwork","floor":1},{"not_picked":["Flechettes","Sucker Punch"],"picked":"Poisoned Stab","floor":3},{"not_picked":["Cloak And Dagger","Dagger Throw"],"picked":"Skewer","floor":4},{"not_picked":["Dagger Throw","Slice"],"picked":"Burst","floor":7},{"not_picked":["Prepared","Bane","Flechettes"],"picked":"SKIP","floor":11},{"not_picked":["Grand Finale","Infinite Blades"],"picked":"Escape Plan","floor":12},{"not_picked":["Flying Knee","Poisoned Stab"],"picked":"Deadly Poison","floor":14},{"not_picked":["Phantasmal Killer","Bullet Time"],"picked":"After Image","floor":16},{"not_picked":["Expertise","Flying Knee"],"picked":"Blade Dance+1","floor":18},{"not_picked":["Poisoned Stab","Sucker Punch","Concentrate"],"picked":"SKIP","floor":20},{"not_picked":["Flechettes","Caltrops"],"picked":"Crippling Poison","floor":22},{"not_picked":["Distraction","Underhanded Strike"],"picked":"Caltrops","floor":24},{"not_picked":["Accuracy","Tactician"],"picked":"Acrobatics","floor":25},{"not_picked":["Deadly Poison","Poisoned Stab"],"picked":"Escape Plan","floor":29},{"not_picked":["Wraith Form v2","Setup+1"],"picked":"Footwork","floor":31},{"not_picked":["Venomology","Tools of the Trade"],"picked":"Burst","floor":33},{"not_picked":["Deflect","Accuracy"],"picked":"PiercingWail+1","floor":35},{"not_picked":["PiercingWail","Finisher","Eviscerate+1"],"picked":"SKIP","floor":38}],"player_experience":926865,"relics_obtained":[{"floor":5,"key":"Dead Branch"},{"floor":7,"key":"Kunai"},{"floor":9,"key":"Anchor"},{"floor":26,"key":"Sundial"},{"floor":36,"key":"Smiling Mask"},{"floor":39,"key":"Strawberry"}],"event_choices":[{"damage_healed":0,"gold_gain":0,"player_choice":"Ignored","damage_taken":0,"max_hp_gain":0,"max_hp_loss":0,"event_name":"Shining Light","floor":2,"gold_loss":0},{"cards_removed":["Storm of Steel"],"damage_healed":11,"gold_gain":0,"player_choice":"Offered Rare","damage_taken":0,"max_hp_gain":10,"max_hp_loss":0,"event_name":"Bonfire Elementals","floor":19,"gold_loss":0},{"cards_removed":["Strike_G"],"damage_healed":0,"gold_gain":0,"player_choice":"Purged","damage_taken":0,"max_hp_gain":0,"max_hp_loss":0,"event_name":"Purifier","floor":27,"gold_loss":0},{"damage_healed":0,"gold_gain":0,"player_choice":"Ignored","damage_taken":0,"max_hp_gain":0,"max_hp_loss":0,"event_name":"Tomb of Lord Red Mask","floor":37,"gold_loss":0}],"is_beta":false,"boss_relics":[{"not_picked":["Orrery","Ectoplasm"],"picked":"Astrolabe"},{"not_picked":["Velvet Choker","Snecko Eye"],"picked":"Black Star"}],"items_purged_floors":[21],"is_endless":false,"potions_floor_spawned":[1,7,11,20,22,24,29,31,38],"killed_by":"Reptomancer","ascension_level":20}