{"gold_per_floor":[113,113,113,188,205,205,224,224,224,255,273,33,46,46,46,148,148,164,180,230,230,230],"floor_reached":22,"playtime":577,"items_purged":[],"score":184,"play_id":"312ee4a2-90bc-4bcc-a84b-4e794b1ef6a2","local_time":"20180915150445","is_ascension_mode":false,"campfire_choices":[{"floor":6,"key":"REST"},{"floor":8,"key":"REST"},{"data":"Electrodynamics","floor":15,"key":"SMITH"}],"neow_cost":"NONE","seed_source_timestamp":90936352775623,"circlet_count":0,"master_deck":["Strike_B","Strike_B","Strike_B+1","Strike_B","Defend_B","Defend_B+1","Defend_B","Defend_B","Zap+1","Dualcast","Redo","Stack","Static Discharge","Electrodynamics+1","Sunder","White Noise","Creative AI+1","Ball Lightning","Steam+1"],"relics":["Cracked Core","Pocketwatch","Pantograph","Lantern","Frozen Egg 2","Inserter","Girya"],"potions_floor_usage":[10,16,16],"damage_taken":[{"damage":6,"enemies":"2 Louse","floor":1,"turns":2},{"damage":3,"enemies":"Jaw Worm","floor":5,"turns":3},{"damage":10,"enemies":"Small Slimes","floor":7,"turns":2},{"damage":18,"enemies":"Lagavulin","floor":10,"turns":5},{"damage":10,"enemies":"Exordium Thugs","floor":11,"turns":2},{"damage":4,"enemies":"3 Louse","floor":13,"turns":3},{"damage":47,"enemies":"Hexaghost","floor":16,"turns":9},{"damage":30,"enemies":"2 Thieves","floor":18,"turns":3},{"damage":29,"enemies":"3 Byrds","floor":19,"turns":3},{"damage":21,"enemies":"Snake Plant","floor":22,"turns":2}],"seed_played":"-4379131759057242302","potions_obtained":[{"floor":5,"key":"FocusPotion"},{"floor":11,"key":"Ancient Potion"},{"floor":13,"key":"EssenceOfSteel"}],"is_trial":false,"path_per_floor":["M","?","?","?","M","R","M","R","T","E","M","$","M","?","R","B",null,"M","M","?","T"],"character_chosen":"DEFECT","items_purchased":["Frozen Egg 2"],"campfire_rested":2,"item_purchase_floors":[12],"current_hp_per_floor":[69,44,29,18,15,37,27,49,49,31,21,21,17,75,75,35,75,45,16,16,16,0],"gold":230,"neow_bonus":"UPGRADE_CARD","is_prod":false,"is_daily":false,"chose_seed":false,"campfire_upgraded":1,"win_rate":0.0,"timestamp":1537038285,"path_taken":["M","?","?","?","?","R","M","R","T","E","M","$","M","?","R","BOSS","M","M","?","?","M"],"build_version":"2018-09-06","purchased_purges":0,"victory":false,"max_hp_per_floor":[75,75,75,75,75,75,75,75,75,75,75,75,75,75,75,75,75,75,75,75,75,75],"card_choices":[{"not_picked":["Go for the Eyes","Beam Cell"],"picked":"Redo","floor":1},{"not_picked":["Hologram","Go for the Eyes"],"picked":"Stack","floor":5},{"not_picked":["Cold Snap","Steam"],"picked":"Static Discharge","floor":7},{"not_picked":["Chill","Cold Snap"],"picked":"Electrodynamics","floor":10},{"not_picked":["Cold Snap","Scrape"],"picked":"Sunder","floor":11},{"not_picked":["Lockon","Streamline"],"picked":"White Noise","floor":13},{"not_picked":["Thunder Strike","Biased Cognition+1"],"picked":"Creative AI+1","floor":16},{"not_picked":["Fusion","Sweeping Beam"],"picked":"Ball Lightning","floor":18},{"not_picked":["Chill","Hologram"],"picked":"Steam+1","floor":19}],"player_experience":118017,"relics_obtained":[{"floor":9,"key":"Pantograph"},{"floor":10,"key":"Lantern"},{"floor":21,"key":"Girya"}],"event_choices":[{"event_name":"Scrap Ooze","player_choice":"success","floor":2,"damage_taken":25},{"event_name":"Shining Light","player_choice":"Entered Light","floor":3,"damage_taken":0},{"event_name":"World of Goop","player_choice":"Gather Gold","floor":4,"damage_taken":0},{"event_name":"Wheel of Change","player_choice":"Full Heal","floor":14,"damage_taken":0},{"event_name":"The Joust","player_choice":"Bet on Murderer","floor":20,"damage_taken":0}],"is_beta":false,"boss_relics":[{"not_picked":["Tiny House","Orrery"],"picked":"Inserter"}],"items_purged_floors":[],"is_endless":false,"potions_floor_spawned":[5,11,13],"killed_by":"Snake Plant","ascension_level":0}