{"gold_per_floor":[114,114,129,144,159,189,189,219,294,324,366,228,228,273,273,373,373,388,388,403,403,418,448,463,478,528,543,543,573,373,388,388,488,488,503,453,468,483,498,528,628,628,703,703,733,763,778,793,793,793],"floor_reached":51,"playtime":3317,"items_purged":["Writhe","Normality"],"score":1036,"play_id":"4011e4c3-5280-4c1b-b5a1-89e007e7eba7","local_time":"20190117181201","daily_mods":["Specialized","Vintage","DeadlyEvents"],"is_ascension_mode":false,"campfire_choices":[{"data":"Neutralize","floor":13,"key":"SMITH"},{"data":"Outmaneuver","floor":15,"key":"SMITH"},{"data":"Storm of Steel","floor":28,"key":"SMITH"},{"data":"Quick Slash","floor":32,"key":"SMITH"},{"data":"Distraction","floor":42,"key":"SMITH"},{"data":"Night Terror","floor":49,"key":"SMITH"}],"neow_cost":"","seed_source_timestamp":0,"circlet_count":0,"master_deck":["Defend_G","Defend_G","Defend_G+1","Strike_G","Strike_G","Strike_G","Strike_G","Strike_G","Survivor","Neutralize+1","Unload","Unload","Unload+1","Unload+1","Unload","Blade Dance+1","Quick Slash+1","Outmaneuver+1","Dagger Throw","Endless Agony","Storm of Steel+1","Cloak And Dagger","Backflip+1","Night Terror+1","Writhe","Doubt","Distraction+1","Blade Dance+1","Predator+1"],"special_seed":17913,"relics":["Ring of the Snake","Regal Pillow","Ice Cream","Whetstone","FossilizedHelix","Bottled Flame","Darkstone Periapt","Blue Candle","MawBank","Pen Nib","Vajra","Tiny Chest","Eternal Feather","Potion Belt","Lantern","Ornamental Fan","Bottled Lightning","Kunai","Mercury Hourglass","Ancient Tea Set","Smiling Mask","War Paint","Centennial Puzzle","Blood Vial","Paper Crane","Calling Bell","Anchor","Singing Bowl","Mango","Ninja Scroll","Meat on the Bone","Oddly Smooth Stone","Letter Opener","Mummified Hand","The Specimen","Pear","Bronze Scales","Bag of Marbles","Toxic Egg 2","Pantograph"],"potions_floor_usage":[10,23,23,23,31,33,33,33,35,45,47,50],"damage_taken":[{"damage":0,"enemies":"Cultist","floor":1,"turns":2},{"damage":0,"enemies":"Small Slimes","floor":3,"turns":2},{"damage":3,"enemies":"Jaw Worm","floor":4,"turns":2},{"damage":1,"enemies":"3 Louse","floor":5,"turns":2},{"damage":0,"enemies":"Gremlin Nob","floor":6,"turns":3},{"damage":5,"enemies":"Lagavulin","floor":8,"turns":5},{"damage":3,"enemies":"3 Sentries","floor":10,"turns":4},{"damage":0,"enemies":"Gremlin Nob","floor":11,"turns":3},{"damage":0,"enemies":"Looter","floor":14,"turns":1},{"damage":24,"enemies":"Hexaghost","floor":16,"turns":8},{"damage":3,"enemies":"Chosen","floor":18,"turns":2},{"damage":0,"enemies":"Shell Parasite","floor":20,"turns":3},{"damage":0,"enemies":"Centurion and Healer","floor":22,"turns":4},{"damage":7,"enemies":"Gremlin Leader","floor":23,"turns":4},{"damage":1,"enemies":"Cultist and Chosen","floor":24,"turns":4},{"damage":0,"enemies":"Snecko","floor":25,"turns":3},{"damage":0,"enemies":"Snake Plant","floor":27,"turns":2},{"damage":14,"enemies":"Book of Stabbing","floor":29,"turns":4},{"damage":0,"enemies":"Cultist and Chosen","floor":31,"turns":3},{"damage":70,"enemies":"Automaton","floor":33,"turns":9},{"damage":9,"enemies":"3 Darklings","floor":35,"turns":4},{"damage":0,"enemies":"3 Shapes","floor":37,"turns":3},{"damage":0,"enemies":"3 Darklings","floor":38,"turns":4},{"damage":6,"enemies":"4 Shapes","floor":39,"turns":2},{"damage":0,"enemies":"Nemesis","floor":40,"turns":5},{"damage":0,"enemies":"Mind Bloom Boss Battle","floor":41,"turns":3},{"damage":33,"enemies":"Giant Head","floor":45,"turns":8},{"damage":0,"enemies":"Nemesis","floor":46,"turns":5},{"damage":0,"enemies":"Transient","floor":47,"turns":5},{"damage":0,"enemies":"3 Darklings","floor":48,"turns":2},{"damage":101,"enemies":"Awakened One","floor":50,"turns":13}],"seed_played":"8498039095971969766","potions_obtained":[{"floor":3,"key":"EssenceOfSteel"},{"floor":5,"key":"Ancient Potion"},{"floor":8,"key":"PowerPotion"},{"floor":16,"key":"PowerPotion"},{"floor":20,"key":"SpeedPotion"},{"floor":23,"key":"Explosive Potion"},{"floor":25,"key":"Dexterity Potion"},{"floor":27,"key":"SteroidPotion"},{"floor":31,"key":"Dexterity Potion"},{"floor":40,"key":"Energy Potion"},{"floor":45,"key":"LiquidBronze"},{"floor":46,"key":"AttackPotion"},{"floor":47,"key":"EssenceOfSteel"}],"is_trial":false,"path_per_floor":["M","?","M","M","M","E","?","E","T","E","E","$","R","M","R","B",null,"M","?","M","?","M","E","M","M","T","M","R","E","$","M","R","B",null,"M","$","M","M","M","E","?","R","T","?","E","E","M","M","R","B",null],"character_chosen":"THE_SILENT","items_purchased":["Vajra","Blood Vial"],"campfire_rested":0,"item_purchase_floors":[12,30],"current_hp_per_floor":[70,70,70,67,66,66,66,61,61,58,58,58,58,58,58,34,70,67,73,73,73,73,66,65,65,65,65,76,62,62,64,76,6,108,99,99,101,103,99,101,103,108,118,118,87,89,91,93,108,31],"gold":793,"neow_bonus":"","is_prod":false,"is_daily":true,"chose_seed":false,"campfire_upgraded":6,"win_rate":0,"timestamp":1547766721,"path_taken":["M","?","?","M","M","E","?","E","T","E","?","$","R","?","R","BOSS","M","?","M","?","M","E","?","M","T","M","R","?","?","M","R","BOSS","M","$","M","M","M","E","?","R","T","?","?","?","M","M","R","BOSS"],"build_version":"2019-01-10","purchased_purges":2,"victory":true,"max_hp_per_floor":[70,70,70,70,70,70,70,70,70,70,70,70,70,70,70,70,70,70,76,76,76,76,76,76,76,76,76,76,76,76,76,76,76,108,108,108,108,108,108,108,108,108,118,118,120,120,120,120,120,120],"card_choices":[{"not_picked":["Acrobatics","Deflect"],"picked":"Quick Slash","floor":6},{"not_picked":["Escape Plan","Storm of Steel"],"picked":"Outmaneuver","floor":8},{"not_picked":["Bane","Masterful Stab"],"picked":"Dagger Throw","floor":10},{"not_picked":["Sucker Punch","Dash"],"picked":"Endless Agony","floor":11},{"not_picked":["Adrenaline","Venomology"],"picked":"Storm of Steel","floor":16},{"not_picked":["Deflect+1","Sucker Punch"],"picked":"Cloak And Dagger","floor":23},{"not_picked":["Doppelganger","Expertise+1"],"picked":"Backflip+1","floor":29},{"not_picked":["Wraith Form v2","Grand Finale"],"picked":"Night Terror","floor":33},{"not_picked":["Slice","Choke+1"],"picked":"Distraction","floor":40},{"not_picked":["Underhanded Strike+1","Leg Sweep+1"],"picked":"Blade Dance+1","floor":41},{"not_picked":["Blur+1","Calculated Gamble","Deadly Poison"],"picked":"Singing Bowl","floor":45},{"not_picked":["Caltrops","Calculated Gamble+1"],"picked":"Predator+1","floor":46}],"player_experience":311427,"relics_obtained":[{"floor":1,"key":"Regal Pillow"},{"floor":3,"key":"Ice Cream"},{"floor":4,"key":"Whetstone"},{"floor":5,"key":"FossilizedHelix"},{"floor":6,"key":"Bottled Flame"},{"floor":8,"key":"Darkstone Periapt"},{"floor":9,"key":"Blue Candle"},{"floor":10,"key":"MawBank"},{"floor":11,"key":"Pen Nib"},{"floor":14,"key":"Tiny Chest"},{"floor":18,"key":"Potion Belt"},{"floor":20,"key":"Ornamental Fan"},{"floor":22,"key":"Bottled Lightning"},{"floor":23,"key":"Kunai"},{"floor":24,"key":"Mercury Hourglass"},{"floor":25,"key":"Ancient Tea Set"},{"floor":26,"key":"Smiling Mask"},{"floor":27,"key":"War Paint"},{"floor":29,"key":"Centennial Puzzle"},{"floor":31,"key":"Paper Crane"},{"floor":34,"key":"Anchor"},{"floor":34,"key":"Singing Bowl"},{"floor":34,"key":"Mango"},{"floor":35,"key":"Ninja Scroll"},{"floor":37,"key":"Meat on the Bone"},{"floor":38,"key":"Oddly Smooth Stone"},{"floor":39,"key":"Letter Opener"},{"floor":40,"key":"Mummified Hand"},{"floor":41,"key":"The Specimen"},{"floor":43,"key":"Pear"},{"floor":45,"key":"Bronze Scales"},{"floor":46,"key":"Bag of Marbles"},{"floor":47,"key":"Toxic Egg 2"},{"floor":48,"key":"Pantograph"}],"event_choices":[{"damage_healed":0,"gold_gain":0,"cards_transformed":["Defend_G"],"player_choice":"Transformed","damage_taken":0,"max_hp_gain":0,"max_hp_loss":0,"event_name":"Transmorgrifier","floor":2,"gold_loss":0,"cards_obtained":["Blade Dance"]},{"cards_removed":["Defend_G"],"damage_healed":0,"gold_gain":0,"player_choice":"Offered Basic","damage_taken":0,"max_hp_gain":0,"max_hp_loss":0,"event_name":"Bonfire Elementals","floor":7,"gold_loss":0},{"damage_healed":0,"gold_gain":0,"player_choice":"Opened","damage_taken":0,"relics_obtained":["Lantern"],"max_hp_gain":0,"max_hp_loss":0,"event_name":"The Mausoleum","floor":19,"gold_loss":0,"cards_obtained":["Writhe"]},{"damage_healed":0,"gold_gain":0,"player_choice":"Ignored","damage_taken":0,"max_hp_gain":0,"max_hp_loss":0,"event_name":"Vampires","floor":21,"gold_loss":0},{"damage_healed":0,"gold_gain":0,"player_choice":"Fight","damage_taken":0,"max_hp_gain":0,"max_hp_loss":0,"event_name":"MindBloom","floor":41,"gold_loss":0},{"damage_healed":0,"gold_gain":0,"player_choice":"Ignored","damage_taken":0,"max_hp_gain":0,"max_hp_loss":0,"event_name":"Tomb of Lord Red Mask","floor":44,"gold_loss":0}],"is_beta":false,"boss_relics":[{"not_picked":["Astrolabe","Snecko Eye"],"picked":"Eternal Feather"},{"not_picked":["Velvet Choker","Black Star"],"picked":"Calling Bell"}],"items_purged_floors":[30,36],"is_endless":false,"potions_floor_spawned":[3,5,8,16,20,23,25,27,31,40,45,46,47],"ascension_level":0}