{"gold_per_floor":[110,210,222,233,21,21,35,35,81,95,49,75,86,86,86,182,182,196,208,223,223],"floor_reached":21,"playtime":794,"items_purged":["Strike_B"],"score":229,"play_id":"55d6d33a-1aaf-4911-8515-b726cb49e975","local_time":"20181102170714","is_ascension_mode":true,"campfire_choices":[{"data":"Streamline","floor":6,"key":"SMITH"},{"floor":15,"key":"REST"}],"neow_cost":"NONE","seed_source_timestamp":1815944028813,"circlet_count":0,"master_deck":["Strike_B","Strike_B","Strike_B","Defend_B","Defend_B","Defend_B","Defend_B","Zap","Dualcast","Gash","Beam Cell","Streamline+1","All For One","Gash","Steam","Hyperbeam","Gash+1"],"relics":["Inserter","Omamori","Vajra","Smiling Mask","Runic Pyramid"],"potions_floor_usage":[10,16],"damage_taken":[{"damage":13,"enemies":"Small Slimes","floor":1,"turns":4},{"damage":0,"enemies":"Cultist","floor":3,"turns":4},{"damage":7,"enemies":"Jaw Worm","floor":4,"turns":4},{"damage":0,"enemies":"Large Slime","floor":7,"turns":5},{"damage":11,"enemies":"Lots of Slimes","floor":10,"turns":4},{"damage":9,"enemies":"3 Sentries","floor":12,"turns":6},{"damage":5,"enemies":"Gremlin Gang","floor":13,"turns":4},{"damage":35,"enemies":"Hexaghost","floor":16,"turns":9},{"damage":10,"enemies":"3 Byrds","floor":18,"turns":3},{"damage":19,"enemies":"Shell Parasite","floor":19,"turns":3},{"damage":13,"enemies":"Snake Plant","floor":20,"turns":3},{"damage":19,"enemies":"Centurion and Healer","floor":21,"turns":3}],"seed_played":"-6761872647040845631","potions_obtained":[{"floor":1,"key":"Block Potion"},{"floor":3,"key":"FearPotion"},{"floor":7,"key":"Energy Potion"},{"floor":13,"key":"Block Potion"},{"floor":18,"key":"Poison Potion"},{"floor":20,"key":"Fire Potion"}],"is_trial":false,"path_per_floor":["M","?","M","M","$","R","M","?","T","M","$","E","M","?","R","B",null,"M","M","M","M"],"character_chosen":"DEFECT","items_purchased":["All For One","Steam"],"campfire_rested":1,"item_purchase_floors":[5,11],"current_hp_per_floor":[62,62,62,55,55,55,55,55,55,44,44,35,30,30,52,17,61,51,32,19,0],"gold":223,"neow_bonus":"BOSS_RELIC","is_prod":false,"is_daily":false,"chose_seed":false,"campfire_upgraded":1,"win_rate":0,"timestamp":1541189234,"path_taken":["M","?","?","?","$","R","M","?","T","M","?","E","M","?","R","BOSS","M","M","?","?"],"build_version":"2018-11-01","purchased_purges":1,"victory":false,"max_hp_per_floor":[75,75,75,75,75,75,75,75,75,75,75,75,75,75,75,75,75,75,75,75,75],"card_choices":[{"not_picked":["Force Field","Cold Snap"],"picked":"Gash","floor":1},{"not_picked":["Steam Power","Compile Driver"],"picked":"Beam Cell","floor":3},{"not_picked":["Redo","Cold Snap"],"picked":"Streamline","floor":4},{"not_picked":["Ball Lightning","Barrage"],"picked":"Gash","floor":7},{"not_picked":["Recycle","Rebound","Darkness"],"picked":"SKIP","floor":10},{"not_picked":["Capacitor","Auto Shields","Chill"],"picked":"SKIP","floor":12},{"not_picked":["Hello World","Leap","Coolheaded"],"picked":"SKIP","floor":13},{"not_picked":["Seek","Electrodynamics"],"picked":"Hyperbeam","floor":16},{"not_picked":["Compile Driver+1","Ball Lightning"],"picked":"Gash+1","floor":18},{"not_picked":["Skim","Streamline","Conserve Battery"],"picked":"SKIP","floor":19},{"not_picked":["Loop","Darkness+1","Reprogram+1"],"picked":"SKIP","floor":20}],"player_experience":256398,"relics_obtained":[{"floor":9,"key":"Omamori"},{"floor":12,"key":"Vajra"},{"floor":14,"key":"Smiling Mask"}],"event_choices":[{"damage_healed":0,"gold_gain":100,"player_choice":"Pray","damage_taken":0,"max_hp_gain":0,"max_hp_loss":0,"event_name":"Golden Shrine","floor":2,"gold_loss":0},{"damage_healed":0,"gold_gain":0,"player_choice":"Searched \u00271\u0027 times","damage_taken":0,"max_hp_gain":0,"max_hp_loss":0,"event_name":"Dead Adventurer","floor":8,"gold_loss":0},{"damage_healed":0,"gold_gain":0,"player_choice":"Relic","damage_taken":0,"max_hp_gain":0,"max_hp_loss":0,"event_name":"Wheel of Change","floor":14,"gold_loss":0}],"is_beta":false,"boss_relics":[{"not_picked":["Astrolabe","Black Star"],"picked":"Runic Pyramid"}],"items_purged_floors":[5],"is_endless":false,"potions_floor_spawned":[1,3,7,13,18,20],"killed_by":"Centurion and Healer","ascension_level":5}