{"gold_per_floor":[114,129,304,319,334,364,364,379,379,120,120,120,135,150,150,250,250,265,280,295,7,7,37,37,10,35,47,10,25,40,55,55,155,155,170,570,585,585,600,600,615,615,640,250,280,295,295,310,310,310],"floor_reached":51,"playtime":2117,"items_purged":["Strike_G","Defend_G"],"score":978,"play_id":"056a34f0-b65b-49b8-b4ac-0d95a1fa4b11","local_time":"20181102224847","daily_mods":["Cursed Run","Uncertain Future","Terminal"],"is_ascension_mode":false,"campfire_choices":[{"data":"Cloak And Dagger","floor":7,"key":"SMITH"},{"data":"Blade Dance","floor":12,"key":"SMITH"},{"data":"Calculated Gamble","floor":15,"key":"SMITH"},{"floor":24,"key":"REST"},{"floor":27,"key":"DIG"},{"floor":32,"key":"DIG"},{"floor":40,"key":"REST"},{"floor":47,"key":"DIG"},{"floor":49,"key":"REST"}],"neow_cost":"","seed_source_timestamp":0,"circlet_count":0,"master_deck":["Defend_G","Defend_G","Defend_G","Defend_G","Strike_G","Strike_G","Strike_G","Strike_G","Survivor","Neutralize","Distraction","Quick Slash","Doubt","Cloak And Dagger+1","Dagger Throw","Blade Dance+1","Tools of the Trade","Clumsy","Blade Dance","Dramatic Entrance","Escape Plan","Calculated Gamble+1","Writhe","Corpse Explosion","Dagger Spray","Prepared","Blade Dance","A Thousand Cuts","Riddle With Holes+1","Backflip","Injury","Prepared","Dodge and Roll+1","Backstab","Parasite","Adrenaline+1","Footwork","Cloak And Dagger+1","Tactician+1","Acrobatics+1","Writhe","Writhe","Blade Dance+1","Cloak And Dagger+1","Choke","Phantasmal Killer+1","Cloak And Dagger+1","Doubt"],"special_seed":17838,"relics":["Cursed Key","Darkstone Periapt","Du-Vu Doll","Strawberry","Bird Faced Urn","Tingsha","Sozu","Lantern","Shovel","MawBank","Bag of Preparation","Toxic Egg 2","Old Coin","Bronze Scales","Juzu Bracelet","Prayer Wheel","Paper Crane"],"potions_floor_usage":[50],"damage_taken":[{"damage":0,"enemies":"2 Louse","floor":1,"turns":3},{"damage":0,"enemies":"Jaw Worm","floor":2,"turns":5},{"damage":0,"enemies":"Cultist","floor":4,"turns":3},{"damage":0,"enemies":"Red Slaver","floor":5,"turns":3},{"damage":33,"enemies":"Gremlin Nob","floor":6,"turns":5},{"damage":0,"enemies":"Exordium Wildlife","floor":8,"turns":4},{"damage":0,"enemies":"Large Slime","floor":13,"turns":3},{"damage":0,"enemies":"3 Louse","floor":14,"turns":2},{"damage":0,"enemies":"Slime Boss","floor":16,"turns":7},{"damage":5,"enemies":"Shell Parasite","floor":18,"turns":3},{"damage":6,"enemies":"Spheric Guardian","floor":19,"turns":4},{"damage":12,"enemies":"Snecko","floor":20,"turns":4},{"damage":22,"enemies":"Book of Stabbing","floor":23,"turns":5},{"damage":0,"enemies":"Snake Plant","floor":29,"turns":3},{"damage":0,"enemies":"Sentry and Sphere","floor":30,"turns":3},{"damage":5,"enemies":"Cultist and Chosen","floor":31,"turns":2},{"damage":20,"enemies":"Collector","floor":33,"turns":9},{"damage":5,"enemies":"Orb Walker","floor":35,"turns":2},{"damage":16,"enemies":"Mind Bloom Boss Battle","floor":36,"turns":5},{"damage":8,"enemies":"3 Shapes","floor":37,"turns":3},{"damage":10,"enemies":"Spire Growth","floor":39,"turns":3},{"damage":5,"enemies":"3 Darklings","floor":41,"turns":2},{"damage":0,"enemies":"Reptomancer","floor":45,"turns":3},{"damage":7,"enemies":"Jaw Worm Horde","floor":46,"turns":3},{"damage":11,"enemies":"Writhing Mass","floor":48,"turns":3},{"damage":65,"enemies":"Awakened One","floor":50,"turns":8}],"seed_played":"-2706670259643309342","potions_obtained":[{"floor":4,"key":"Strength Potion"},{"floor":8,"key":"Weak Potion"},{"floor":14,"key":"Energy Potion"}],"is_trial":false,"path_per_floor":["M","M","?","M","M","E","R","M","T","$","?","R","M","M","R","B",null,"M","M","M","$","?","E","R","$","T","R","$","M","M","M","R","B",null,"M","?","M","?","M","R","M","?","T","$","E","M","R","M","R","B",null],"character_chosen":"THE_SILENT","items_purchased":["Blade Dance","Dramatic Entrance","GhostInAJar","Lantern","A Thousand Cuts","Backflip","Prepared","Blade Dance+1","Cloak And Dagger+1","Juzu Bracelet","Choke"],"campfire_rested":3,"item_purchase_floors":[10,10,10,21,21,25,28,44,44,44,44],"current_hp_per_floor":[68,67,72,71,70,44,44,44,50,50,50,50,52,52,52,60,77,72,68,58,58,58,38,59,59,65,65,65,67,67,64,64,54,72,67,55,51,51,43,63,58,70,75,74,73,66,66,59,69,14],"gold":310,"neow_bonus":"","is_prod":false,"is_daily":true,"chose_seed":false,"campfire_upgraded":3,"win_rate":0,"timestamp":1541209727,"path_taken":["M","M","?","M","M","E","R","M","T","$","?","R","M","?","R","BOSS","M","M","M","?","?","E","R","$","T","R","?","M","M","M","R","BOSS","M","?","M","?","M","R","M","?","T","$","E","M","R","M","R","BOSS"],"build_version":"2018-11-01","purchased_purges":2,"victory":true,"max_hp_per_floor":[68,67,72,71,70,76,75,74,79,78,77,76,75,74,73,78,77,76,75,74,73,72,71,70,69,74,73,72,71,70,69,68,73,72,71,70,69,68,67,66,65,70,75,74,73,72,71,70,69,74],"card_choices":[{"not_picked":["Bane","Eviscerate"],"picked":"Distraction","floor":1},{"not_picked":["Poisoned Stab","Crippling Poison"],"picked":"Quick Slash","floor":2},{"not_picked":["Reflex","Tactician"],"picked":"Cloak And Dagger","floor":4},{"not_picked":["Cloak And Dagger","Flying Knee"],"picked":"Dagger Throw","floor":5},{"not_picked":["Distraction","Dash"],"picked":"Blade Dance","floor":6},{"not_picked":["Outmaneuver","Deflect"],"picked":"Tools of the Trade","floor":8},{"not_picked":["Predator","Outmaneuver"],"picked":"Escape Plan","floor":13},{"not_picked":["Sucker Punch","Finisher"],"picked":"Calculated Gamble","floor":14},{"not_picked":["Wraith Form v2","Doppelganger"],"picked":"Corpse Explosion","floor":16},{"not_picked":["Accuracy","Skewer+1"],"picked":"Dagger Spray","floor":18},{"not_picked":["Outmaneuver","Flying Knee+1"],"picked":"Prepared","floor":19},{"not_picked":["Dodge and Roll","Deadly Poison"],"picked":"Blade Dance","floor":20},{"not_picked":["Choke","PiercingWail+1"],"picked":"Riddle With Holes+1","floor":23},{"not_picked":["Terror+1","Predator"],"picked":"Dodge and Roll+1","floor":29},{"not_picked":["Slice","Well Laid Plans"],"picked":"Backstab","floor":30},{"not_picked":["Grand Finale","Poisoned Stab+1","All Out Attack"],"picked":"SKIP","floor":31},{"not_picked":["Phantasmal Killer+1","Glass Knife"],"picked":"Adrenaline+1","floor":33},{"not_picked":["Prepared+1","Setup+1"],"picked":"Footwork","floor":35},{"not_picked":["Slice","Flying Knee"],"picked":"Cloak And Dagger+1","floor":36},{"not_picked":["Well Laid Plans","Slice+1"],"picked":"Tactician+1","floor":37},{"not_picked":["Infinite Blades+1","Bane","Slice+1"],"picked":"SKIP","floor":39},{"not_picked":["Poisoned Stab","Dagger Spray"],"picked":"Acrobatics+1","floor":41},{"not_picked":["Skewer+1","Deflect+1"],"picked":"Phantasmal Killer+1","floor":45},{"not_picked":["Dagger Spray","Flying Knee+1"],"picked":"Cloak And Dagger+1","floor":46},{"not_picked":["Outmaneuver+1","Underhanded Strike","Catalyst+1"],"picked":"SKIP","floor":46},{"not_picked":["Well Laid Plans","Distraction+1","Poisoned Stab"],"picked":"SKIP","floor":48},{"not_picked":["Outmaneuver+1","Accuracy","Tactician+1"],"picked":"SKIP","floor":48}],"player_experience":263611,"relics_obtained":[{"floor":6,"key":"Strawberry"},{"floor":9,"key":"Bird Faced Urn"},{"floor":23,"key":"Shovel"},{"floor":26,"key":"MawBank"},{"floor":27,"key":"Bag of Preparation"},{"floor":32,"key":"Toxic Egg 2"},{"floor":36,"key":"Old Coin"},{"floor":43,"key":"Bronze Scales"},{"floor":45,"key":"Prayer Wheel"},{"floor":47,"key":"Paper Crane"}],"event_choices":[{"damage_healed":0,"gold_gain":175,"player_choice":"AGREE","damage_taken":0,"max_hp_gain":0,"max_hp_loss":0,"event_name":"Liars Game","floor":3,"gold_loss":0,"cards_obtained":["Doubt"]},{"damage_healed":0,"gold_gain":0,"player_choice":"Gave Potion","damage_taken":0,"relics_obtained":["Tingsha"],"max_hp_gain":0,"max_hp_loss":0,"event_name":"WeMeetAgain","floor":11,"gold_loss":0},{"damage_healed":0,"gold_gain":0,"player_choice":"Ignored","damage_taken":0,"max_hp_gain":0,"max_hp_loss":0,"event_name":"Beggar","floor":22,"gold_loss":0},{"damage_healed":0,"gold_gain":0,"player_choice":"Fight","damage_taken":0,"max_hp_gain":0,"max_hp_loss":0,"event_name":"MindBloom","floor":36,"gold_loss":0},{"damage_healed":0,"gold_gain":0,"player_choice":"Ignored","damage_taken":0,"max_hp_gain":0,"max_hp_loss":0,"event_name":"Mysterious Sphere","floor":38,"gold_loss":0},{"damage_healed":16,"gold_gain":0,"player_choice":"Writhe","damage_taken":0,"max_hp_gain":0,"max_hp_loss":0,"event_name":"Winding Halls","floor":42,"gold_loss":0,"cards_obtained":["Writhe"]}],"is_beta":false,"boss_relics":[{"not_picked":["Philosopher\u0027s Stone","Lizard Tail"],"picked":"Sozu"},{"not_picked":["White Beast Statue","Velvet Choker","Pandora\u0027s Box"]}],"items_purged_floors":[10,44],"is_endless":false,"potions_floor_spawned":[4,8,14,19,30,31,36,37,45,48],"ascension_level":0}