{"gold_per_floor":[144,189,234,234,234,324,324,369,419,464,464,14,59,104,104,404,404,449,449,75,75,52,97,142,142,142,192,192,42,87,132,132,432,432,477,522,93,93,138,228,228,273,273,273,123,168,213,258,258,258],"floor_reached":50,"playtime":3359,"items_purged":[],"score":603,"play_id":"6e2c2ed9-6e68-4969-8444-ac4a7a65319d","local_time":"20180925231451","daily_mods":["Brewmaster","Midas","Terminal"],"is_ascension_mode":false,"campfire_choices":[{"floor":7,"key":"REST"},{"floor":15,"key":"REST"},{"data":"Regret","floor":28,"key":"PURGE"},{"data":"Shame","floor":32,"key":"PURGE"},{"floor":41,"key":"REST"},{"floor":49,"key":"REST"}],"neow_cost":"","seed_source_timestamp":0,"circlet_count":0,"master_deck":["Strike_R","Strike_R","Strike_R","Strike_R","Strike_R","Defend_R","Defend_R","Defend_R","Defend_R","Bash","Venomology","Venomology","Venomology","Venomology","Venomology","Armaments","Heavy Blade","Anger","Twin Strike+1","Feel No Pain+1","Pommel Strike+1","Anger+1","Anger+1","Fiend Fire+1","Anger+1","Fire Breathing+1","Anger+1","Wild Strike+1","Headbutt+1","Iron Wave+1","Blood for Blood+1","Reaper+1","Havoc+1","Reckless Charge+1","HandOfGreed+1","Whirlwind+1","Madness","Madness","Headbutt+1","Inflame+1","Battle Trance","Twin Strike+1"],"special_seed":17800,"relics":["Burning Blood","White Beast Statue","Kunai","Frozen Egg 2","Anchor","Mummified Hand","Molten Egg 2","Toy Ornithopter","Fusion Hammer","Bag of Marbles","Peace Pipe","Nilry\u0027s Codex","Whetstone","Blood Vial","Potion Belt","Lizard Tail","PreservedInsect","Singing Bowl","Bottled Lightning","Du-Vu Doll","Lantern"],"potions_floor_usage":[1,2,2,2,3,3,3,3,6,6,6,6,6,8,8,8,8,8,8,8,10,13,14,14,16,16,16,16,16,16,18,18,18,18,23,23,23,24,24,24,24,30,30,30,31,33,33,33,33,33,35,35,36,39,39,39,40,40,40,40,40,40,42,42,42,44,46,46,46,47,47,47,47,47,47,47,47,47,48,48,50,50,50,50,50,50],"damage_taken":[{"damage":0,"enemies":"Small Slimes","floor":1,"turns":6},{"damage":0,"enemies":"Cultist","floor":2,"turns":5},{"damage":0,"enemies":"Jaw Worm","floor":3,"turns":5},{"damage":18,"enemies":"3 Sentries","floor":6,"turns":7},{"damage":19,"enemies":"Exordium Thugs","floor":8,"turns":5},{"damage":0,"enemies":"Exordium Wildlife","floor":10,"turns":3},{"damage":3,"enemies":"Blue Slaver","floor":13,"turns":2},{"damage":4,"enemies":"2 Fungi Beasts","floor":14,"turns":3},{"damage":45,"enemies":"Slime Boss","floor":16,"turns":12},{"damage":1,"enemies":"Shell Parasite","floor":18,"turns":3},{"damage":0,"enemies":"2 Thieves","floor":23,"turns":4},{"damage":18,"enemies":"Shelled Parasite and Fungi","floor":24,"turns":5},{"damage":5,"enemies":"Centurion and Healer","floor":30,"turns":5},{"damage":4,"enemies":"Snecko","floor":31,"turns":4},{"damage":33,"enemies":"Automaton","floor":33,"turns":12},{"damage":7,"enemies":"Orb Walker","floor":35,"turns":3},{"damage":15,"enemies":"3 Shapes","floor":36,"turns":2},{"damage":17,"enemies":"Reptomancer","floor":39,"turns":6},{"damage":117,"enemies":"Giant Head","floor":40,"turns":9},{"damage":21,"enemies":"Spire Growth","floor":42,"turns":3},{"damage":26,"enemies":"Mind Bloom Boss Battle","floor":44,"turns":6},{"damage":27,"enemies":"4 Shapes","floor":46,"turns":4},{"damage":33,"enemies":"Maw","floor":47,"turns":7},{"damage":2,"enemies":"Transient","floor":48,"turns":5},{"damage":144,"enemies":"Time Eater","floor":50,"turns":10}],"seed_played":"-9213636199092254619","potions_obtained":[{"floor":3,"key":"Explosive Potion"},{"floor":8,"key":"Strength Potion"},{"floor":10,"key":"AttackPotion"},{"floor":13,"key":"Poison Potion"},{"floor":14,"key":"Explosive Potion"},{"floor":16,"key":"SteroidPotion"},{"floor":24,"key":"LiquidBronze"},{"floor":30,"key":"Poison Potion"},{"floor":33,"key":"Explosive Potion"},{"floor":36,"key":"Block Potion"},{"floor":39,"key":"BloodPotion"},{"floor":40,"key":"FearPotion"},{"floor":42,"key":"FairyPotion"},{"floor":44,"key":"Strength Potion"},{"floor":46,"key":"PowerPotion"},{"floor":47,"key":"SteroidPotion"},{"floor":48,"key":"Swift Potion"}],"is_trial":false,"path_per_floor":["M","M","M","?","?","E","R","M","T","M","T","$","M","M","R","B",null,"M","?","$","?","$","M","M","?","T","T","R","$","M","M","R","B",null,"M","M","$","?","M","E","R","M","T","?","$","M","M","M","R"],"character_chosen":"IRONCLAD","items_purchased":["Molten Egg 2","Toy Ornithopter","Peace Pipe","Fire Breathing+1","Anger+1","Potion Belt","PreservedInsect","HandOfGreed+1","Whirlwind+1","Lantern"],"campfire_rested":4,"item_purchase_floors":[12,12,20,20,22,29,37,37,37,45],"current_hp_per_floor":[78,77,76,75,74,62,72,59,59,65,65,65,66,65,64,33,62,61,60,59,58,57,56,49,33,33,33,33,33,49,48,47,25,45,44,35,35,30,30,10,21,35,35,24,24,15,36,37,36,0],"gold":258,"neow_bonus":"","is_prod":false,"is_daily":true,"chose_seed":false,"campfire_upgraded":0,"win_rate":0,"timestamp":1537931691,"path_taken":["M","M","M","?","?","E","R","?","T","M","?","?","?","M","R","BOSS","M","?","$","?","$","M","M","?","T","?","R","$","M","M","R","BOSS","M","?","?","?","M","E","R","M","T","?","$","M","M","?","R","BOSS"],"build_version":"2018-09-20","purchased_purges":0,"victory":false,"max_hp_per_floor":[78,77,76,75,74,73,72,71,70,69,68,67,66,65,64,63,62,61,60,59,58,57,56,55,54,53,52,51,50,49,48,47,46,45,44,43,42,41,40,39,38,37,36,35,34,35,36,37,36,36],"card_choices":[{"not_picked":["Iron Wave","Pommel Strike"],"picked":"Armaments","floor":1},{"not_picked":["Searing Blow","Headbutt"],"picked":"Heavy Blade","floor":2},{"not_picked":["Entrench","Armaments"],"picked":"Anger","floor":3},{"not_picked":["Intimidate","Bloodletting"],"picked":"Twin Strike","floor":6},{"not_picked":["Hemokinesis","True Grit"],"picked":"Feel No Pain+1","floor":8},{"not_picked":["Warcry","Rampage"],"picked":"Pommel Strike","floor":10},{"not_picked":["Battle Trance","True Grit"],"picked":"Anger+1","floor":13},{"not_picked":["Heavy Blade+1","Metallicize+1"],"picked":"Anger+1","floor":14},{"not_picked":["Exhume","Double Tap"],"picked":"Fiend Fire+1","floor":16},{"not_picked":["Armaments+1","Body Slam+1"],"picked":"Anger+1","floor":18},{"not_picked":["Clash+1","Twin Strike+1"],"picked":"Wild Strike+1","floor":23},{"not_picked":["Impervious","Shrug It Off"],"picked":"Headbutt+1","floor":24},{"not_picked":["Clash+1","Metallicize+1"],"picked":"Iron Wave+1","floor":30},{"not_picked":["Seeing Red+1","True Grit"],"picked":"Blood for Blood+1","floor":31},{"not_picked":["Bludgeon+1","Barricade+1"],"picked":"Reaper+1","floor":33},{"not_picked":["Body Slam+1","Anger+1"],"picked":"Havoc+1","floor":35},{"not_picked":["Second Wind","Clothesline+1"],"picked":"Reckless Charge+1","floor":36},{"not_picked":["Flex","Spot Weakness+1"],"picked":"Headbutt+1","floor":39},{"not_picked":["Rage+1","Juggernaut+1"],"picked":"Inflame+1","floor":40},{"not_picked":["Entrench","True Grit+1"],"picked":"Battle Trance","floor":42},{"not_picked":["True Grit","Headbutt+1"],"picked":"Twin Strike+1","floor":44},{"not_picked":["Second Wind","Rage","Twin Strike+1"],"picked":"Singing Bowl","floor":46},{"not_picked":["Twin Strike+1","Demon Form+1","Bloodletting+1"],"picked":"Singing Bowl","floor":47},{"not_picked":["Headbutt+1","Iron Wave+1","Metallicize+1"],"picked":"Singing Bowl","floor":48}],"player_experience":185604,"relics_obtained":[{"floor":6,"key":"Frozen Egg 2"},{"floor":9,"key":"Anchor"},{"floor":11,"key":"Mummified Hand"},{"floor":25,"key":"Nilry\u0027s Codex"},{"floor":26,"key":"Whetstone"},{"floor":27,"key":"Blood Vial"},{"floor":40,"key":"Singing Bowl"},{"floor":43,"key":"Bottled Lightning"},{"floor":44,"key":"Du-Vu Doll"}],"event_choices":[{"event_name":"Big Fish","player_choice":"Box","floor":4,"damage_taken":0},{"event_name":"The Cleric","player_choice":"Leave","floor":5,"damage_taken":0},{"event_name":"Addict","player_choice":"Stole Relic","floor":19,"damage_taken":0},{"event_name":"Vampires","player_choice":"Ignored","floor":21,"damage_taken":0},{"event_name":"Cursed Tome","player_choice":"Obtained Book","floor":25,"damage_taken":0},{"event_name":"Winding Halls","player_choice":"Embrace Madness","floor":38,"damage_taken":0},{"event_name":"MindBloom","player_choice":"Fight","floor":44,"damage_taken":0}],"is_beta":false,"boss_relics":[{"not_picked":["Astrolabe","Pandora\u0027s Box"],"picked":"Fusion Hammer"},{"not_picked":["Runic Cube","Cursed Key"],"picked":"Lizard Tail"}],"items_purged_floors":[],"is_endless":false,"potions_floor_spawned":[1,2,3,6,8,10,13,14,16,18,23,24,30,31,33,35,36,39,40,42,44,46,47,48],"killed_by":"Time Eater","ascension_level":0}