{"path_per_floor":["M","?","M","M","?","E","M","$","T","T","$","M","E","$","R","B",null,"M","T","M","?","M"],"character_chosen":"IRONCLAD","items_purchased":["Bronze Scales","Armaments","Matryoshka","Whirlwind","Regen Potion"],"gold_per_floor":[110,110,121,140,140,170,189,18,45,345,20,34,62,14,14,113,113,133,160,171,171,188],"floor_reached":23,"campfire_rested":1,"playtime":1645,"current_hp_per_floor":[79,61,67,65,65,60,64,64,64,64,64,70,58,58,84,45,88,76,76,64,64,40],"items_purged":[],"gold":188,"score":201,"play_id":"b34322f9-dc90-4bd5-9ded-5bb7528b42fd","is_prod":false,"is_daily":false,"is_ascension_mode":false,"campfire_upgraded":0,"path_taken":["M","?","M","?","?","E","M","?","T","?","$","?","E","$","R","BOSS","M","?","M","?","M","E"],"build_version":"2018-02-08-PROD1","purchased_purges":0,"victory":false,"master_deck":["Strike_R","Strike_R","Strike_R","Strike_R","Strike_R","Defend_R","Defend_R+1","Defend_R","Defend_R+1","Bash","Uppercut","Twin Strike","Cleave","Thunderclap","Fiend Fire","Armaments","Whirlwind","Flex","Metallicize","Double Tap","Sword Boomerang","Twin Strike+1","Pommel Strike+1"],"max_hp_per_floor":[88,88,88,88,88,88,88,88,88,88,88,88,88,88,88,88,88,88,88,88,88,88],"relics":["Burning Blood","Bag of Marbles","Pantograph","Bronze Scales","Oddly Smooth Stone","Old Coin","Matryoshka","Bottled Lightning","Lizard Tail","Ancient Tea Set","War Paint"],"card_choices":[{"not_picked":["Feed","Clash"],"picked":"Uppercut"},{"not_picked":["Metallicize","Flame Barrier"],"picked":"Twin Strike"},{"not_picked":["Seeing Red","Perfected Strike"],"picked":"Cleave"},{"not_picked":["Perfected Strike","Iron Wave"],"picked":"Thunderclap"},{"not_picked":["Body Slam","Anger"],"picked":"Fiend Fire"},{"not_picked":["Cleave","Clothesline"],"picked":"Flex"},{"not_picked":["Fiend Fire","Burning Pact"],"picked":"Metallicize"},{"not_picked":["Brutality","Juggernaut"],"picked":"Double Tap"},{"not_picked":["Intimidate","Warcry"],"picked":"Sword Boomerang"},{"not_picked":["Perfected Strike","Uppercut"],"picked":"Twin Strike"},{"not_picked":["Rampage","True Grit"],"picked":"Pommel Strike"}],"player_experience":2485,"potions_floor_usage":[16,16,16,23,23],"damage_taken":[{"damage":15,"enemies":"Jaw Worm","floor":1,"turns":5},{"damage":0,"enemies":"2 Louse","floor":3,"turns":2},{"damage":8,"enemies":"Blue Slaver","floor":4,"turns":4},{"damage":11,"enemies":"Gremlin Nob","floor":6,"turns":4},{"damage":2,"enemies":"2 Fungi Beasts","floor":7,"turns":3},{"damage":0,"enemies":"Large Slime","floor":12,"turns":4},{"damage":18,"enemies":"3 Sentries","floor":13,"turns":4},{"damage":64,"enemies":"Hexaghost","floor":16,"turns":13},{"damage":18,"enemies":"2 Thieves","floor":18,"turns":3},{"damage":18,"enemies":"Shell Parasite","floor":20,"turns":6},{"damage":30,"enemies":"Snake Plant","floor":22,"turns":5},{"damage":112,"enemies":"Gremlin Leader","floor":23,"turns":14}],"event_choices":[{"event_name":"Scrap Ooze","player_choice":"success","floor":2,"damage_taken":18},{"event_name":"Liars Game","player_choice":"disagreed","floor":5,"damage_taken":0},{"event_name":"Drug Dealer","player_choice":"Ignored","floor":21,"damage_taken":0}],"boss_relics":[{"not_picked":["Black Star","Orrery"],"picked":"Lizard Tail"}],"potions_floor_spawned":[1,6,16,18],"seed_played":"8103691904439170851","killed_by":"Gremlin Leader","ascension_level":0,"is_trial":false}