{"gold_per_floor":[214,75,75,86,105,434,434,449,449,461,436,446,478,488,488,488],"floor_reached":16,"playtime":862,"items_purged":[],"score":165,"play_id":"2df2b5cd-8df3-4a58-af63-155fed4f84e2","local_time":"20190321021546","is_ascension_mode":true,"campfire_choices":[{"data":"Glass Knife","floor":7,"key":"SMITH"},{"floor":15,"key":"REST"}],"neow_cost":"NONE","seed_source_timestamp":637669098168633,"circlet_count":0,"master_deck":["Defend_G","Defend_G","Defend_G","Defend_G","Defend_G","Strike_G","Strike_G","Strike_G","Strike_G","Survivor","Neutralize","Quick Slash","Glass Knife+1","Dodge and Roll","PiercingWail","Infinite Blades","Dagger Spray","Backflip","Acrobatics","Escape Plan"],"relics":["Ring of the Snake","Old Coin","Darkstone Periapt","Paper Crane"],"potions_floor_usage":[13,13,14],"damage_taken":[{"damage":0,"enemies":"Jaw Worm","floor":1,"turns":7},{"damage":0,"enemies":"Cultist","floor":4,"turns":4},{"damage":0,"enemies":"2 Louse","floor":5,"turns":3},{"damage":38,"enemies":"Gremlin Nob","floor":6,"turns":6},{"damage":2,"enemies":"Red Slaver","floor":8,"turns":3},{"damage":2,"enemies":"Blue Slaver","floor":10,"turns":4},{"damage":0,"enemies":"2 Fungi Beasts","floor":12,"turns":3},{"damage":14,"enemies":"Lagavulin","floor":13,"turns":5},{"damage":15,"enemies":"Gremlin Gang","floor":14,"turns":5},{"damage":32,"enemies":"Slime Boss","floor":16,"turns":8}],"seed_played":"-4001770476197729918","potions_obtained":[{"floor":6,"key":"Swift Potion"},{"floor":8,"key":"PowerPotion"},{"floor":10,"key":"SpeedPotion"},{"floor":13,"key":"Regen Potion"}],"is_trial":false,"path_per_floor":["M","$","?","M","M","E","R","M","T","M","?","M","E","M","R","B"],"character_chosen":"THE_SILENT","items_purchased":["Glass Knife"],"campfire_rested":1,"item_purchase_floors":[2],"current_hp_per_floor":[63,63,63,63,63,25,25,23,23,21,21,21,7,6,27,0],"gold":488,"neow_bonus":"HUNDRED_GOLD","is_prod":false,"is_daily":false,"chose_seed":false,"campfire_upgraded":1,"win_rate":0,"timestamp":1553148946,"path_taken":["M","$","?","M","?","E","R","M","T","M","?","M","E","M","R","BOSS"],"build_version":"2019-01-23","purchased_purges":0,"victory":false,"max_hp_per_floor":[70,70,70,70,70,70,70,70,70,70,70,70,70,70,70,70],"card_choices":[{"not_picked":["Acrobatics","PiercingWail"],"picked":"Quick Slash","floor":1},{"not_picked":["Masterful Stab","Riddle With Holes"],"picked":"Dodge and Roll","floor":4},{"not_picked":["Setup","Prepared"],"picked":"PiercingWail","floor":5},{"not_picked":["Bane","Slice"],"picked":"Infinite Blades","floor":6},{"not_picked":["Endless Agony","Flechettes"],"picked":"Dagger Spray","floor":8},{"not_picked":["Outmaneuver","Finisher"],"picked":"Backflip","floor":10},{"not_picked":["Burst","Flying Knee"],"picked":"Acrobatics","floor":12},{"not_picked":["Quick Slash","Bane","Masterful Stab"],"picked":"SKIP","floor":13},{"not_picked":["Reflex","Outmaneuver"],"picked":"Escape Plan","floor":14}],"player_experience":204668,"relics_obtained":[{"floor":6,"key":"Old Coin"},{"floor":9,"key":"Darkstone Periapt"},{"floor":13,"key":"Paper Crane"}],"event_choices":[{"cards_removed":["Strike_G"],"damage_healed":0,"gold_gain":0,"player_choice":"Offered Basic","damage_taken":0,"max_hp_gain":0,"max_hp_loss":0,"event_name":"Bonfire Elementals","floor":3,"gold_loss":0},{"damage_healed":0,"gold_gain":0,"player_choice":"Left Gold","damage_taken":0,"max_hp_gain":0,"max_hp_loss":0,"event_name":"World of Goop","floor":11,"gold_loss":25}],"is_beta":false,"boss_relics":[],"items_purged_floors":[],"is_endless":false,"potions_floor_spawned":[6,8,10,13],"killed_by":"Slime Boss","ascension_level":9}