{"gold_per_floor":[111,127,127,91,103,103,117,135,160,171,197,217,60,86,86,191,191,204,221,221,234,69,69,89,112,139,139,152,179,179,189,189,286,286,301,229,229,249,268,268,281,281,281,281,292,306,35,67,67,67],"floor_reached":51,"playtime":4740,"items_purged":["Pain"],"score":873,"play_id":"e14b94ac-f412-467b-b61d-88506da302d5","local_time":"20181101161406","is_ascension_mode":true,"campfire_choices":[{"data":"Dagger Spray","floor":6,"key":"SMITH"},{"floor":15,"key":"REST"},{"data":"After Image","floor":23,"key":"SMITH"},{"data":"After Image","floor":27,"key":"SMITH"},{"data":"Footwork","floor":30,"key":"SMITH"},{"floor":32,"key":"REST"},{"floor":42,"key":"REST"},{"data":"Footwork","floor":44,"key":"SMITH"},{"floor":49,"key":"REST"}],"neow_cost":"NONE","seed_source_timestamp":2725292541114,"circlet_count":0,"master_deck":["Defend_G","Defend_G","Defend_G","Defend_G","Defend_G","Strike_G","Strike_G","Strike_G+1","Strike_G","Survivor","Neutralize","Forethought","Cloak And Dagger","Quick Slash","Dagger Spray+1","Footwork+1","Flying Knee+1","Dagger Throw","Backflip","After Image+1","Dash","Escape Plan","After Image+1","Dodge and Roll","Expertise+1","Well Laid Plans","Terror","Quick Slash","Deflect+1","Leg Sweep+1","Deflect+1","Footwork+1","Parasite","Expertise+1","After Image+1"],"relics":["Ring of the Snake","PreservedInsect","Potion Belt","Orichalcum","Busted Crown","Lantern","Whetstone","Regal Pillow","Cursed Key","Oddly Smooth Stone","Ancient Tea Set","DollysMirror","Juzu Bracelet"],"potions_floor_usage":[10,16,24,28,33,46,46,50,50,50],"damage_taken":[{"damage":1,"enemies":"Small Slimes","floor":1,"turns":4},{"damage":1,"enemies":"Jaw Worm","floor":2,"turns":4},{"damage":0,"enemies":"2 Louse","floor":5,"turns":3},{"damage":4,"enemies":"Blue Slaver","floor":7,"turns":4},{"damage":0,"enemies":"Looter","floor":8,"turns":5},{"damage":0,"enemies":"Lots of Slimes","floor":10,"turns":1},{"damage":10,"enemies":"3 Louse","floor":12,"turns":3},{"damage":14,"enemies":"Gremlin Nob","floor":14,"turns":4},{"damage":7,"enemies":"The Guardian","floor":16,"turns":18},{"damage":0,"enemies":"3 Byrds","floor":18,"turns":5},{"damage":22,"enemies":"Chosen","floor":19,"turns":7},{"damage":5,"enemies":"Shelled Parasite and Fungi","floor":21,"turns":9},{"damage":5,"enemies":"Snake Plant","floor":24,"turns":6},{"damage":6,"enemies":"Centurion and Healer","floor":28,"turns":10},{"damage":0,"enemies":"Gremlin Leader","floor":29,"turns":10},{"damage":20,"enemies":"3 Cultists","floor":31,"turns":8},{"damage":30,"enemies":"Collector","floor":33,"turns":16},{"damage":0,"enemies":"3 Shapes","floor":35,"turns":3},{"damage":18,"enemies":"3 Darklings","floor":38,"turns":11},{"damage":0,"enemies":"4 Shapes","floor":39,"turns":8},{"damage":27,"enemies":"Writhing Mass","floor":41,"turns":9},{"damage":3,"enemies":"Spire Growth","floor":45,"turns":7},{"damage":3,"enemies":"Transient","floor":46,"turns":5},{"damage":14,"enemies":"Nemesis","floor":48,"turns":13},{"damage":21,"enemies":"Donu and Deca","floor":50,"turns":22}],"seed_played":"6784488886594530607","potions_obtained":[{"floor":7,"key":"EssenceOfSteel"},{"floor":8,"key":"Swift Potion"},{"floor":10,"key":"Regen Potion"},{"floor":14,"key":"AttackPotion"},{"floor":16,"key":"SteroidPotion"},{"floor":21,"key":"Dexterity Potion"},{"floor":24,"key":"Regen Potion"},{"floor":29,"key":"Dexterity Potion"},{"floor":31,"key":"Swift Potion"},{"floor":39,"key":"LiquidBronze"},{"floor":41,"key":"Explosive Potion"}],"is_trial":false,"path_per_floor":["M","M","?","?","M","R","M","M","T","M","T","M","$","E","R","B",null,"M","M","?","M","$","R","M","T","T","R","M","E","R","M","R","B",null,"M","$","?","M","M","$","M","R","T","R","M","M","$","E","R","B"],"character_chosen":"THE_SILENT","items_purchased":["After Image","Dash","Well Laid Plans","Terror","Quick Slash","Footwork","DollysMirror"],"campfire_rested":4,"item_purchase_floors":[13,13,22,22,22,36,47],"current_hp_per_floor":[69,68,61,61,61,61,57,57,57,57,57,47,47,33,54,47,64,64,42,42,37,37,37,47,47,47,47,56,56,56,36,70,40,63,63,63,63,45,45,45,18,54,54,54,51,48,48,34,70,49],"gold":67,"neow_bonus":"RANDOM_COLORLESS","is_prod":false,"is_daily":false,"chose_seed":false,"campfire_upgraded":5,"win_rate":0,"timestamp":1541099646,"path_taken":["M","M","?","?","M","R","M","M","T","M","?","M","$","E","R","BOSS","M","?","?","M","$","R","?","?","T","R","M","E","R","M","R","BOSS","M","$","?","M","M","$","M","R","T","R","M","M","$","E","R","BOSS"],"build_version":"2018-10-25v2","purchased_purges":1,"victory":true,"max_hp_per_floor":[70,70,70,70,70,70,70,70,70,70,70,70,70,70,70,70,70,70,70,70,70,70,70,70,70,70,70,70,70,70,70,70,70,70,70,70,70,70,70,70,70,70,70,70,70,70,70,70,70,70],"card_choices":[{"not_picked":["PiercingWail","Setup"],"picked":"Cloak And Dagger","floor":1},{"not_picked":["Slice","Concentrate"],"picked":"Quick Slash","floor":2},{"not_picked":["Deflect","Catalyst"],"picked":"Dagger Spray","floor":5},{"not_picked":["Finisher","Deflect"],"picked":"Footwork","floor":7},{"not_picked":["Eviscerate","Flechettes"],"picked":"Flying Knee","floor":8},{"not_picked":["Sucker Punch","Blade Dance"],"picked":"Dagger Throw","floor":10},{"not_picked":["Expertise","Flying Knee"],"picked":"Backflip","floor":12},{"not_picked":["Noxious Fumes","Crippling Poison"],"picked":"Escape Plan","floor":14},{"not_picked":["Glass Knife","Corpse Explosion"],"picked":"After Image","floor":16},{"not_picked":[],"picked":"Dodge and Roll","floor":18},{"not_picked":[],"picked":"Expertise+1","floor":19},{"not_picked":["Heel Hook"],"picked":"SKIP","floor":21},{"not_picked":[],"picked":"Deflect+1","floor":24},{"not_picked":[],"picked":"Leg Sweep+1","floor":28},{"not_picked":[],"picked":"Deflect+1","floor":29},{"not_picked":["Bane"],"picked":"SKIP","floor":31},{"not_picked":["Concentrate"],"picked":"SKIP","floor":35},{"not_picked":["Eviscerate"],"picked":"SKIP","floor":38},{"not_picked":["Sucker Punch"],"picked":"SKIP","floor":39},{"not_picked":["Noxious Fumes"],"picked":"SKIP","floor":41},{"not_picked":[],"picked":"Expertise+1","floor":45},{"not_picked":["Crippling Poison+1"],"picked":"SKIP","floor":46},{"not_picked":["Finisher"],"picked":"SKIP","floor":48}],"player_experience":224779,"relics_obtained":[{"floor":9,"key":"PreservedInsect"},{"floor":11,"key":"Potion Belt"},{"floor":14,"key":"Orichalcum"},{"floor":25,"key":"Lantern"},{"floor":26,"key":"Whetstone"},{"floor":29,"key":"Regal Pillow"},{"floor":43,"key":"Ancient Tea Set"},{"floor":48,"key":"Juzu Bracelet"}],"event_choices":[{"cards_removed":["Strike_G"],"damage_healed":0,"gold_gain":0,"player_choice":"Card Removal","damage_taken":7,"max_hp_gain":0,"max_hp_loss":0,"event_name":"Golden Wing","floor":3,"gold_loss":0},{"damage_healed":0,"gold_gain":0,"player_choice":"Left Gold","damage_taken":0,"max_hp_gain":0,"max_hp_loss":0,"event_name":"World of Goop","floor":4,"gold_loss":36},{"damage_healed":0,"gold_gain":0,"player_choice":"Ignored","damage_taken":0,"max_hp_gain":0,"max_hp_loss":0,"event_name":"Ghosts","floor":20,"gold_loss":0},{"damage_healed":0,"gold_gain":0,"player_choice":"Gave Potion","damage_taken":0,"relics_obtained":["Oddly Smooth Stone"],"max_hp_gain":0,"max_hp_loss":0,"event_name":"WeMeetAgain","floor":37,"gold_loss":0}],"is_beta":false,"boss_relics":[{"not_picked":["Pandora\u0027s Box","Ring of the Serpent"],"picked":"Busted Crown"},{"not_picked":["Coffee Dripper","Sozu"],"picked":"Cursed Key"}],"items_purged_floors":[47],"is_endless":false,"potions_floor_spawned":[7,8,10,14,16,21,24,29,31,39,41],"ascension_level":5}