{"gold_per_floor":[110,110,75,89,89,115,130,145,145,49,82,82,92,106,106,106],"floor_reached":16,"playtime":524,"items_purged":[],"score":164,"play_id":"a3aad351-f797-42fd-96c2-5c5457f2bf3b","local_time":"20190623151029","is_ascension_mode":true,"campfire_choices":[{"floor":12,"key":"REST"},{"floor":15,"key":"REST"}],"neow_cost":"NONE","seed_source_timestamp":55793864063900,"circlet_count":0,"master_deck":["Strike_R","Strike_R+1","Strike_R","Strike_R","Strike_R+1","Defend_R","Defend_R","Defend_R","Defend_R","Bash","Thunderclap","Pommel Strike","Armaments","Shockwave","Twin Strike","Panacea","Double Tap","Warcry","Limit Break","Shockwave","Dual Wield"],"relics":["Burning Blood","NeowsBlessing","Dream Catcher","Dodecahedron","Letter Opener","Whetstone"],"potions_floor_usage":[11,11],"damage_taken":[{"damage":0,"enemies":"2 Louse","floor":1,"turns":1},{"damage":0,"enemies":"Small Slimes","floor":4,"turns":1},{"damage":0,"enemies":"Gremlin Nob","floor":6,"turns":1},{"damage":0,"enemies":"Cultist","floor":7,"turns":2},{"damage":5,"enemies":"Red Slaver","floor":8,"turns":4},{"damage":45,"enemies":"Lagavulin","floor":11,"turns":7},{"damage":6,"enemies":"3 Louse","floor":13,"turns":4},{"damage":12,"enemies":"Looter","floor":14,"turns":3},{"damage":85,"enemies":"Hexaghost","floor":16,"turns":10}],"seed_played":"5403004786145820104","potions_obtained":[{"floor":7,"key":"Weak Potion"},{"floor":8,"key":"Fruit Juice"}],"is_trial":false,"path_per_floor":["M","?","?","M","?","E","M","M","T","$","E","R","M","M","R","B"],"character_chosen":"IRONCLAD","items_purchased":["Panacea"],"campfire_rested":2,"item_purchase_floors":[10],"current_hp_per_floor":[80,68,80,80,80,80,80,80,80,80,46,71,71,65,85,0],"gold":106,"neow_bonus":"THREE_ENEMY_KILL","is_prod":false,"is_daily":false,"chose_seed":false,"campfire_upgraded":0,"win_rate":0,"timestamp":1561266629,"path_taken":["M","?","?","M","?","E","M","?","T","?","E","R","M","M","R","BOSS"],"build_version":"2019-01-23","purchased_purges":0,"victory":false,"max_hp_per_floor":[80,80,80,80,80,80,80,80,80,80,85,85,85,85,85,85],"card_choices":[{"not_picked":["Perfected Strike","Reckless Charge"],"picked":"Thunderclap","floor":1},{"not_picked":["Offering","Warcry"],"picked":"Pommel Strike","floor":4},{"not_picked":["Shrug It Off","Combust"],"picked":"Armaments","floor":6},{"not_picked":["Iron Wave","Heavy Blade"],"picked":"Shockwave","floor":7},{"not_picked":["Clothesline","Armaments"],"picked":"Twin Strike","floor":8},{"not_picked":["Armaments","Anger"],"picked":"Double Tap","floor":11},{"not_picked":["Combust","Body Slam"],"picked":"Warcry","floor":12},{"not_picked":["Flex","Entrench"],"picked":"Limit Break","floor":13},{"not_picked":["True Grit","Flex"],"picked":"Shockwave","floor":14},{"not_picked":["Clash","Havoc"],"picked":"Dual Wield","floor":15}],"player_experience":139709,"relics_obtained":[{"floor":6,"key":"Dodecahedron"},{"floor":9,"key":"Letter Opener"},{"floor":11,"key":"Whetstone"}],"event_choices":[{"damage_healed":0,"gold_gain":0,"player_choice":"Success","damage_taken":12,"relics_obtained":["Dream Catcher"],"max_hp_gain":0,"max_hp_loss":0,"event_name":"Scrap Ooze","floor":2,"gold_loss":0},{"damage_healed":20,"gold_gain":0,"player_choice":"Healed","damage_taken":0,"max_hp_gain":0,"max_hp_loss":0,"event_name":"The Cleric","floor":3,"gold_loss":35},{"damage_healed":0,"gold_gain":0,"player_choice":"Ignored","damage_taken":0,"max_hp_gain":0,"max_hp_loss":0,"event_name":"Purifier","floor":5,"gold_loss":0}],"is_beta":false,"boss_relics":[],"items_purged_floors":[],"is_endless":false,"potions_floor_spawned":[7,8],"killed_by":"Hexaghost","ascension_level":4}