{"gold_per_floor":[363,379,379,4,19,19,35,35,58,58,58,21,21,37,37,140,140,157,257,276,79,179,179,199,199,223,239,273,33,33,33,33,135,135,148,148,23,35,54,54,79,79,79,79],"floor_reached":44,"playtime":2048,"items_purged":["Writhe","Dualcast+1","Zap+1"],"score":691,"play_id":"8def2f1f-af6e-4ba5-a199-7ba8eaca0d53","local_time":"20181114022021","is_ascension_mode":true,"campfire_choices":[{"data":"Beam Cell","floor":6,"key":"SMITH"},{"data":"Zap","floor":11,"key":"SMITH"},{"data":"Dualcast","floor":13,"key":"SMITH"},{"data":"Good Instincts","floor":15,"key":"SMITH"},{"data":"Stack","floor":23,"key":"SMITH"},{"data":"Sweeping Beam","floor":25,"key":"SMITH"},{"floor":30,"key":"REST"},{"floor":32,"key":"REST"},{"data":"Hyperbeam","floor":40,"key":"SMITH"},{"floor":42,"key":"REST"}],"neow_cost":"CURSE","seed_source_timestamp":18853633042988,"circlet_count":0,"master_deck":["AscendersBane","Strike_B","Strike_B+1","Strike_B","Strike_B","Defend_B","Defend_B","Defend_B","Defend_B","Beam Cell+1","Sweeping Beam","Conserve Battery","Good Instincts+1","Streamline+1","Sweeping Beam+1","Core Surge","Stack+1","Conserve Battery","Steam+1","Undo","Self Repair","Hyperbeam+1","Seek","Sweeping Beam","Conserve Battery+1","FTL+1","Hyperbeam"],"relics":["Cracked Core","Oddly Smooth Stone","Bag of Preparation","Nuclear Battery","Prayer Wheel","Pantograph","Lee\u0027s Waffle","Happy Flower","Potion Belt","White Beast Statue","DataDisk","Juzu Bracelet"],"potions_floor_usage":[7,19,19,28,34,41,41],"damage_taken":[{"damage":2,"enemies":"2 Louse","floor":1,"turns":2},{"damage":12,"enemies":"Jaw Worm","floor":2,"turns":3},{"damage":0,"enemies":"Small Slimes","floor":5,"turns":3},{"damage":0,"enemies":"3 Louse","floor":7,"turns":2},{"damage":7,"enemies":"Blue Slaver","floor":14,"turns":2},{"damage":24,"enemies":"Hexaghost","floor":16,"turns":9},{"damage":6,"enemies":"3 Byrds","floor":18,"turns":3},{"damage":10,"enemies":"Colosseum Slavers","floor":19,"turns":5},{"damage":32,"enemies":"Colosseum Nobs","floor":19,"turns":4},{"damage":5,"enemies":"Spheric Guardian","floor":20,"turns":3},{"damage":0,"enemies":"3 Cultists","floor":24,"turns":5},{"damage":3,"enemies":"Shelled Parasite and Fungi","floor":27,"turns":5},{"damage":75,"enemies":"Gremlin Leader","floor":28,"turns":11},{"damage":57,"enemies":"Collector","floor":33,"turns":10},{"damage":0,"enemies":"3 Shapes","floor":35,"turns":3},{"damage":2,"enemies":"Orb Walker","floor":38,"turns":3},{"damage":44,"enemies":"Sphere and 2 Shapes","floor":39,"turns":8},{"damage":44,"enemies":"Reptomancer","floor":41,"turns":5},{"damage":81,"enemies":"Nemesis","floor":44,"turns":7}],"seed_played":"8185439393279999359","potions_obtained":[{"floor":1,"key":"SneckoOil"},{"floor":7,"key":"Fruit Juice"},{"floor":16,"key":"PowerPotion"},{"floor":18,"key":"SteroidPotion"},{"floor":24,"key":"Block Potion"},{"floor":33,"key":"Fruit Juice"},{"floor":35,"key":"Poison Potion"},{"floor":38,"key":"Strength Potion"},{"floor":39,"key":"Strength Potion"},{"floor":41,"key":"Poison Potion"}],"is_trial":false,"path_per_floor":["M","M","?","$","M","R","M","?","T","?","R","?","R","M","R","B",null,"M","?","M","$","?","R","M","R","T","M","E","$","R","?","R","B",null,"M","?","$","M","M","R","E","R","T","E"],"character_chosen":"DEFECT","items_purchased":["Oddly Smooth Stone","Conserve Battery","Good Instincts","Lee\u0027s Waffle","Hyperbeam"],"campfire_rested":3,"item_purchase_floors":[4,4,4,21,29],"current_hp_per_floor":[66,54,75,75,75,75,80,64,64,64,64,64,64,57,57,33,68,62,20,15,87,87,87,87,87,87,84,16,16,42,25,52,27,81,88,88,88,93,56,56,12,41,41,0],"gold":79,"neow_bonus":"TWO_FIFTY_GOLD","is_prod":false,"is_daily":false,"chose_seed":false,"campfire_upgraded":7,"win_rate":0,"timestamp":1542172821,"path_taken":["M","M","?","$","M","R","M","?","T","?","R","?","R","M","R","BOSS","M","?","M","$","?","R","M","R","T","?","E","?","R","?","R","BOSS","M","?","$","M","?","R","E","R","T","E"],"build_version":"2018-11-08","purchased_purges":3,"victory":false,"max_hp_per_floor":[75,75,75,75,75,75,80,80,80,80,80,80,80,80,80,80,80,80,80,80,87,87,87,87,87,87,87,87,87,87,92,92,92,97,97,97,97,97,97,97,97,97,97,97],"card_choices":[{"not_picked":["Go for the Eyes","BootSequence"],"picked":"Beam Cell","floor":1},{"not_picked":["Tempest","Hologram"],"picked":"Sweeping Beam","floor":2},{"not_picked":["Skim","Steam"],"picked":"Streamline","floor":5},{"not_picked":["Hello World","Steam Power","Static Discharge"],"picked":"SKIP","floor":7},{"not_picked":["Cold Snap","Coolheaded"],"picked":"Sweeping Beam","floor":14},{"not_picked":["Fission","Multi-Cast"],"picked":"Core Surge","floor":16},{"not_picked":["Rip and Tear","Turbo+1"],"picked":"Stack","floor":18},{"not_picked":["Coolheaded+1","Stack"],"picked":"Conserve Battery","floor":19},{"not_picked":["Rebound","Go for the Eyes"],"picked":"Steam+1","floor":20},{"not_picked":["Gash","Compile Driver","Fusion"],"picked":"SKIP","floor":20},{"not_picked":["Turbo","Gash"],"picked":"Undo","floor":24},{"not_picked":["Stack","Redo","Aggregate"],"picked":"SKIP","floor":24},{"not_picked":["Gash","Conserve Battery"],"picked":"Self Repair","floor":27},{"not_picked":["Defragment","Turbo","Coolheaded+1"],"picked":"SKIP","floor":27},{"not_picked":["Leap","Barrage","Turbo+1"],"picked":"SKIP","floor":28},{"not_picked":["Biased Cognition","Reboot"],"picked":"Seek","floor":33},{"not_picked":["Storm","FTL"],"picked":"Sweeping Beam","floor":35},{"not_picked":["Steam Power+1","Compile Driver","Beam Cell"],"picked":"SKIP","floor":35},{"not_picked":["Force Field","Steam"],"picked":"Conserve Battery+1","floor":38},{"not_picked":["Barrage","Turbo+1","Sweeping Beam+1"],"picked":"SKIP","floor":38},{"not_picked":["Beam Cell","Rebound"],"picked":"FTL+1","floor":39},{"not_picked":["Steam Power","Turbo+1","Go for the Eyes"],"picked":"SKIP","floor":39},{"not_picked":["Storm+1","Ball Lightning+1"],"picked":"Hyperbeam","floor":41}],"player_experience":373881,"relics_obtained":[{"floor":9,"key":"Bag of Preparation"},{"floor":19,"key":"Prayer Wheel"},{"floor":19,"key":"Pantograph"},{"floor":26,"key":"Happy Flower"},{"floor":28,"key":"Potion Belt"},{"floor":41,"key":"DataDisk"},{"floor":43,"key":"Juzu Bracelet"}],"event_choices":[{"damage_healed":25,"gold_gain":0,"player_choice":"Banana","damage_taken":0,"max_hp_gain":0,"max_hp_loss":0,"event_name":"Big Fish","floor":3,"gold_loss":0},{"damage_healed":0,"gold_gain":0,"player_choice":"Entered Light","damage_taken":16,"max_hp_gain":0,"max_hp_loss":0,"event_name":"Shining Light","floor":8,"gold_loss":0,"cards_upgraded":["Strike_B","Streamline"]},{"damage_healed":0,"gold_gain":0,"player_choice":"Ignored","damage_taken":0,"max_hp_gain":0,"max_hp_loss":0,"event_name":"Liars Game","floor":10,"gold_loss":0},{"damage_healed":0,"gold_gain":0,"player_choice":"Left Gold","damage_taken":0,"max_hp_gain":0,"max_hp_loss":0,"event_name":"World of Goop","floor":12,"gold_loss":37},{"damage_healed":0,"gold_gain":0,"player_choice":"Fight","damage_taken":0,"max_hp_gain":0,"max_hp_loss":0,"event_name":"Colosseum","floor":19,"gold_loss":0},{"damage_healed":0,"gold_gain":0,"player_choice":"Fought Nobs","damage_taken":0,"max_hp_gain":0,"max_hp_loss":0,"event_name":"Colosseum","floor":19,"gold_loss":0},{"damage_healed":0,"gold_gain":100,"player_choice":"Pray","damage_taken":0,"max_hp_gain":0,"max_hp_loss":0,"event_name":"Golden Shrine","floor":22,"gold_loss":0},{"damage_healed":0,"gold_gain":0,"player_choice":"Shed Blood","damage_taken":22,"max_hp_gain":5,"max_hp_loss":0,"event_name":"Forgotten Altar","floor":31,"gold_loss":0},{"damage_healed":0,"gold_gain":0,"player_choice":"Ignored","damage_taken":0,"max_hp_gain":0,"max_hp_loss":0,"event_name":"SecretPortal","floor":36,"gold_loss":0}],"is_beta":false,"boss_relics":[{"not_picked":["Busted Crown","Black Star"],"picked":"Nuclear Battery"},{"not_picked":["Runic Dome","Snecko Eye"],"picked":"White Beast Statue"}],"items_purged_floors":[4,29,37],"is_endless":false,"potions_floor_spawned":[1,7,16,18,24,33,35,38,39,41],"killed_by":"Nemesis","ascension_level":10}