{"gold_per_floor":[215,225,225,236,74,74,109,109,132,132,158,3,35,49,49,146,146,157,157,81,81,81,81,81],"floor_reached":24,"playtime":1477,"items_purged":[],"score":263,"play_id":"2d3670df-bd5e-4646-a3bf-b723cc5ff32e","local_time":"20190120153246","is_ascension_mode":true,"campfire_choices":[{"data":"Neutralize","floor":6,"key":"SMITH"},{"data":"Dagger Spray","floor":8,"key":"SMITH"},{"data":"Well Laid Plans","floor":10,"key":"SMITH"},{"floor":15,"key":"REST"},{"floor":23,"key":"REST"}],"neow_cost":"NONE","seed_source_timestamp":992356517299438,"circlet_count":0,"master_deck":["Defend_G","Defend_G","Defend_G","Defend_G+1","Defend_G","Strike_G","Strike_G","Strike_G","Survivor+1","Neutralize+1","Dash","Dagger Spray+1","Well Laid Plans+1","A Thousand Cuts","Calculated Gamble","Cloak And Dagger","Backstab","Backflip","Infinite Blades","Noxious Fumes","Glass Knife","Finisher","Terror"],"relics":["Ring of the Snake","Omamori","War Paint","Dream Catcher","Blood Vial","Black Star","Dodecahedron"],"potions_floor_usage":[7,16,16,18,24,24],"damage_taken":[{"damage":0,"enemies":"2 Louse","floor":1,"turns":3},{"damage":1,"enemies":"Cultist","floor":2,"turns":5},{"damage":0,"enemies":"Jaw Worm","floor":4,"turns":4},{"damage":4,"enemies":"3 Sentries","floor":7,"turns":7},{"damage":18,"enemies":"Gremlin Nob","floor":11,"turns":5},{"damage":24,"enemies":"3 Sentries","floor":13,"turns":7},{"damage":0,"enemies":"Exordium Thugs","floor":14,"turns":4},{"damage":12,"enemies":"The Guardian","floor":16,"turns":10},{"damage":35,"enemies":"Shell Parasite","floor":18,"turns":8},{"damage":38,"enemies":"Book of Stabbing","floor":24,"turns":6}],"seed_played":"5303914118315555524","potions_obtained":[{"floor":1,"key":"Strength Potion"},{"floor":2,"key":"Weak Potion"},{"floor":13,"key":"SpeedPotion"},{"floor":18,"key":"Weak Potion"}],"is_trial":false,"path_per_floor":["M","M","?","M","$","R","E","R","T","R","E","$","E","M","R","B",null,"M","?","$","T","?","R","E"],"character_chosen":"THE_SILENT","items_purchased":["A Thousand Cuts","Backstab","LiquidBronze","LiquidBronze"],"campfire_rested":2,"item_purchase_floors":[5,12,12,20],"current_hp_per_floor":[70,69,69,69,69,69,65,65,65,65,47,47,23,25,46,36,62,29,29,29,29,13,34,0],"gold":81,"neow_bonus":"HUNDRED_GOLD","is_prod":false,"is_daily":false,"chose_seed":false,"campfire_upgraded":3,"win_rate":0,"timestamp":1548016366,"path_taken":["M","M","?","M","$","R","E","R","T","R","E","?","E","M","R","BOSS","M","?","$","?","?","R","E"],"build_version":"2019-01-17v2","purchased_purges":0,"victory":false,"max_hp_per_floor":[70,70,70,70,70,70,70,70,70,70,70,70,70,70,70,70,70,70,70,70,70,70,70,70],"card_choices":[{"not_picked":["Riddle With Holes","Distraction"],"picked":"Dash","floor":1},{"not_picked":["Blade Dance","PiercingWail"],"picked":"Dagger Spray","floor":2},{"not_picked":["Caltrops","Slice"],"picked":"Well Laid Plans","floor":4},{"not_picked":["Bouncing Flask","Slice"],"picked":"Calculated Gamble","floor":7},{"not_picked":["Setup","Sucker Punch"],"picked":"Cloak And Dagger","floor":11},{"not_picked":["Underhanded Strike","Blade Dance"],"picked":"Backflip","floor":13},{"not_picked":["Masterful Stab","Dodge and Roll"],"picked":"Infinite Blades","floor":14},{"not_picked":["Underhanded Strike","Poisoned Stab"],"picked":"Noxious Fumes","floor":15},{"not_picked":["Tools of the Trade","Unload"],"picked":"Glass Knife","floor":16},{"not_picked":["Setup","Infinite Blades"],"picked":"Finisher","floor":18},{"not_picked":["Distraction","Poisoned Stab"],"picked":"Terror","floor":23}],"player_experience":134064,"relics_obtained":[{"floor":7,"key":"Omamori"},{"floor":9,"key":"War Paint"},{"floor":11,"key":"Dream Catcher"},{"floor":13,"key":"Blood Vial"},{"floor":21,"key":"Dodecahedron"}],"event_choices":[{"cards_removed":["Strike_G"],"damage_healed":0,"gold_gain":0,"player_choice":"Purged","damage_taken":0,"max_hp_gain":0,"max_hp_loss":0,"event_name":"Purifier","floor":3,"gold_loss":0},{"cards_removed":["Strike_G"],"damage_healed":0,"gold_gain":0,"player_choice":"Purged","damage_taken":0,"max_hp_gain":0,"max_hp_loss":0,"event_name":"Purifier","floor":19,"gold_loss":0},{"damage_healed":0,"gold_gain":0,"player_choice":"Obtained Book","damage_taken":16,"max_hp_gain":0,"max_hp_loss":0,"event_name":"Cursed Tome","floor":22,"gold_loss":0}],"is_beta":false,"boss_relics":[{"not_picked":["Lizard Tail","Astrolabe"],"picked":"Black Star"}],"items_purged_floors":[],"is_endless":false,"potions_floor_spawned":[1,2,13,18],"killed_by":"Book of Stabbing","ascension_level":5}