{"gold_per_floor":[111,111,130,148,148,181,181,215,240,113,131,162,162,162,162,162],"floor_reached":16,"playtime":478,"items_purged":["Strike_B"],"score":148,"play_id":"179a2abf-d43d-49de-9416-2e6993360556","local_time":"20181102171520","is_ascension_mode":true,"campfire_choices":[{"floor":7,"key":"REST"},{"data":"Beam Cell","floor":13,"key":"SMITH"},{"floor":15,"key":"REST"}],"neow_cost":"NONE","seed_source_timestamp":2619494783349,"circlet_count":0,"master_deck":["Strike_B","Defend_B","Defend_B","Defend_B","Zap","Dualcast","Reprogram","Gash","Streamline","Beam Cell+1"],"relics":["Cracked Core","Anchor","Happy Flower","Centennial Puzzle","Omamori"],"potions_floor_usage":[6],"damage_taken":[{"damage":0,"enemies":"2 Louse","floor":1,"turns":2},{"damage":10,"enemies":"Small Slimes","floor":3,"turns":3},{"damage":6,"enemies":"Cultist","floor":4,"turns":3},{"damage":25,"enemies":"3 Sentries","floor":6,"turns":7},{"damage":32,"enemies":"Lagavulin","floor":8,"turns":7},{"damage":0,"enemies":"3 Louse","floor":11,"turns":3},{"damage":10,"enemies":"Gremlin Nob","floor":12,"turns":3},{"damage":40,"enemies":"Hexaghost","floor":16,"turns":8}],"seed_played":"429753493877918795","potions_obtained":[{"floor":3,"key":"Block Potion"},{"floor":4,"key":"Strength Potion"},{"floor":8,"key":"Block Potion"}],"is_trial":false,"path_per_floor":["M","?","M","M","?","E","R","E","T","$","M","E","R","?","R","B"],"character_chosen":"DEFECT","items_purchased":["Beam Cell"],"campfire_rested":2,"item_purchase_floors":[10],"current_hp_per_floor":[75,75,65,59,59,34,56,24,24,24,24,14,14,14,36,0],"gold":162,"neow_bonus":"TRANSFORM_CARD","is_prod":false,"is_daily":false,"chose_seed":false,"campfire_upgraded":1,"win_rate":0,"timestamp":1541189720,"path_taken":["M","?","M","M","?","E","R","E","T","$","?","E","R","?","R","BOSS"],"build_version":"2018-11-01","purchased_purges":1,"victory":false,"max_hp_per_floor":[75,75,75,75,75,75,75,75,75,75,75,75,75,75,75,75],"card_choices":[{"not_picked":["Reprogram","Capacitor"],"picked":"Gash","floor":1},{"not_picked":["Aggregate","Compile Driver"],"picked":"Streamline","floor":3},{"not_picked":["Compile Driver","Go for the Eyes","Redo"],"picked":"SKIP","floor":4},{"not_picked":["Defragment","Sweeping Beam","Leap"],"picked":"SKIP","floor":6},{"not_picked":["Redo","Doom and Gloom","Conserve Battery"],"picked":"SKIP","floor":8},{"not_picked":["Turbo","Sweeping Beam","Compile Driver"],"picked":"SKIP","floor":11},{"not_picked":["Undo","Genetic Algorithm","White Noise"],"picked":"SKIP","floor":12}],"player_experience":257192,"relics_obtained":[{"floor":6,"key":"Anchor"},{"floor":8,"key":"Happy Flower"},{"floor":9,"key":"Centennial Puzzle"},{"floor":12,"key":"Omamori"}],"event_choices":[{"cards_removed":["Defend_B"],"damage_healed":0,"gold_gain":0,"player_choice":"Forget","damage_taken":0,"max_hp_gain":0,"max_hp_loss":0,"event_name":"Living Wall","floor":2,"gold_loss":0},{"cards_removed":["Strike_B"],"damage_healed":0,"gold_gain":0,"player_choice":"Purged","damage_taken":0,"max_hp_gain":0,"max_hp_loss":0,"event_name":"Purifier","floor":5,"gold_loss":0},{"damage_healed":0,"gold_gain":0,"player_choice":"0 cards matched","damage_taken":0,"max_hp_gain":0,"max_hp_loss":0,"event_name":"Match and Keep!","floor":14,"gold_loss":0,"cards_obtained":[]}],"is_beta":false,"boss_relics":[],"items_purged_floors":[10],"is_endless":false,"potions_floor_spawned":[3,4,8],"killed_by":"Hexaghost","ascension_level":5}