{"gold_per_floor":[114,114,129,129,144,174,174,204,279,354,369,369,394,409,409,509,509,524,16,31,46,61,61,76,42,92,107,107,137,152,152,152,252,252,267,267,267,301,95,125,47,77,77,392,407,407,422,422,422,422],"floor_reached":50,"playtime":2482,"items_purged":[],"score":607,"play_id":"b3905eac-a457-4197-abf7-0860909527a9","local_time":"20190112213311","daily_mods":["Allstar","Vintage","Terminal"],"is_ascension_mode":false,"campfire_choices":[{"floor":12,"key":"REST"},{"floor":15,"key":"REST"},{"floor":23,"key":"REST"},{"data":"Dramatic Entrance","floor":28,"key":"SMITH"},{"data":"Jack Of All Trades","floor":32,"key":"SMITH"},{"floor":46,"key":"DIG"},{"floor":49,"key":"DIG"}],"neow_cost":"","seed_source_timestamp":0,"circlet_count":0,"master_deck":["Strike_B","Strike_B","Strike_B+1","Strike_B","Defend_B+1","Defend_B+1","Defend_B","Defend_B","Zap","Dualcast","Enlightenment","Dramatic Entrance+1","Jack Of All Trades+1","Dramatic Entrance+1","The Bomb","Loop","Electrodynamics","Meteor Strike","Buffer","Sunder","Electrodynamics+1","Redo","Loop+1","Barrage","Stack","Lockon","Tempest+1","Self Repair+1","Storm+1"],"special_seed":17909,"relics":["Cracked Core","Bronze Scales","Anchor","Symbiotic Virus","Ornamental Fan","Omamori","Sundial","Matryoshka","War Paint","Vajra","Whetstone","Mango","Nuclear Battery","Dodecahedron","Happy Flower","Toy Ornithopter","Oddly Smooth Stone","Blood Vial","Frozen Egg 2","Ancient Tea Set","Pen Nib","Juzu Bracelet","Calipers","Gremlin Horn","Bottled Lightning","Lizard Tail","Strawberry","Shovel","Lantern","Singing Bowl","Pear","Old Coin","Regal Pillow","Boot","Bottled Tornado","Gambling Chip"],"potions_floor_usage":[8,8,16,29,33,33,40,40,40,42,50],"damage_taken":[{"damage":0,"enemies":"Small Slimes","floor":1,"turns":2},{"damage":0,"enemies":"Cultist","floor":3,"turns":2},{"damage":0,"enemies":"2 Louse","floor":5,"turns":2},{"damage":13,"enemies":"3 Sentries","floor":6,"turns":4},{"damage":14,"enemies":"Lagavulin","floor":8,"turns":6},{"damage":0,"enemies":"Gremlin Gang","floor":11,"turns":2},{"damage":0,"enemies":"2 Fungi Beasts","floor":14,"turns":1},{"damage":14,"enemies":"Slime Boss","floor":16,"turns":6},{"damage":0,"enemies":"2 Thieves","floor":18,"turns":2},{"damage":0,"enemies":"3 Byrds","floor":20,"turns":3},{"damage":7,"enemies":"Snake Plant","floor":21,"turns":3},{"damage":0,"enemies":"Cultist and Chosen","floor":22,"turns":5},{"damage":7,"enemies":"Shelled Parasite and Fungi","floor":24,"turns":5},{"damage":0,"enemies":"Centurion and Healer","floor":27,"turns":4},{"damage":5,"enemies":"Book of Stabbing","floor":29,"turns":4},{"damage":0,"enemies":"Cultist and Chosen","floor":30,"turns":3},{"damage":24,"enemies":"Champ","floor":33,"turns":9},{"damage":9,"enemies":"3 Shapes","floor":35,"turns":3},{"damage":2,"enemies":"2 Orb Walkers","floor":38,"turns":3},{"damage":75,"enemies":"Giant Head","floor":40,"turns":9},{"damage":4,"enemies":"Reptomancer","floor":42,"turns":5},{"damage":0,"enemies":"3 Darklings","floor":44,"turns":3},{"damage":8,"enemies":"4 Shapes","floor":45,"turns":2},{"damage":5,"enemies":"Sphere and 2 Shapes","floor":47,"turns":3},{"damage":60,"enemies":"Awakened One","floor":50,"turns":4}],"seed_played":"-9145318416937267474","potions_obtained":[{"floor":3,"key":"Poison Potion"},{"floor":6,"key":"Strength Potion"},{"floor":14,"key":"Energy Potion"},{"floor":20,"key":"Energy Potion"},{"floor":22,"key":"Fire Potion"},{"floor":24,"key":"Dexterity Potion"},{"floor":33,"key":"EssenceOfSteel"},{"floor":37,"key":"Strength Potion"},{"floor":37,"key":"Block Potion"},{"floor":40,"key":"Block Potion"},{"floor":42,"key":"Energy Potion"}],"is_trial":false,"path_per_floor":["M","?","M","?","M","E","?","E","T","?","M","R","T","M","R","B",null,"M","$","M","M","M","R","M","$","T","M","R","E","M","?","R","B",null,"M","?","?","?","$","E","$","E","T","M","M","R","M","?","R","B"],"character_chosen":"DEFECT","items_purchased":["Happy Flower","Buffer","Toy Ornithopter","BootSequence","Loop+1","Barrage","Stack","Lockon","Self Repair+1"],"campfire_rested":3,"item_purchase_floors":[19,19,19,25,39,39,39,39,41],"current_hp_per_floor":[73,72,71,70,69,56,31,17,17,6,6,24,24,38,60,46,71,70,69,68,61,63,65,58,58,58,60,60,55,57,57,56,42,54,52,52,52,52,52,28,28,41,51,53,47,47,54,54,54,0],"gold":422,"neow_bonus":"","is_prod":false,"is_daily":true,"chose_seed":false,"campfire_upgraded":2,"win_rate":0,"timestamp":1547346791,"path_taken":["M","?","?","?","?","E","?","E","T","?","M","R","?","M","R","BOSS","M","$","M","?","M","R","M","$","T","M","R","E","M","?","R","BOSS","M","?","?","?","$","E","$","E","T","M","M","R","M","?","R","BOSS"],"build_version":"2019-01-10","purchased_purges":0,"victory":false,"max_hp_per_floor":[73,72,71,70,69,68,67,66,65,64,63,62,61,74,73,72,71,70,69,68,67,66,65,64,63,62,61,60,59,58,57,56,55,54,60,59,58,57,56,55,54,53,62,61,60,59,58,57,56,56],"card_choices":[{"not_picked":["Compile Driver","Rebound"],"picked":"Loop","floor":6},{"not_picked":["Turbo","Creative AI"],"picked":"Electrodynamics","floor":8},{"not_picked":["Reboot","Seek"],"picked":"Meteor Strike","floor":16},{"not_picked":["Rip and Tear+1","Melter"],"picked":"Sunder","floor":29},{"not_picked":["Amplify","Reboot"],"picked":"Electrodynamics+1","floor":33},{"not_picked":["Blizzard+1","Sweeping Beam"],"picked":"Redo","floor":38},{"not_picked":["Reinforced Body","Steam+1"],"picked":"Tempest+1","floor":40},{"not_picked":["Undo+1","Leap"],"picked":"Storm+1","floor":42}],"player_experience":290288,"relics_obtained":[{"floor":1,"key":"Bronze Scales"},{"floor":3,"key":"Anchor"},{"floor":5,"key":"Symbiotic Virus"},{"floor":6,"key":"Ornamental Fan"},{"floor":8,"key":"Sundial"},{"floor":9,"key":"Matryoshka"},{"floor":11,"key":"War Paint"},{"floor":13,"key":"Vajra"},{"floor":13,"key":"Whetstone"},{"floor":14,"key":"Mango"},{"floor":18,"key":"Dodecahedron"},{"floor":20,"key":"Oddly Smooth Stone"},{"floor":21,"key":"Blood Vial"},{"floor":22,"key":"Frozen Egg 2"},{"floor":24,"key":"Ancient Tea Set"},{"floor":26,"key":"Pen Nib"},{"floor":26,"key":"Juzu Bracelet"},{"floor":27,"key":"Calipers"},{"floor":29,"key":"Gremlin Horn"},{"floor":30,"key":"Bottled Lightning"},{"floor":35,"key":"Strawberry"},{"floor":38,"key":"Shovel"},{"floor":40,"key":"Lantern"},{"floor":42,"key":"Singing Bowl"},{"floor":43,"key":"Pear"},{"floor":44,"key":"Old Coin"},{"floor":45,"key":"Regal Pillow"},{"floor":46,"key":"Boot"},{"floor":47,"key":"Bottled Tornado"},{"floor":49,"key":"Gambling Chip"}],"event_choices":[{"damage_healed":0,"gold_gain":0,"cards_transformed":["Blind"],"player_choice":"Transformed","damage_taken":0,"max_hp_gain":0,"max_hp_loss":0,"event_name":"Transmorgrifier","floor":2,"gold_loss":0,"cards_obtained":["The Bomb"]},{"damage_healed":0,"gold_gain":0,"player_choice":"Full Heal","damage_taken":0,"max_hp_gain":0,"max_hp_loss":0,"event_name":"Wheel of Change","floor":4,"gold_loss":0},{"damage_healed":0,"gold_gain":0,"player_choice":"Success","damage_taken":25,"relics_obtained":["Omamori"],"max_hp_gain":0,"max_hp_loss":0,"event_name":"Scrap Ooze","floor":7,"gold_loss":0},{"damage_healed":0,"gold_gain":75,"player_choice":"Gather Gold","damage_taken":11,"max_hp_gain":0,"max_hp_loss":0,"event_name":"World of Goop","floor":10,"gold_loss":0},{"damage_healed":0,"gold_gain":0,"player_choice":"Ignored","damage_taken":0,"max_hp_gain":0,"max_hp_loss":0,"event_name":"Ghosts","floor":31,"gold_loss":0},{"damage_healed":0,"gold_gain":0,"player_choice":"Ignored","damage_taken":0,"max_hp_gain":0,"max_hp_loss":0,"event_name":"Tomb of Lord Red Mask","floor":36,"gold_loss":0},{"damage_healed":0,"gold_gain":0,"player_choice":"Got Potions","damage_taken":0,"max_hp_gain":0,"max_hp_loss":0,"event_name":"Lab","floor":37,"gold_loss":0},{"damage_healed":0,"gold_gain":0,"player_choice":"Fight","damage_taken":0,"max_hp_gain":0,"max_hp_loss":0,"event_name":"Mysterious Sphere","floor":38,"gold_loss":0},{"cards_removed":["BootSequence"],"damage_healed":0,"gold_gain":0,"player_choice":"Removed Skill","damage_taken":0,"max_hp_gain":0,"max_hp_loss":0,"event_name":"Falling","floor":48,"gold_loss":0}],"is_beta":false,"boss_relics":[{"not_picked":["Busted Crown","Philosopher\u0027s Stone"],"picked":"Nuclear Battery"},{"not_picked":["Runic Pyramid","Coffee Dripper"],"picked":"Lizard Tail"}],"items_purged_floors":[],"is_endless":false,"potions_floor_spawned":[3,6,14,20,22,24,33,40,42],"killed_by":"Awakened One","ascension_level":0}