{"gold_per_floor":[147,147,167,177,107,107,137,160,210,10,30,30,64,64,64,169,169,183,104,104,114,127,127,162,162],"floor_reached":25,"playtime":1267,"items_purged":[],"score":391,"play_id":"f5eaf93f-3f4c-4fa9-97c6-51dd6e7a7e6f","local_time":"20190327155354","is_ascension_mode":true,"campfire_choices":[{"floor":6,"key":"REST"},{"floor":12,"key":"REST"},{"floor":15,"key":"REST"},{"floor":23,"key":"REST"}],"neow_cost":"NONE","seed_source_timestamp":1204745246499578,"circlet_count":0,"master_deck":["AscendersBane","Defend_G","Defend_G","Defend_G","Defend_G","Defend_G","Strike_G","Strike_G","Strike_G","Strike_G","Strike_G","Survivor","Neutralize+1","Backflip","Dagger Spray","All Out Attack","Acrobatics+1","Infinite Blades","PiercingWail","Crippling Poison","PiercingWail","Backstab","Sucker Punch","Corpse Explosion","Crippling Poison","Quick Slash","PiercingWail","Blade Dance","Backstab","Riddle With Holes","Bouncing Flask","Riddle With Holes+1","Underhanded Strike","Backflip","Caltrops"],"relics":["Ring of the Snake","Tiny Chest","Dream Catcher","Odd Mushroom","Centennial Puzzle","Pen Nib","Pear","Orrery","Happy Flower"],"potions_floor_usage":[8,13,13,24],"damage_taken":[{"damage":4,"enemies":"Small Slimes","floor":1,"turns":4},{"damage":6,"enemies":"Cultist","floor":3,"turns":5},{"damage":0,"enemies":"2 Louse","floor":4,"turns":4},{"damage":37,"enemies":"3 Sentries","floor":7,"turns":7},{"damage":2,"enemies":"The Mushroom Lair","floor":8,"turns":4},{"damage":1,"enemies":"Blue Slaver","floor":11,"turns":4},{"damage":29,"enemies":"Lagavulin","floor":13,"turns":9},{"damage":61,"enemies":"The Guardian","floor":16,"turns":21},{"damage":6,"enemies":"2 Thieves","floor":18,"turns":2},{"damage":0,"enemies":"3 Byrds","floor":21,"turns":2},{"damage":22,"enemies":"Snecko","floor":22,"turns":4},{"damage":66,"enemies":"Book of Stabbing","floor":24,"turns":7},{"damage":19,"enemies":"Chosen and Byrds","floor":25,"turns":4}],"seed_played":"4689047108271495770","potions_obtained":[{"floor":1,"key":"Ancient Potion"},{"floor":3,"key":"GhostInAJar"},{"floor":7,"key":"PowerPotion"},{"floor":11,"key":"Regen Potion"},{"floor":21,"key":"SpeedPotion"}],"is_trial":false,"path_per_floor":["M","?","M","M","$","R","E","?","T","$","M","R","E","?","R","B",null,"M","$","?","M","M","R","E","M"],"character_chosen":"THE_SILENT","items_purchased":["All Out Attack","Pen Nib","PiercingWail","Bouncing Flask"],"campfire_rested":4,"item_purchase_floors":[5,10,10,19],"current_hp_per_floor":[59,59,53,53,53,70,33,31,31,31,30,51,46,46,70,9,62,56,56,80,80,58,80,14,0],"gold":162,"neow_bonus":"RANDOM_COMMON_RELIC","is_prod":false,"is_daily":false,"chose_seed":false,"campfire_upgraded":0,"win_rate":0,"timestamp":1553716434,"path_taken":["M","?","M","M","?","R","E","?","T","$","M","R","E","?","R","BOSS","M","$","?","M","M","R","E","M"],"build_version":"2019-01-23","purchased_purges":0,"victory":false,"max_hp_per_floor":[70,70,70,70,70,70,70,70,70,70,70,70,80,80,80,80,80,80,80,80,80,80,80,80,80],"card_choices":[{"not_picked":["Eviscerate","Flying Knee","Slice"],"picked":"SKIP","floor":1},{"not_picked":["Flying Knee","Acrobatics"],"picked":"Backflip","floor":3},{"not_picked":["A Thousand Cuts","Acrobatics"],"picked":"Dagger Spray","floor":4},{"not_picked":["Setup","Underhanded Strike"],"picked":"Acrobatics","floor":7},{"not_picked":["Outmaneuver","Sucker Punch"],"picked":"Infinite Blades","floor":8},{"not_picked":["A Thousand Cuts","Bane"],"picked":"Crippling Poison","floor":11},{"not_picked":["Dagger Spray","Underhanded Strike"],"picked":"PiercingWail","floor":12},{"not_picked":["Crippling Poison","Backflip"],"picked":"Backstab","floor":13},{"not_picked":["Blade Dance","Heel Hook"],"picked":"Sucker Punch","floor":15},{"not_picked":["Burst","Venomology"],"picked":"Corpse Explosion","floor":16},{"not_picked":["Quick Slash","Terror"],"picked":"Crippling Poison","floor":17},{"not_picked":["Deflect","Calculated Gamble"],"picked":"Quick Slash","floor":17},{"not_picked":["Flechettes","Cloak And Dagger"],"picked":"PiercingWail","floor":17},{"not_picked":["Acrobatics","Flying Knee"],"picked":"Blade Dance","floor":17},{"not_picked":["Flying Knee","Caltrops"],"picked":"Backstab","floor":17},{"not_picked":["Infinite Blades","Poisoned Stab"],"picked":"Riddle With Holes","floor":18},{"not_picked":["Blade Dance","Bane"],"picked":"Riddle With Holes+1","floor":21},{"not_picked":["Sucker Punch","Cloak And Dagger"],"picked":"Underhanded Strike","floor":22},{"not_picked":["Deflect","Outmaneuver"],"picked":"Backflip","floor":23},{"not_picked":["Eviscerate","Prepared"],"picked":"Caltrops","floor":24}],"player_experience":392526,"relics_obtained":[{"floor":7,"key":"Dream Catcher"},{"floor":8,"key":"Odd Mushroom"},{"floor":9,"key":"Centennial Puzzle"},{"floor":13,"key":"Pear"},{"floor":24,"key":"Happy Flower"}],"event_choices":[{"damage_healed":0,"gold_gain":0,"player_choice":"Upgraded","damage_taken":0,"max_hp_gain":0,"max_hp_loss":0,"event_name":"Upgrade Shrine","floor":2,"gold_loss":0,"cards_upgraded":["Neutralize"]},{"damage_healed":0,"gold_gain":0,"player_choice":"Fought Mushrooms","damage_taken":0,"max_hp_gain":0,"max_hp_loss":0,"event_name":"Mushrooms","floor":8,"gold_loss":0},{"damage_healed":0,"gold_gain":0,"player_choice":"Grow","damage_taken":0,"max_hp_gain":0,"max_hp_loss":0,"event_name":"Living Wall","floor":14,"gold_loss":0,"cards_upgraded":["Acrobatics"]},{"damage_healed":26,"gold_gain":0,"player_choice":"Heal","damage_taken":0,"max_hp_gain":0,"max_hp_loss":0,"event_name":"The Library","floor":20,"gold_loss":0}],"is_beta":false,"boss_relics":[{"not_picked":["Runic Pyramid","HoveringKite"],"picked":"Orrery"}],"items_purged_floors":[],"is_endless":false,"potions_floor_spawned":[1,3,7,11,21],"killed_by":"Chosen and Byrds","ascension_level":12}