{"gold_per_floor":[111,286,305,66,78,109,9,9,9,41,41,62,16,32,32,152,152,168,168,188,0,16,51,76,76,101,126,126,146,146,159,159,285,285,304,304,304,31,156,156,171,207,207,207,207,248,248,264,264,264],"floor_reached":50,"playtime":4713,"items_purged":["Doubt","Strike_G"],"score":686,"play_id":"8a5ef1b2-db4a-4578-a617-4168d76dbe43","local_time":"20190616190922","is_ascension_mode":true,"campfire_choices":[{"floor":8.0,"key":"REST"},{"floor":15,"key":"REST"},{"floor":25,"key":"REST"},{"floor":28,"key":"REST"},{"floor":32,"key":"REST"},{"floor":40,"key":"REST"},{"floor":47,"key":"REST"},{"floor":49,"key":"RECALL"}],"neow_cost":"NONE","seed_source_timestamp":0,"circlet_count":0,"master_deck":["Defend_G+1","Defend_G+1","Defend_G+1","Defend_G+1","Defend_G+1","Strike_G+1","Strike_G+1","Strike_G+1","Strike_G+1","Survivor","Neutralize","Finisher","Riddle With Holes","Bane","Footwork","Trip","After Image","Infinite Blades","Caltrops","Injury","Backflip","Dodge and Roll","After Image","Underhanded Strike","Deflect","Poisoned Stab+1","Footwork+1","Predator+1","Cloak And Dagger","Acrobatics","RitualDagger","Bouncing Flask","Burst","Backstab+1","Blade Dance","Escape Plan+1","Reflex+1","Backflip+1","PiercingWail"],"special_seed":0,"relics":["Ring of the Snake","Pantograph","War Paint","Darkstone Periapt","Golden Idol","Busted Crown","Anchor","Omamori","Cursed Key","Shuriken","Gambling Chip","Bag of Preparation","Juzu Bracelet"],"potions_floor_usage":[20,23,23,27,33,42,50],"damage_taken":[{"damage":1.0,"enemies":"2 Louse","floor":1.0,"turns":3.0},{"damage":13.0,"enemies":"Jaw Worm","floor":3.0,"turns":5.0},{"damage":0.0,"enemies":"Cultist","floor":5.0,"turns":2.0},{"damage":14.0,"enemies":"Gremlin Nob","floor":6.0,"turns":3.0},{"damage":16,"enemies":"3 Sentries","floor":10,"turns":10},{"damage":3,"enemies":"Blue Slaver","floor":12,"turns":5},{"damage":12,"enemies":"Looter","floor":14,"turns":4},{"damage":47,"enemies":"Hexaghost","floor":16,"turns":15},{"damage":0,"enemies":"Shell Parasite","floor":18,"turns":7},{"damage":3,"enemies":"Spheric Guardian","floor":20,"turns":6},{"damage":17,"enemies":"Cultist and Chosen","floor":22,"turns":8},{"damage":29,"enemies":"Book of Stabbing","floor":23,"turns":7},{"damage":5,"enemies":"3 Cultists","floor":24,"turns":7},{"damage":6,"enemies":"Snecko","floor":27,"turns":6},{"damage":7,"enemies":"Shelled Parasite and Fungi","floor":29,"turns":7},{"damage":19,"enemies":"Centurion and Healer","floor":31,"turns":7},{"damage":39,"enemies":"Collector","floor":33,"turns":16},{"damage":2,"enemies":"3 Shapes","floor":35,"turns":8},{"damage":36,"enemies":"Mind Bloom Boss Battle","floor":39,"turns":6},{"damage":0,"enemies":"3 Darklings","floor":41,"turns":7},{"damage":26,"enemies":"Reptomancer","floor":42,"turns":7},{"damage":19,"enemies":"Nemesis","floor":46,"turns":7},{"damage":4,"enemies":"Jaw Worm Horde","floor":48,"turns":4},{"damage":64,"enemies":"Time Eater","floor":50,"turns":8}],"seed_played":"671731856479913997","potions_obtained":[{"floor":5.0,"key":"Strength Potion"},{"floor":6.0,"key":"SneckoOil"},{"floor":10,"key":"Poison Potion"},{"floor":16,"key":"PowerPotion"},{"floor":20,"key":"SkillPotion"},{"floor":23,"key":"GhostInAJar"},{"floor":31,"key":"Explosive Potion"},{"floor":35,"key":"Poison Potion"},{"floor":41,"key":"Block Potion"},{"floor":48,"key":"EssenceOfSteel"}],"is_trial":false,"path_per_floor":["M","?","M","$","M","E","$","R","T","E","?","M","$","M","R","B",null,"M","?","M","?","M","E","M","R","T","M","R","M","?","M","R","B",null,"M","$","?","$","?","R","M","E","T","?","?","E","R","M","R","B"],"character_chosen":"THE_SILENT","items_purchased":["Footwork","Trip","Backflip","Shuriken","Blade Dance"],"campfire_rested":7,"item_purchase_floors":[4,4,13,38,38],"current_hp_per_floor":[69,69,56,56,56,42,42,63,63,47,53,50,50,38,60,29,76,76,76,73,73,56,27,22,44,44,38,60,53,47,28,50,36,76,74,74,74,74,40,62,62,36,36,36,36,17,39,35,35,0],"gold":264,"neow_bonus":"THREE_CARDS","is_prod":false,"is_daily":false,"chose_seed":false,"campfire_upgraded":0,"win_rate":0,"timestamp":1560737362,"path_taken":["M","?","M","$","M","E","$","R","T","E","?","M","?","M","R","BOSS","M","?","M","?","M","E","M","R","T","M","R","M","?","?","R","BOSS","M","$","?","$","?","R","M","E","T","?","?","E","R","M","R","BOSS"],"build_version":"2019-01-23","purchased_purges":2,"victory":false,"max_hp_per_floor":[70,70,70,70,70,70,70,70,70,70,76,76,76,76,76,76,76,76,76,76,76,76,76,76,76,76,76,76,76,76,76,76,76,76,76,76,76,76,76,76,76,76,76,76,76,76,76,76,76,76],"card_choices":[{"not_picked":["Outmaneuver","Bane"],"picked":"Finisher","floor":0.0},{"not_picked":["Blade Dance","Acrobatics"],"picked":"Riddle With Holes","floor":1.0},{"not_picked":["Tactician","Outmaneuver"],"picked":"Bane","floor":3.0},{"not_picked":["Choke","Infinite Blades"],"picked":"After Image","floor":5.0},{"not_picked":["Slice","Phantasmal Killer"],"picked":"Infinite Blades","floor":6.0},{"not_picked":["Quick Slash","Blade Dance"],"picked":"Caltrops","floor":10},{"not_picked":["Endless Agony","Flechettes","Concentrate"],"picked":"SKIP","floor":12},{"not_picked":["Quick Slash","Deflect"],"picked":"Dodge and Roll","floor":14},{"not_picked":["Glass Knife","Burst"],"picked":"After Image","floor":16},{"not_picked":[],"picked":"Underhanded Strike","floor":18},{"not_picked":[],"picked":"Deflect","floor":20},{"not_picked":[],"picked":"Poisoned Stab+1","floor":22},{"not_picked":[],"picked":"Footwork+1","floor":23},{"not_picked":[],"picked":"Predator+1","floor":24},{"not_picked":[],"picked":"Cloak And Dagger","floor":27},{"not_picked":[],"picked":"Acrobatics","floor":29},{"not_picked":[],"picked":"Bouncing Flask","floor":31},{"not_picked":[],"picked":"Burst","floor":33},{"not_picked":[],"picked":"Backstab+1","floor":35},{"not_picked":[],"picked":"Escape Plan+1","floor":41},{"not_picked":[],"picked":"Reflex+1","floor":42},{"not_picked":[],"picked":"Backflip+1","floor":46},{"not_picked":[],"picked":"PiercingWail","floor":48}],"player_experience":270287,"relics_obtained":[{"floor":6.0,"key":"Pantograph"},{"floor":9.0,"key":"War Paint"},{"floor":10,"key":"Darkstone Periapt"},{"floor":23,"key":"Anchor"},{"floor":26,"key":"Omamori"},{"floor":39,"key":"Gambling Chip"},{"floor":42,"key":"Bag of Preparation"},{"floor":46,"key":"Juzu Bracelet"}],"event_choices":[{"damage_healed":0.0,"max_hp_gain":0.0,"max_hp_loss":0.0,"gold_gain":175.0,"event_name":"Liars Game","player_choice":"AGREE","floor":2.0,"gold_loss":0.0,"damage_taken":0.0,"cards_obtained":["Doubt"]},{"damage_healed":0,"gold_gain":0,"player_choice":"Take Wound","damage_taken":0,"relics_obtained":["Golden Idol"],"max_hp_gain":0,"max_hp_loss":0,"event_name":"Golden Idol","floor":11,"gold_loss":0,"cards_obtained":["Injury"]},{"damage_healed":0,"gold_gain":0,"player_choice":"Simplicity","damage_taken":0,"max_hp_gain":0,"max_hp_loss":0,"event_name":"Back to Basics","floor":19,"gold_loss":0,"cards_upgraded":["Defend_G","Defend_G","Defend_G","Strike_G","Strike_G","Strike_G","Strike_G"]},{"damage_healed":0,"gold_gain":0,"player_choice":"Paid Fearfully","damage_taken":0,"max_hp_gain":0,"max_hp_loss":0,"event_name":"Masked Bandits","floor":21,"gold_loss":188},{"damage_healed":0,"gold_gain":0,"player_choice":"Joined the Cult","damage_taken":6,"max_hp_gain":0,"max_hp_loss":0,"event_name":"Nest","floor":30,"gold_loss":0,"cards_obtained":["RitualDagger"]},{"damage_healed":0,"gold_gain":0,"player_choice":"Ignored","damage_taken":0,"max_hp_gain":0,"max_hp_loss":0,"event_name":"Tomb of Lord Red Mask","floor":37,"gold_loss":0},{"damage_healed":0,"gold_gain":0,"player_choice":"Fight","damage_taken":0,"max_hp_gain":0,"max_hp_loss":0,"event_name":"MindBloom","floor":39,"gold_loss":0},{"damage_healed":0,"gold_gain":0,"player_choice":"Memory 1","damage_taken":0,"max_hp_gain":0,"max_hp_loss":0,"event_name":"SensoryStone","floor":44,"gold_loss":0},{"damage_healed":0,"gold_gain":0,"player_choice":"Ignored","damage_taken":0,"max_hp_gain":0,"max_hp_loss":0,"event_name":"Mysterious Sphere","floor":45,"gold_loss":0}],"is_beta":false,"boss_relics":[{"not_picked":["Coffee Dripper","WristBlade"],"picked":"Busted Crown"},{"not_picked":["Philosopher\u0027s Stone","Sozu"],"picked":"Cursed Key"}],"items_purged_floors":[4,7],"is_endless":false,"potions_floor_spawned":[5,6,10,16,20,22,23,31,35,41,48],"killed_by":"Time Eater","ascension_level":4}