{"gold_per_floor":[111,386,151,196,215,240,259,36,86,1,26,39,53,84,84,182,182,200,200,271,288,288,288,57,82,137,137,162,176,189,199,199,199],"floor_reached":33,"playtime":2096,"items_purged":["Regret"],"score":426,"play_id":"9123cb61-20be-4f29-82fa-e813ec7e1725","local_time":"20190624000016","is_ascension_mode":true,"campfire_choices":[{"floor":15,"key":"REST"},{"data":"Infernal Blade","floor":23,"key":"SMITH"},{"floor":32,"key":"REST"}],"neow_cost":"NONE","seed_source_timestamp":86010277188500,"circlet_count":0,"master_deck":["Strike_R","Strike_R","Strike_R","Strike_R","Strike_R","Defend_R","Defend_R","Defend_R","Defend_R","Bash","Carnage","Iron Wave","Infernal Blade+1","Uppercut","Carnage","Battle Trance","Flame Barrier","Cleave","Pommel Strike","True Grit","Immolate","Sever Soul+1","RitualDagger","Twin Strike","Flame Barrier+1","Shockwave+1","Battle Trance+1","Dual Wield+1","Shrug It Off+1"],"relics":["Burning Blood","NeowsBlessing","Tiny Chest","Smiling Mask","Gambling Chip","Potion Belt","WingedGreaves","Gremlin Horn","Bronze Scales","Black Star","Toxic Egg 2","PreservedInsect","Centennial Puzzle","Anchor","Oddly Smooth Stone","Meat on the Bone","StoneCalendar","Dodecahedron"],"potions_floor_usage":[14,16,16,16,16,18,29,33,33],"damage_taken":[{"damage":0,"enemies":"2 Louse","floor":1,"turns":1},{"damage":0,"enemies":"Cultist","floor":5,"turns":1},{"damage":0,"enemies":"Gremlin Nob","floor":6,"turns":1},{"damage":0,"enemies":"Small Slimes","floor":7,"turns":2},{"damage":62,"enemies":"Lagavulin","floor":11,"turns":8},{"damage":0,"enemies":"Gremlin Gang","floor":12,"turns":3},{"damage":0,"enemies":"2 Fungi Beasts","floor":13,"turns":2},{"damage":0,"enemies":"Gremlin Nob","floor":14,"turns":2},{"damage":55,"enemies":"Hexaghost","floor":16,"turns":11},{"damage":10,"enemies":"3 Byrds","floor":18,"turns":3},{"damage":24,"enemies":"Spheric Guardian","floor":21,"turns":4},{"damage":14,"enemies":"Gremlin Leader","floor":25,"turns":3},{"damage":25,"enemies":"Slavers","floor":28,"turns":2},{"damage":34,"enemies":"Centurion and Healer","floor":29,"turns":7},{"damage":18,"enemies":"Snake Plant","floor":30,"turns":3},{"damage":21,"enemies":"Cultist and Chosen","floor":31,"turns":6},{"damage":57,"enemies":"Collector","floor":33,"turns":10}],"seed_played":"7405293114365652560","potions_obtained":[{"floor":1,"key":"Block Potion"},{"floor":7,"key":"GamblersBrew"},{"floor":12,"key":"SkillPotion"},{"floor":13,"key":"Dexterity Potion"},{"floor":14,"key":"Strength Potion"},{"floor":16,"key":"Ancient Potion"},{"floor":18,"key":"PowerPotion"},{"floor":28,"key":"FearPotion"},{"floor":30,"key":"Block Potion"}],"is_trial":false,"path_per_floor":["M","?","$","T","M","E","M","$","T","?","E","M","M","E","R","B",null,"M","?","T","M","?","R","$","E","T","T","E","M","M","M","R","B"],"character_chosen":"IRONCLAD","items_purchased":["Tiny Chest","Iron Wave","Uppercut","Carnage","Battle Trance","SteroidPotion","PreservedInsect","Flame Barrier+1"],"campfire_rested":2,"item_purchase_floors":[3,3,8,8,8,8,24,24],"current_hp_per_floor":[80,80,80,80,80,80,80,80,80,80,24,30,36,42,66,17,80,76,70,70,52,78,78,78,70,70,70,51,35,35,32,56,0],"gold":199,"neow_bonus":"THREE_ENEMY_KILL","is_prod":false,"is_daily":false,"chose_seed":false,"campfire_upgraded":1,"win_rate":0,"timestamp":1561298416,"path_taken":["M","?","$","?","M","E","M","$","T","?","E","?","M","E","R","BOSS","M","?","?","?","?","R","?","E","T","?","E","M","?","M","R","BOSS"],"build_version":"2019-01-23","purchased_purges":1,"victory":false,"max_hp_per_floor":[80,80,80,80,80,80,80,80,80,80,80,80,80,80,80,80,80,80,80,80,80,80,80,80,80,80,80,80,80,80,80,80,80],"card_choices":[{"not_picked":["Intimidate","Clash"],"picked":"Carnage","floor":1},{"not_picked":["Wild Strike","True Grit"],"picked":"Infernal Blade","floor":5},{"not_picked":["Havoc","Offering","Rupture"],"picked":"SKIP","floor":6},{"not_picked":["Havoc","Offering","Rupture"],"picked":"SKIP","floor":6},{"not_picked":["Pummel","Body Slam","True Grit"],"picked":"SKIP","floor":7},{"not_picked":["Wild Strike","Bloodletting"],"picked":"Flame Barrier","floor":11},{"not_picked":["Sever Soul","Entrench"],"picked":"Cleave","floor":12},{"not_picked":["Havoc","Headbutt"],"picked":"Pommel Strike","floor":13},{"not_picked":["Clash","Body Slam"],"picked":"True Grit","floor":14},{"not_picked":["Dark Embrace","Exhume"],"picked":"Immolate","floor":16},{"not_picked":["Rage","Wild Strike"],"picked":"Sever Soul+1","floor":18},{"not_picked":["Clash+1","Pommel Strike"],"picked":"Twin Strike","floor":21},{"not_picked":["Evolve","Pummel"],"picked":"Shockwave+1","floor":25},{"not_picked":["Twin Strike","Sword Boomerang"],"picked":"Battle Trance+1","floor":28},{"not_picked":["Cleave","Offering+1","Body Slam"],"picked":"SKIP","floor":29},{"not_picked":["Sword Boomerang","Cleave"],"picked":"Dual Wield+1","floor":30},{"not_picked":["Warcry+1","Combust"],"picked":"Shrug It Off+1","floor":31}],"player_experience":145552,"relics_obtained":[{"floor":4,"key":"Smiling Mask"},{"floor":6,"key":"Gambling Chip"},{"floor":9,"key":"Potion Belt"},{"floor":11,"key":"Gremlin Horn"},{"floor":14,"key":"Bronze Scales"},{"floor":20,"key":"Toxic Egg 2"},{"floor":25,"key":"Centennial Puzzle"},{"floor":25,"key":"Anchor"},{"floor":26,"key":"Oddly Smooth Stone"},{"floor":27,"key":"Meat on the Bone"},{"floor":28,"key":"StoneCalendar"},{"floor":28,"key":"Dodecahedron"}],"event_choices":[{"damage_healed":0,"gold_gain":275,"player_choice":"Desecrate","damage_taken":0,"max_hp_gain":0,"max_hp_loss":0,"event_name":"Golden Shrine","floor":2,"gold_loss":0,"cards_obtained":["Regret"]},{"damage_healed":0,"gold_gain":0,"player_choice":"Paid Gold","damage_taken":0,"relics_obtained":["WingedGreaves"],"max_hp_gain":0,"max_hp_loss":0,"event_name":"WeMeetAgain","floor":10,"gold_loss":85},{"damage_healed":0,"gold_gain":0,"player_choice":"Joined the Cult","damage_taken":6,"max_hp_gain":0,"max_hp_loss":0,"event_name":"Nest","floor":19,"gold_loss":0,"cards_obtained":["RitualDagger"]},{"damage_healed":26,"gold_gain":0,"player_choice":"Heal","damage_taken":0,"max_hp_gain":0,"max_hp_loss":0,"event_name":"The Library","floor":22,"gold_loss":0}],"is_beta":false,"boss_relics":[{"not_picked":["White Beast Statue","Philosopher\u0027s Stone"],"picked":"Black Star"}],"items_purged_floors":[3],"is_endless":false,"potions_floor_spawned":[1,7,12,13,14,16,18,28,30],"killed_by":"Collector","ascension_level":4}