{"gold_per_floor":[114,129,144,159,174,174,189,204,204,204,54,96,123,135,147,259,271,298,310,322,34,34],"floor_reached":22,"playtime":769,"items_purged":[],"score":238,"play_id":"5eea96a7-ad46-466f-bb28-1e78670ffa13","local_time":"20181207174038","daily_mods":["Allstar","ControlledChaos","Lethality"],"is_ascension_mode":false,"campfire_choices":[{"data":"Mayhem","floor":6,"key":"SMITH"},{"floor":10,"key":"REST"},{"floor":15,"key":"REST"}],"neow_cost":"","seed_source_timestamp":0,"circlet_count":0,"master_deck":["Strike_B","Strike_B","Strike_B","Strike_B","Defend_B","Defend_B","Defend_B","Defend_B","Zap","Dualcast","Violence","Impatience","Mayhem+1","Panacea","Enlightenment","Gash","Sweeping Beam","White Noise","Double Energy","Skim","Self Repair+1","Turbo","Steam Power","Chill","Core Surge","Gash"],"special_seed":17872,"relics":["Cracked Core","Frozen Eye","Pear","MawBank","Mummified Hand","Sozu","Prayer Wheel"],"potions_floor_usage":[12,18,19],"damage_taken":[{"damage":3,"enemies":"Small Slimes","floor":1,"turns":2},{"damage":4,"enemies":"Cultist","floor":2,"turns":3},{"damage":5,"enemies":"2 Louse","floor":3,"turns":2},{"damage":7,"enemies":"2 Fungi Beasts","floor":4,"turns":3},{"damage":14,"enemies":"Exordium Wildlife","floor":5,"turns":2},{"damage":14,"enemies":"Large Slime","floor":7,"turns":3},{"damage":22,"enemies":"2 Fungi Beasts","floor":8,"turns":3},{"damage":36,"enemies":"3 Sentries","floor":12,"turns":6},{"damage":12,"enemies":"Exordium Wildlife","floor":13,"turns":3},{"damage":0,"enemies":"Slime Boss","floor":16,"turns":5},{"damage":47,"enemies":"3 Byrds","floor":18,"turns":4},{"damage":42,"enemies":"Colosseum Slavers","floor":19,"turns":4},{"damage":8,"enemies":"Shell Parasite","floor":22,"turns":1}],"seed_played":"-1452955457845597649","potions_obtained":[{"floor":3,"key":"Explosive Potion"},{"floor":7,"key":"FearPotion"},{"floor":13,"key":"Regen Potion"},{"floor":16,"key":"Poison Potion"}],"is_trial":false,"path_per_floor":["M","M","M","M","M","R","M","M","T","R","$","E","M","?","R","B",null,"M","?","?","$","M"],"character_chosen":"DEFECT","items_purchased":["MawBank","Prayer Wheel"],"campfire_rested":2,"item_purchase_floors":[11,21],"current_hp_per_floor":[72,68,63,56,42,42,28,13,23,48,48,19,14,14,39,49,85,38,8,8,8,0],"gold":34,"neow_bonus":"","is_prod":false,"is_daily":true,"chose_seed":false,"campfire_upgraded":1,"win_rate":0,"timestamp":1544222438,"path_taken":["M","M","M","M","M","R","M","M","T","R","$","E","M","?","R","BOSS","M","?","?","$","M"],"build_version":"2018-12-06","purchased_purges":0,"victory":false,"max_hp_per_floor":[75,75,75,75,75,75,75,75,85,85,85,85,85,85,85,85,85,85,85,85,85,85],"card_choices":[{"not_picked":["Cold Snap","Redo"],"picked":"Gash","floor":1},{"not_picked":["Compile Driver","Force Field"],"picked":"Sweeping Beam","floor":2},{"not_picked":["Meteor Strike","Stack"],"picked":"White Noise","floor":3},{"not_picked":["Hologram","Go for the Eyes"],"picked":"Double Energy","floor":4},{"not_picked":["Cold Snap","Reinforced Body"],"picked":"Skim","floor":5},{"not_picked":["Ball Lightning","Streamline"],"picked":"Self Repair","floor":7},{"not_picked":["Reprogram","Tempest"],"picked":"Turbo","floor":8},{"not_picked":["Rebound","Coolheaded"],"picked":"Steam Power","floor":12},{"not_picked":["Rebound","Reinforced Body"],"picked":"Chill","floor":13},{"not_picked":["Machine Learning","Echo Form"],"picked":"Core Surge","floor":16},{"not_picked":["Hologram","Leap+1"],"picked":"Gash","floor":18}],"player_experience":256189,"relics_obtained":[{"floor":9,"key":"Pear"},{"floor":12,"key":"Mummified Hand"}],"event_choices":[{"damage_healed":0,"gold_gain":0,"player_choice":"Upgraded","damage_taken":0,"max_hp_gain":0,"max_hp_loss":0,"event_name":"Upgrade Shrine","floor":14,"gold_loss":0,"cards_upgraded":["Self Repair"]},{"damage_healed":0,"gold_gain":0,"player_choice":"Fight","damage_taken":0,"max_hp_gain":0,"max_hp_loss":0,"event_name":"Colosseum","floor":19,"gold_loss":0},{"damage_healed":0,"gold_gain":0,"player_choice":"Fled From Nobs","damage_taken":0,"max_hp_gain":0,"max_hp_loss":0,"event_name":"Colosseum","floor":19,"gold_loss":0},{"damage_healed":0,"gold_gain":0,"player_choice":"Ignored","damage_taken":0,"max_hp_gain":0,"max_hp_loss":0,"event_name":"Ghosts","floor":20,"gold_loss":0}],"is_beta":false,"boss_relics":[{"not_picked":["Coffee Dripper","Black Star"],"picked":"Sozu"}],"items_purged_floors":[],"is_endless":false,"potions_floor_spawned":[3,7,13,16,19],"killed_by":"Shell Parasite","ascension_level":0}