{"gold_per_floor":[115,134,134,134,99,132,132,163,163,163,181,200,220,66,66,186,186,210,234,234,23,23],"floor_reached":22,"playtime":867,"items_purged":[],"score":233,"play_id":"b8f0bfca-fb62-4139-ab3d-eaf3b3eec7fc","local_time":"20190108202211","is_ascension_mode":true,"campfire_choices":[{"floor":10,"key":"REST"},{"floor":15,"key":"REST"}],"neow_cost":"NONE","seed_source_timestamp":288344447352482,"circlet_count":0,"master_deck":["Strike_B","Strike_B","Strike_B","Strike_B","Defend_B","Defend_B","Defend_B","Defend_B","Zap","Dualcast","Madness","Streamline","Coolheaded","Rebound","Electrodynamics","Doom and Gloom","Stack","Go for the Eyes","Creative AI","Hologram","Gash+1","Conserve Battery","Metamorphosis","Undo"],"relics":["Cracked Core","Golden Idol","Question Card","DataDisk","Symbiotic Virus","Kunai","Regal Pillow","Lizard Tail"],"potions_floor_usage":[6,16,16,22,22],"damage_taken":[{"damage":6,"enemies":"Jaw Worm","floor":1,"turns":4},{"damage":6,"enemies":"2 Louse","floor":2,"turns":3},{"damage":41,"enemies":"Gremlin Nob","floor":6,"turns":4},{"damage":11,"enemies":"Lagavulin","floor":8,"turns":7},{"damage":0,"enemies":"Small Slimes","floor":11,"turns":2},{"damage":1,"enemies":"2 Fungi Beasts","floor":12,"turns":2},{"damage":19,"enemies":"Exordium Wildlife","floor":13,"turns":4},{"damage":11,"enemies":"Slime Boss","floor":16,"turns":7},{"damage":26,"enemies":"Shell Parasite","floor":18,"turns":6},{"damage":0,"enemies":"Spheric Guardian","floor":19,"turns":3},{"damage":36,"enemies":"Colosseum Slavers","floor":22,"turns":5},{"damage":65,"enemies":"Colosseum Nobs","floor":22,"turns":4}],"seed_played":"5073018926706479595","potions_obtained":[{"floor":1,"key":"FocusPotion"},{"floor":11,"key":"Strength Potion"},{"floor":12,"key":"Block Potion"},{"floor":16,"key":"SteroidPotion"},{"floor":18,"key":"Ancient Potion"}],"is_trial":false,"path_per_floor":["M","M","?","?","?","E","?","E","T","R","M","M","M","$","R","B",null,"M","M","?","$","?"],"character_chosen":"DEFECT","items_purchased":["Regal Pillow","Metamorphosis","Undo"],"campfire_rested":2,"item_purchase_floors":[14,21,21],"current_hp_per_floor":[69,63,63,63,75,34,22,11,11,33,33,32,13,13,50,39,75,49,49,49,49,0],"gold":23,"neow_bonus":"RANDOM_COLORLESS","is_prod":false,"is_daily":false,"chose_seed":false,"campfire_upgraded":0,"win_rate":0,"timestamp":1546996931,"path_taken":["M","M","?","?","?","E","?","E","T","R","M","M","M","$","R","BOSS","M","M","?","$","?"],"build_version":"2019-01-03v4","purchased_purges":0,"victory":false,"max_hp_per_floor":[75,75,75,75,75,75,75,75,75,75,75,75,75,75,75,75,75,75,75,75,75,75],"card_choices":[{"not_picked":["Barrage","Cold Snap"],"picked":"Streamline","floor":1},{"not_picked":["Barrage","Consume"],"picked":"Coolheaded","floor":2},{"not_picked":["Coolheaded","Skim"],"picked":"Rebound","floor":6},{"not_picked":["Turbo","Storm","Lockon"],"picked":"Electrodynamics","floor":8},{"not_picked":["Cold Snap","Undo","Rebound"],"picked":"Doom and Gloom","floor":11},{"not_picked":["Cold Snap","Compile Driver","Chill"],"picked":"Stack","floor":12},{"not_picked":["Beam Cell","Undo","Compile Driver"],"picked":"Go for the Eyes","floor":13},{"not_picked":["Seek","Meteor Strike","Multi-Cast"],"picked":"Creative AI","floor":16},{"not_picked":["Turbo","Steam Power","Beam Cell"],"picked":"Hologram","floor":18},{"not_picked":["Conserve Battery","Coolheaded","Scrape+1"],"picked":"Gash+1","floor":19}],"player_experience":281399,"relics_obtained":[{"floor":6,"key":"Question Card"},{"floor":8,"key":"Symbiotic Virus"},{"floor":9,"key":"Kunai"}],"event_choices":[{"damage_healed":0,"gold_gain":0,"player_choice":"Take Wound","damage_taken":0,"relics_obtained":["Golden Idol"],"max_hp_gain":0,"max_hp_loss":0,"event_name":"Golden Idol","floor":3,"gold_loss":0,"cards_obtained":["Injury"]},{"cards_removed":["Injury"],"damage_healed":0,"gold_gain":0,"player_choice":"Forget","damage_taken":0,"max_hp_gain":0,"max_hp_loss":0,"event_name":"Living Wall","floor":4,"gold_loss":0},{"damage_healed":18,"gold_gain":0,"player_choice":"Healed","damage_taken":0,"max_hp_gain":0,"max_hp_loss":0,"event_name":"The Cleric","floor":5,"gold_loss":35},{"damage_healed":0,"gold_gain":0,"player_choice":"Success","damage_taken":12,"relics_obtained":["DataDisk"],"max_hp_gain":0,"max_hp_loss":0,"event_name":"Scrap Ooze","floor":7,"gold_loss":0},{"damage_healed":0,"gold_gain":0,"player_choice":"Read","damage_taken":0,"max_hp_gain":0,"max_hp_loss":0,"event_name":"The Library","floor":20,"gold_loss":0,"cards_obtained":["Conserve Battery"]},{"damage_healed":0,"gold_gain":0,"player_choice":"Fight","damage_taken":0,"max_hp_gain":0,"max_hp_loss":0,"event_name":"Colosseum","floor":22,"gold_loss":0},{"damage_healed":0,"gold_gain":0,"player_choice":"Fought Nobs","damage_taken":0,"max_hp_gain":0,"max_hp_loss":0,"event_name":"Colosseum","floor":22,"gold_loss":0}],"is_beta":false,"boss_relics":[{"not_picked":["Pandora\u0027s Box","Coffee Dripper"],"picked":"Lizard Tail"}],"items_purged_floors":[],"is_endless":false,"potions_floor_spawned":[1,11,12,16,18,22],"killed_by":"Colosseum Nobs","ascension_level":4}