{"gold_per_floor":[119,44,44,59,76,76,96,122,192,207,207,238,256,272,272,272],"floor_reached":16,"playtime":717,"items_purged":["Strike_G"],"score":205,"play_id":"12b9d3d9-4237-46dc-b5bc-2650534adb9e","local_time":"20190618091712","is_ascension_mode":true,"campfire_choices":[{"data":"Dagger Spray","floor":6,"key":"SMITH"},{"data":"Tactician","floor":11,"key":"SMITH"},{"floor":15,"key":"REST"}],"neow_cost":"NONE","seed_source_timestamp":487614581039671,"circlet_count":0,"master_deck":["AscendersBane","Defend_G","Defend_G","Defend_G","Defend_G","Strike_G+1","Strike_G","Strike_G","Strike_G+1","Survivor","Neutralize+1","Tactician+1","Dagger Spray","Dagger Spray+1","Backflip","Reflex","Noxious Fumes","Dagger Throw","Backflip"],"relics":["Ring of the Snake","Thread and Needle","The Courier","Whetstone"],"potions_floor_usage":[10,12,16],"damage_taken":[{"damage":0,"enemies":"Jaw Worm","floor":1,"turns":4},{"damage":0,"enemies":"Cultist","floor":4,"turns":6},{"damage":5,"enemies":"2 Louse","floor":5,"turns":3},{"damage":3,"enemies":"Looter","floor":7,"turns":3},{"damage":9,"enemies":"3 Sentries","floor":8,"turns":6},{"damage":0,"enemies":"Red Slaver","floor":10,"turns":3},{"damage":25,"enemies":"Gremlin Nob","floor":12,"turns":5},{"damage":0,"enemies":"Blue Slaver","floor":13,"turns":4},{"damage":0,"enemies":"2 Fungi Beasts","floor":14,"turns":2},{"damage":36,"enemies":"Hexaghost","floor":16,"turns":11}],"seed_played":"3719622034315296075","potions_obtained":[{"floor":1,"key":"Energy Potion"},{"floor":8,"key":"Swift Potion"},{"floor":12,"key":"AttackPotion"}],"is_trial":false,"path_per_floor":["M","$","?","M","M","R","M","E","T","M","R","E","M","M","R","B"],"character_chosen":"THE_SILENT","items_purchased":[],"campfire_rested":1,"item_purchase_floors":[],"current_hp_per_floor":[59,59,59,59,54,54,51,42,42,42,42,17,17,17,36,0],"gold":272,"neow_bonus":"UPGRADE_CARD","is_prod":false,"is_daily":false,"chose_seed":false,"campfire_upgraded":2,"win_rate":0,"timestamp":1560820632,"path_taken":["M","$","?","?","M","R","M","E","T","M","R","E","?","M","R","BOSS"],"build_version":"2019-01-23","purchased_purges":1,"victory":false,"max_hp_per_floor":[66,66,66,66,66,66,66,66,66,66,66,66,66,66,66,66],"card_choices":[{"not_picked":["Terror","Blade Dance"],"picked":"Tactician","floor":1},{"not_picked":["Outmaneuver","Bane"],"picked":"Dagger Spray","floor":4},{"not_picked":["Poisoned Stab","Bane"],"picked":"Dagger Spray","floor":5},{"not_picked":["All Out Attack","Flying Knee"],"picked":"Backflip","floor":7},{"not_picked":["Slice","Wraith Form v2","Accuracy"],"picked":"SKIP","floor":8},{"not_picked":["Bane","Outmaneuver"],"picked":"Reflex","floor":10},{"not_picked":["Dagger Spray","Deflect"],"picked":"Noxious Fumes","floor":12},{"not_picked":["Slice","Dodge and Roll"],"picked":"Dagger Throw","floor":13},{"not_picked":["Dash","Expertise"],"picked":"Backflip","floor":14}],"player_experience":909089,"relics_obtained":[{"floor":8,"key":"Thread and Needle"},{"floor":9,"key":"The Courier"},{"floor":12,"key":"Whetstone"}],"event_choices":[{"cards_removed":["Defend_G"],"damage_healed":0,"gold_gain":0,"player_choice":"Offered Basic","damage_taken":0,"max_hp_gain":0,"max_hp_loss":0,"event_name":"Bonfire Elementals","floor":3,"gold_loss":0}],"is_beta":false,"boss_relics":[],"items_purged_floors":[2],"is_endless":false,"potions_floor_spawned":[1,8,12],"killed_by":"Hexaghost","ascension_level":16}