{"gold_per_floor":[119,119,194,194,205,205,237,237,237,272,288,313,325,325,325,325],"floor_reached":16,"playtime":612,"items_purged":[],"score":257,"play_id":"62285628-6fd5-4253-9b23-8dc5c9290c09","local_time":"20190617093413","is_ascension_mode":true,"campfire_choices":[{"data":"Dagger Spray","floor":6,"key":"SMITH"},{"data":"Neutralize","floor":8,"key":"SMITH"},{"floor":15,"key":"REST"}],"neow_cost":"NONE","seed_source_timestamp":402341753206148,"circlet_count":0,"master_deck":["AscendersBane","Defend_G","Defend_G","Defend_G","Defend_G","Defend_G","Strike_G","Strike_G","Strike_G","Strike_G","Strike_G","Survivor","Neutralize+1","Dagger Spray+1","Dagger Throw","PiercingWail","Cloak And Dagger","Cloak And Dagger","Caltrops+1","Blur"],"relics":["Ring of the Snake","NeowsBlessing","Letter Opener","Gambling Chip","Singing Bowl","Frozen Egg 2","Pear","Golden Idol"],"potions_floor_usage":[12,16,16],"damage_taken":[{"damage":0,"enemies":"Cultist","floor":1,"turns":1},{"damage":0,"enemies":"Jaw Worm","floor":5,"turns":1},{"damage":0,"enemies":"Gremlin Nob","floor":7,"turns":1},{"damage":12,"enemies":"3 Sentries","floor":10,"turns":5},{"damage":0,"enemies":"2 Louse","floor":11,"turns":1},{"damage":13,"enemies":"Gremlin Nob","floor":12,"turns":5},{"damage":5,"enemies":"Exordium Thugs","floor":13,"turns":4},{"damage":53,"enemies":"Slime Boss","floor":16,"turns":8}],"seed_played":"-1241365155420029362","potions_obtained":[{"floor":1,"key":"SteroidPotion"},{"floor":12,"key":"Fire Potion"},{"floor":13,"key":"EssenceOfSteel"}],"is_trial":false,"path_per_floor":["M","?","?","?","M","R","E","R","T","E","M","E","M","?","R","B"],"character_chosen":"THE_SILENT","items_purchased":[],"campfire_rested":1,"item_purchase_floors":[],"current_hp_per_floor":[59,64,53,42,42,42,42,42,42,30,30,27,22,22,43,0],"gold":325,"neow_bonus":"THREE_ENEMY_KILL","is_prod":false,"is_daily":false,"chose_seed":false,"campfire_upgraded":2,"win_rate":0,"timestamp":1560735253,"path_taken":["M","?","?","?","?","R","E","R","T","E","M","E","M","?","R","BOSS"],"build_version":"2019-01-23","purchased_purges":0,"victory":false,"max_hp_per_floor":[66,71,71,71,71,71,71,71,71,71,71,81,81,73,73,73],"card_choices":[{"not_picked":["Deflect","Dagger Throw"],"picked":"Dagger Spray","floor":1},{"not_picked":["Acrobatics","Concentrate"],"picked":"Dagger Throw","floor":5},{"not_picked":["Bane","Prepared"],"picked":"PiercingWail","floor":7},{"not_picked":["Slice","Caltrops"],"picked":"Cloak And Dagger","floor":10},{"not_picked":["Deadly Poison","Crippling Poison"],"picked":"Cloak And Dagger","floor":11},{"not_picked":["Dodge and Roll","Cloak And Dagger"],"picked":"Caltrops+1","floor":12},{"not_picked":["Blade Dance","Slice"],"picked":"Blur","floor":13}],"player_experience":887512,"relics_obtained":[{"floor":7,"key":"Gambling Chip"},{"floor":9,"key":"Singing Bowl"},{"floor":10,"key":"Frozen Egg 2"},{"floor":12,"key":"Pear"}],"event_choices":[{"damage_healed":0,"gold_gain":0,"player_choice":"Donut","damage_taken":0,"max_hp_gain":5,"max_hp_loss":0,"event_name":"Big Fish","floor":2,"gold_loss":0},{"damage_healed":0,"gold_gain":75,"player_choice":"Gather Gold","damage_taken":11,"max_hp_gain":0,"max_hp_loss":0,"event_name":"World of Goop","floor":3,"gold_loss":0},{"damage_healed":0,"gold_gain":0,"player_choice":"Success","damage_taken":11,"relics_obtained":["Letter Opener"],"max_hp_gain":0,"max_hp_loss":0,"event_name":"Scrap Ooze","floor":4,"gold_loss":0},{"damage_healed":0,"gold_gain":0,"player_choice":"Lose Max HP","damage_taken":0,"relics_obtained":["Golden Idol"],"max_hp_gain":0,"max_hp_loss":8,"event_name":"Golden Idol","floor":14,"gold_loss":0}],"is_beta":false,"boss_relics":[],"items_purged_floors":[],"is_endless":false,"potions_floor_spawned":[1,12,13],"killed_by":"Slime Boss","ascension_level":16}