{"gold_per_floor":[113,113,125,142,142,156,156,183,209,226,226,226,70,149,149,274,274,297,320,343,56,75,75,75],"floor_reached":24,"playtime":1034,"items_purged":["Injury","Strike_B"],"score":198,"play_id":"0d438295-adec-418d-a740-12e78dabd1b1","local_time":"20190330221115","is_ascension_mode":false,"campfire_choices":[{"data":"Capacitor","floor":7,"key":"SMITH"},{"floor":11,"key":"REST"},{"floor":15,"key":"REST"},{"floor":23,"key":"REST"}],"neow_cost":"NONE","seed_source_timestamp":1486816471503193,"circlet_count":0,"master_deck":["Strike_B","Strike_B","Strike_B","Defend_B","Defend_B","Defend_B","Defend_B","Zap","Dualcast","FTL","Capacitor+1","Compile Driver","Capacitor+1","Go for the Eyes","Doom and Gloom","Capacitor","Consume","Rainbow","Compile Driver+1","Sweeping Beam","Compile Driver+1","Defragment","Stack+1"],"relics":["Cracked Core","Bag of Preparation","Happy Flower","Golden Idol","Omamori","Velvet Choker","Membership Card"],"potions_floor_usage":[8,10,16,22],"damage_taken":[{"damage":0,"enemies":"Cultist","floor":1,"turns":4},{"damage":0,"enemies":"Small Slimes","floor":3,"turns":3},{"damage":6,"enemies":"Jaw Worm","floor":4,"turns":3},{"damage":7,"enemies":"2 Fungi Beasts","floor":6,"turns":3},{"damage":56,"enemies":"3 Sentries","floor":8,"turns":12},{"damage":0,"enemies":"Blue Slaver","floor":10,"turns":2},{"damage":17,"enemies":"Gremlin Nob","floor":14,"turns":4},{"damage":39,"enemies":"Slime Boss","floor":16,"turns":9},{"damage":18,"enemies":"Chosen","floor":18,"turns":5},{"damage":1,"enemies":"Spheric Guardian","floor":19,"turns":3},{"damage":19,"enemies":"Snake Plant","floor":20,"turns":4},{"damage":19,"enemies":"Centurion and Healer","floor":22,"turns":7},{"damage":49,"enemies":"Book of Stabbing","floor":24,"turns":4}],"seed_played":"1360980467140578929","potions_obtained":[{"floor":4,"key":"SkillPotion"},{"floor":6,"key":"Swift Potion"},{"floor":8,"key":"Energy Potion"},{"floor":16,"key":"SpeedPotion"},{"floor":18,"key":"SkillPotion"}],"is_trial":false,"path_per_floor":["M","?","M","M","?","M","R","E","T","M","R","?","$","?","R","B",null,"M","M","M","$","M","R","E"],"character_chosen":"DEFECT","items_purchased":["Capacitor","Membership Card","Defragment"],"campfire_rested":3,"item_purchase_floors":[13,21,21],"current_hp_per_floor":[82,82,82,76,76,69,69,13,13,13,37,37,37,20,44,5,82,64,63,44,44,25,49,0],"gold":75,"neow_bonus":"TEN_PERCENT_HP_BONUS","is_prod":false,"is_daily":false,"chose_seed":false,"campfire_upgraded":1,"win_rate":0,"timestamp":1553998275,"path_taken":["M","?","M","M","?","M","R","E","T","M","R","?","?","?","R","BOSS","M","M","M","$","M","R","E"],"build_version":"2019-01-23","purchased_purges":2,"victory":false,"max_hp_per_floor":[82,82,82,82,82,82,82,82,82,82,82,82,82,82,82,82,82,82,82,82,82,82,82,82],"card_choices":[{"not_picked":["Barrage","Rebound"],"picked":"FTL","floor":1},{"not_picked":["Redo","Sunder"],"picked":"Capacitor","floor":3},{"not_picked":["Hologram","Scrape"],"picked":"Compile Driver","floor":4},{"not_picked":["Self Repair","Leap"],"picked":"Capacitor","floor":6},{"not_picked":["Chaos","Gash"],"picked":"Go for the Eyes","floor":8},{"not_picked":["Rebound","Force Field"],"picked":"Doom and Gloom","floor":10},{"not_picked":["Gash","Hologram"],"picked":"Consume","floor":14},{"not_picked":["Fission","Seek"],"picked":"Rainbow","floor":16},{"not_picked":["Gash","Streamline+1"],"picked":"Compile Driver+1","floor":18},{"not_picked":["Streamline","Gash"],"picked":"Sweeping Beam","floor":19},{"not_picked":["Gash","BootSequence"],"picked":"Compile Driver+1","floor":20},{"not_picked":["Skim+1","Steam"],"picked":"Stack+1","floor":22}],"player_experience":441750,"relics_obtained":[{"floor":8,"key":"Bag of Preparation"},{"floor":9,"key":"Happy Flower"},{"floor":14,"key":"Omamori"}],"event_choices":[{"damage_healed":0,"gold_gain":0,"player_choice":"Leave","damage_taken":0,"max_hp_gain":0,"max_hp_loss":0,"event_name":"The Cleric","floor":2,"gold_loss":0},{"damage_healed":0,"gold_gain":0,"player_choice":"Grow","damage_taken":0,"max_hp_gain":0,"max_hp_loss":0,"event_name":"Living Wall","floor":5,"gold_loss":0,"cards_upgraded":["Capacitor"]},{"damage_healed":0,"gold_gain":0,"player_choice":"Take Wound","damage_taken":0,"relics_obtained":["Golden Idol"],"max_hp_gain":0,"max_hp_loss":0,"event_name":"Golden Idol","floor":12,"gold_loss":0,"cards_obtained":["Injury"]},{"damage_healed":0,"gold_gain":0,"player_choice":"Searched \u00271\u0027 times","damage_taken":0,"max_hp_gain":0,"max_hp_loss":0,"event_name":"Dead Adventurer","floor":14,"gold_loss":0}],"is_beta":false,"boss_relics":[{"not_picked":["Snecko Eye","Busted Crown"],"picked":"Velvet Choker"}],"items_purged_floors":[13,21],"is_endless":false,"potions_floor_spawned":[4,6,8,16,18],"killed_by":"Book of Stabbing","ascension_level":0}