{"gold_per_floor":[113,78,153,167,342,342,355,355,355,419,448,465,465,479,479,580,580,591,591,575,575],"floor_reached":21,"playtime":782,"items_purged":[],"score":179,"play_id":"a79f4df5-0e2e-46f1-9886-94f88da0a0a7","local_time":"20180915000501","is_ascension_mode":false,"campfire_choices":[{"data":"Zap","floor":6,"key":"SMITH"},{"floor":13,"key":"REST"},{"floor":15,"key":"REST"}],"neow_cost":"","seed_source_timestamp":36747222702105,"circlet_count":0,"master_deck":["Strike_B","Strike_B","Strike_B","Strike_B","Defend_B","Defend_B","Defend_B","Defend_B","Zap+1","Dualcast","BootSequence","Redo","Ball Lightning","Capacitor","Ball Lightning","Leap","Conserve Battery","Creative AI","Streamline+1","Conserve Battery+1"],"relics":["Cracked Core","Mummified Hand","Vajra","Art of War","Fusion Hammer"],"potions_floor_usage":[11,16,16,21,21],"damage_taken":[{"damage":5,"enemies":"Cultist","floor":1,"turns":4},{"damage":0,"enemies":"Small Slimes","floor":4,"turns":4},{"damage":1,"enemies":"Jaw Worm","floor":7,"turns":3},{"damage":22,"enemies":"3 Sentries","floor":10,"turns":6},{"damage":7,"enemies":"Gremlin Nob","floor":11,"turns":5},{"damage":4,"enemies":"2 Fungi Beasts","floor":12,"turns":3},{"damage":0,"enemies":"3 Louse","floor":14,"turns":2},{"damage":37,"enemies":"The Guardian","floor":16,"turns":9},{"damage":17,"enemies":"Spheric Guardian","floor":18,"turns":5},{"damage":11,"enemies":"2 Thieves","floor":20,"turns":4},{"damage":26,"enemies":"Colosseum Slavers","floor":21,"turns":5},{"damage":28,"enemies":"Colosseum Nobs","floor":21,"turns":3}],"seed_played":"-4891329720092850903","potions_obtained":[{"floor":4,"key":"SpeedPotion"},{"floor":10,"key":"SkillPotion"},{"floor":12,"key":"Energy Potion"},{"floor":16,"key":"Weak Potion"},{"floor":20,"key":"Block Potion"}],"is_trial":false,"path_per_floor":["M","?","?","M","?","R","M","?","T","?","E","M","R","M","R","B",null,"M","?","M"],"character_chosen":"DEFECT","items_purchased":[],"campfire_rested":2,"item_purchase_floors":[],"current_hp_per_floor":[70,75,64,64,64,64,63,63,63,41,34,30,52,52,74,37,75,58,58,47,0],"gold":575,"neow_bonus":"","is_prod":false,"is_daily":false,"chose_seed":false,"campfire_upgraded":1,"win_rate":0.0,"timestamp":1536984301,"path_taken":["M","?","?","M","?","R","?","?","T","?","E","M","R","M","R","BOSS","M","?","?","?"],"build_version":"2018-09-06","purchased_purges":0,"victory":false,"max_hp_per_floor":[75,75,75,75,75,75,75,75,75,75,75,75,75,75,75,75,75,75,75,75,75],"card_choices":[{"not_picked":["Go for the Eyes","Redo"],"picked":"BootSequence","floor":1},{"not_picked":["Go for the Eyes","Blizzard"],"picked":"Redo","floor":4},{"not_picked":["FTL","Cold Snap"],"picked":"Ball Lightning","floor":7},{"not_picked":["Doom and Gloom","All For One"],"picked":"Capacitor","floor":10},{"not_picked":["Cold Snap","Defragment"],"picked":"Ball Lightning","floor":11},{"not_picked":["Steam Power","Hologram"],"picked":"Leap","floor":12},{"not_picked":["Ball Lightning","Beam Cell"],"picked":"Conserve Battery","floor":14},{"not_picked":["Biased Cognition","Multi-Cast"],"picked":"Creative AI","floor":16},{"not_picked":["Hologram","Sweeping Beam+1"],"picked":"Streamline+1","floor":18},{"not_picked":["Reprogram+1","Barrage+1"],"picked":"Conserve Battery+1","floor":20}],"player_experience":102295,"relics_obtained":[{"floor":9,"key":"Mummified Hand"},{"floor":10,"key":"Vajra"},{"floor":11,"key":"Art of War"}],"event_choices":[{"event_name":"The Cleric","player_choice":"Healed","floor":2,"damage_taken":0},{"event_name":"World of Goop","player_choice":"Gather Gold","floor":3,"damage_taken":0},{"event_name":"Liars Game","player_choice":"agreed","floor":5,"damage_taken":0},{"event_name":"Purifier","player_choice":"One Purge","floor":8,"damage_taken":0},{"event_name":"Dead Adventurer","player_choice":"Searched \u00272\u0027 times","floor":10,"damage_taken":0},{"event_name":"Vampires","player_choice":"Ignored","floor":19,"damage_taken":0},{"event_name":"Colosseum","player_choice":"Fight","floor":21,"damage_taken":0},{"event_name":"Colosseum","player_choice":"Fought Nobs","floor":21,"damage_taken":0}],"is_beta":false,"boss_relics":[{"not_picked":["Runic Dome","Philosopher\u0027s Stone"],"picked":"Fusion Hammer"}],"items_purged_floors":[],"is_endless":false,"potions_floor_spawned":[4,10,12,16,20,21],"killed_by":"Colosseum Nobs","ascension_level":0}