{"gold_per_floor":[117,117,135,153,228,228,254,254,254,254,270,270,286,32,32,132,132,149,149,5,35,52,80,80,45,45,45,76,76,76,95,95,190,190,202,255,255,269,1268,1268,1268,696,696,696,707,707,120,132,132,132],"floor_reached":51,"playtime":1862,"items_purged":["Strike_B","Normality","Normality"],"score":1049,"play_id":"88b90a0b-f52f-4ad0-b4b2-71243be60de6","local_time":"20190623170839","is_ascension_mode":true,"campfire_choices":[{"floor":6,"key":"REST"},{"floor":10,"key":"REST"},{"floor":12,"key":"REST"},{"floor":15,"key":"REST"},{"floor":27,"key":"REST"},{"floor":30,"key":"REST"},{"floor":32,"key":"DIG"},{"floor":40,"key":"REST"},{"floor":41,"key":"DIG"},{"floor":44,"key":"DIG"},{"floor":46,"key":"DIG"},{"floor":49,"key":"REST"}],"neow_cost":"PERCENT_DAMAGE","seed_source_timestamp":998199100121059,"circlet_count":0,"master_deck":["AscendersBane","Strike_B","Strike_B","Strike_B","Defend_B","Defend_B","Defend_B","Defend_B","Zap","Dualcast","Electrodynamics","White Noise+1","Go for the Eyes","Sweeping Beam","Heatsinks","Hologram","Coolheaded","Echo Form","Consume","Loop","White Noise","Conserve Battery+1","Doom and Gloom","Reinforced Body+1","Loop+1","Biased Cognition","Barrage","Chill","Loop","White Noise","Panache","Seek"],"relics":["Cracked Core","Du-Vu Doll","Potion Belt","Mummified Hand","Runic Capacitor","Snecko Eye","Tiny Chest","Juzu Bracelet","Spirit Poop","Shovel","Smiling Mask","Centennial Puzzle","Sozu","WingedGreaves","Dodecahedron","Turnip","Strawberry","Prayer Wheel","Calipers","Bottled Flame","Pen Nib","Strange Spoon"],"potions_floor_usage":[7,11,11,23,36,45],"damage_taken":[{"damage":0,"enemies":"Cultist","floor":1,"turns":3},{"damage":4,"enemies":"2 Louse","floor":3,"turns":2},{"damage":9,"enemies":"Jaw Worm","floor":4,"turns":3},{"damage":25,"enemies":"3 Sentries","floor":7,"turns":4},{"damage":4,"enemies":"3 Louse","floor":11,"turns":2},{"damage":9,"enemies":"Blue Slaver","floor":13,"turns":2},{"damage":50,"enemies":"Slime Boss","floor":16,"turns":6},{"damage":5,"enemies":"3 Byrds","floor":18,"turns":3},{"damage":2,"enemies":"Spheric Guardian","floor":22,"turns":3},{"damage":28,"enemies":"Gremlin Leader","floor":23,"turns":4},{"damage":25,"enemies":"Slavers","floor":28,"turns":3},{"damage":0,"enemies":"Cultist and Chosen","floor":31,"turns":3},{"damage":26,"enemies":"Collector","floor":33,"turns":7},{"damage":18,"enemies":"3 Shapes","floor":35,"turns":3},{"damage":24,"enemies":"2 Orb Walkers","floor":36,"turns":3},{"damage":0,"enemies":"3 Darklings","floor":38,"turns":4},{"damage":0,"enemies":"Jaw Worm Horde","floor":45,"turns":4},{"damage":10,"enemies":"Writhing Mass","floor":48,"turns":4},{"damage":36,"enemies":"Donu and Deca","floor":50,"turns":7}],"seed_played":"9220890753564751579","potions_obtained":[{"floor":3,"key":"Regen Potion"},{"floor":4,"key":"Swift Potion"},{"floor":7,"key":"AttackPotion"},{"floor":18,"key":"Regen Potion"},{"floor":23,"key":"Dexterity Potion"},{"floor":33,"key":"SpeedPotion"}],"is_trial":false,"path_per_floor":["M","?","M","M","?","R","E","?","T","R","M","R","M","$","R","B",null,"M","?","$","?","M","E","?","$","T","R","E","?","R","M","R","B",null,"M","?","?","M","?","R","R","$","T","R","M","R","$","M","R","B",null],"character_chosen":"DEFECT","items_purchased":["Runic Capacitor","Coolheaded","Loop","Doom and Gloom","Loop","Turnip","Strawberry","Panache","Pen Nib","Strange Spoon"],"campfire_rested":8,"item_purchase_floors":[14,14,20,25,42,42,42,47,47,47],"current_hp_per_floor":[50,50,46,37,26,48,35,10,10,32,28,50,41,41,63,13,60,55,55,55,55,53,37,37,37,37,59,34,34,56,56,56,30,64,46,22,22,22,22,44,44,51,51,51,51,51,51,41,65,29],"gold":132,"neow_bonus":"THREE_RARE_CARDS","is_prod":false,"is_daily":false,"chose_seed":false,"campfire_upgraded":0,"win_rate":0,"timestamp":1561324119,"path_taken":["M","?","M","M","?","R","E","?","T","R","?","R","M","$","R","BOSS","M","?","$","?","?","E","?","?","T","R","E","?","R","M","R","BOSS","M","?","?","M","?","R","R","$","T","R","M","R","$","M","R","BOSS"],"build_version":"2019-01-23","purchased_purges":3,"victory":true,"max_hp_per_floor":[75,75,75,75,75,75,75,75,75,75,75,75,75,75,75,75,75,75,75,75,75,75,75,75,75,75,75,75,75,75,75,75,75,75,75,75,75,75,75,75,75,82,82,82,82,82,82,82,82,82],"card_choices":[{"not_picked":["Multi-Cast","Hyperbeam"],"picked":"Electrodynamics","floor":0},{"not_picked":["Rebound","Gash"],"picked":"White Noise","floor":1},{"not_picked":["Aggregate","Gash"],"picked":"Go for the Eyes","floor":3},{"not_picked":["Force Field","Ball Lightning"],"picked":"Sweeping Beam","floor":4},{"not_picked":["Streamline","Compile Driver"],"picked":"Ball Lightning","floor":7},{"not_picked":["Stack","Recycle"],"picked":"Heatsinks","floor":11},{"not_picked":["Multi-Cast","Cold Snap"],"picked":"Hologram","floor":13},{"not_picked":["Hyperbeam","Electrodynamics"],"picked":"Echo Form","floor":16},{"not_picked":["Lockon+1","Go for the Eyes","Compile Driver"],"picked":"SKIP","floor":18},{"not_picked":["Double Energy","Ball Lightning"],"picked":"White Noise","floor":22},{"not_picked":["Cold Snap","Aggregate"],"picked":"Conserve Battery+1","floor":23},{"not_picked":["Coolheaded","Force Field"],"picked":"Reinforced Body+1","floor":28},{"not_picked":["Compile Driver","Coolheaded"],"picked":"Loop+1","floor":31},{"not_picked":["Buffer","All For One"],"picked":"Biased Cognition","floor":33},{"not_picked":["Go for the Eyes+1","Sweeping Beam"],"picked":"Barrage","floor":35},{"not_picked":["Rip and Tear+1","Blizzard+1"],"picked":"Chill","floor":36},{"not_picked":["Streamline","Undo+1","Rebound"],"picked":"SKIP","floor":38},{"not_picked":["Conserve Battery","Recycle+1"],"picked":"White Noise","floor":45},{"not_picked":["Beam Cell","Stack+1","Turbo"],"picked":"SKIP","floor":45},{"not_picked":["Undo+1","Scrape"],"picked":"Seek","floor":48},{"not_picked":["Steam+1","Hologram+1","Cold Snap+1"],"picked":"SKIP","floor":48}],"player_experience":876770,"relics_obtained":[{"floor":7,"key":"Du-Vu Doll"},{"floor":9,"key":"Mummified Hand"},{"floor":23,"key":"Juzu Bracelet"},{"floor":26,"key":"Shovel"},{"floor":28,"key":"Smiling Mask"},{"floor":32,"key":"Centennial Puzzle"},{"floor":36,"key":"WingedGreaves"},{"floor":41,"key":"Dodecahedron"},{"floor":43,"key":"Prayer Wheel"},{"floor":44,"key":"Calipers"},{"floor":46,"key":"Bottled Flame"}],"event_choices":[{"damage_healed":0,"gold_gain":0,"player_choice":"Grow","damage_taken":0,"max_hp_gain":0,"max_hp_loss":0,"event_name":"Living Wall","floor":2,"gold_loss":0,"cards_upgraded":["White Noise"]},{"damage_healed":0,"gold_gain":75,"player_choice":"Gather Gold","damage_taken":11,"max_hp_gain":0,"max_hp_loss":0,"event_name":"World of Goop","floor":5,"gold_loss":0},{"damage_healed":0,"gold_gain":0,"player_choice":"Success","damage_taken":25,"relics_obtained":["Potion Belt"],"max_hp_gain":0,"max_hp_loss":0,"event_name":"Scrap Ooze","floor":8,"gold_loss":0},{"damage_healed":0,"gold_gain":0,"player_choice":"Read","damage_taken":0,"max_hp_gain":0,"max_hp_loss":0,"event_name":"The Library","floor":19,"gold_loss":0,"cards_obtained":["Consume"]},{"damage_healed":0,"gold_gain":0,"player_choice":"Opened","damage_taken":0,"relics_obtained":["Tiny Chest"],"max_hp_gain":0,"max_hp_loss":0,"event_name":"The Mausoleum","floor":21,"gold_loss":0,"cards_obtained":["Writhe"]},{"cards_removed":["Writhe"],"damage_healed":0,"gold_gain":0,"player_choice":"Offered Curse","damage_taken":0,"relics_obtained":["Spirit Poop"],"max_hp_gain":0,"max_hp_loss":0,"event_name":"Bonfire Elementals","floor":24,"gold_loss":0},{"damage_healed":0,"gold_gain":0,"player_choice":"Ignored","damage_taken":0,"max_hp_gain":0,"max_hp_loss":0,"event_name":"Vampires","floor":29,"gold_loss":0},{"damage_healed":0,"gold_gain":0,"player_choice":"Fight","damage_taken":0,"max_hp_gain":0,"max_hp_loss":0,"event_name":"Mysterious Sphere","floor":36,"gold_loss":0},{"cards_removed":["Ball Lightning"],"damage_healed":0,"gold_gain":0,"player_choice":"Removed Attack","damage_taken":0,"max_hp_gain":0,"max_hp_loss":0,"event_name":"Falling","floor":37,"gold_loss":0},{"damage_healed":0,"gold_gain":999,"player_choice":"Gold","damage_taken":0,"max_hp_gain":0,"max_hp_loss":0,"event_name":"MindBloom","floor":39,"gold_loss":0,"cards_obtained":["Normality","Normality"]}],"is_beta":false,"boss_relics":[{"not_picked":["Coffee Dripper","FrozenCore"],"picked":"Snecko Eye"},{"not_picked":["Calling Bell","Astrolabe"],"picked":"Sozu"}],"items_purged_floors":[20,42,47],"is_endless":false,"potions_floor_spawned":[3,4,7,18,23,33,35,48],"ascension_level":11}