{"gold_per_floor":[115,126,141,153,228,228,303,303,303,322,342,361,361,54,54,129,129,140,151,151,164,10,10,26,26,26,79,93,93,93,140,140,216,216,231,19,19,32,50,50,0,0,0,11,25,25,54,67,67,67,67],"floor_reached":51,"playtime":3442,"items_purged":["Strike_B","Steam"],"score":1342,"play_id":"13caa4a9-1571-4a60-93d5-0f5ea394374c","local_time":"20190106021703","is_ascension_mode":true,"campfire_choices":[{"data":"Sunder","floor":6,"key":"SMITH"},{"data":"Go for the Eyes","floor":15,"key":"SMITH"},{"data":"Buffer","floor":23,"key":"SMITH"},{"data":"Sunder","floor":25,"key":"SMITH"},{"floor":29,"key":"REST"},{"floor":32,"key":"REST"},{"data":"Machine Learning","floor":40,"key":"SMITH"},{"floor":42,"key":"REST"},{"floor":49,"key":"REST"}],"neow_cost":"NONE","seed_source_timestamp":6914025377484,"circlet_count":0,"master_deck":["AscendersBane","Defend_B","Defend_B","Defend_B","Defend_B","Zap+1","Conserve Battery","Ball Lightning","Sunder+1","Cold Snap","Sweeping Beam","Hologram","Go for the Eyes+1","Echo Form","Reinforced Body","Sunder+1","Rebound","Buffer+1","Coolheaded+1","Machine Learning+1","Lockon+1","Lockon+1","Darkness+1","Mayhem","Coolheaded+1","Creative AI","Stack+1"],"relics":["Cracked Core","Bronze Scales","Incense Burner","Orichalcum","Snecko Eye","Tiny Chest","Happy Flower","Astrolabe","Red Mask","Darkstone Periapt","Gambling Chip"],"potions_floor_usage":[16,19,19,28,51],"damage_taken":[{"damage":2,"enemies":"Jaw Worm","floor":1,"turns":3},{"damage":0,"enemies":"2 Louse","floor":2,"turns":2},{"damage":1,"enemies":"Cultist","floor":3,"turns":3},{"damage":6,"enemies":"2 Fungi Beasts","floor":4,"turns":3},{"damage":4,"enemies":"Large Slime","floor":10,"turns":4},{"damage":3,"enemies":"Blue Slaver","floor":11,"turns":3},{"damage":11,"enemies":"Gremlin Gang","floor":12,"turns":3},{"damage":3,"enemies":"Hexaghost","floor":16,"turns":9},{"damage":16,"enemies":"Shell Parasite","floor":18,"turns":5},{"damage":1,"enemies":"3 Byrds","floor":19,"turns":3},{"damage":10,"enemies":"Centurion and Healer","floor":21,"turns":3},{"damage":0,"enemies":"Chosen and Byrds","floor":24,"turns":4},{"damage":14,"enemies":"Shelled Parasite and Fungi","floor":28,"turns":3},{"damage":0,"enemies":"Collector","floor":33,"turns":12},{"damage":0,"enemies":"3 Shapes","floor":35,"turns":4},{"damage":5,"enemies":"3 Darklings","floor":38,"turns":5},{"damage":16,"enemies":"Maw","floor":39,"turns":8},{"damage":3,"enemies":"Writhing Mass","floor":44,"turns":5},{"damage":1,"enemies":"4 Shapes","floor":45,"turns":4},{"damage":10,"enemies":"Nemesis","floor":47,"turns":5},{"damage":8,"enemies":"Jaw Worm Horde","floor":48,"turns":8},{"damage":67,"enemies":"Time Eater","floor":50,"turns":10},{"damage":26,"enemies":"Awakened One","floor":51,"turns":15}],"seed_played":"2658209876398345763","potions_obtained":[{"floor":4,"key":"Regen Potion"},{"floor":10,"key":"GamblersBrew"},{"floor":11,"key":"Dexterity Potion"},{"floor":18,"key":"SpeedPotion"},{"floor":19,"key":"Fruit Juice"},{"floor":33,"key":"SteroidPotion"},{"floor":35,"key":"FairyPotion"}],"is_trial":false,"path_per_floor":["M","M","M","M","?","R","?","?","T","M","M","M","$","$","R","B",null,"M","M","?","M","$","R","M","R","T","T","M","R","?","T","R","B",null,"M","$","$","M","M","R","?","R","T","M","M","?","E","M","R","B","B"],"character_chosen":"DEFECT","items_purchased":["Orichalcum","Go for the Eyes","Block Potion","Mayhem"],"campfire_rested":4,"item_purchase_floors":[14,14,22,36],"current_hp_per_floor":[62,62,61,55,44,44,44,44,44,40,37,26,26,26,26,38,63,47,51,51,41,41,41,41,41,41,41,27,49,49,49,71,71,75,75,75,75,70,54,54,54,76,76,73,72,72,62,54,76,9,0],"gold":67,"neow_bonus":"RANDOM_COMMON_RELIC","is_prod":false,"is_daily":false,"chose_seed":false,"campfire_upgraded":5,"win_rate":0,"timestamp":1546751823,"path_taken":["M","M","M","M","?","R","?","?","T","M","M","M","?","$","R","BOSS","M","M","?","M","$","R","M","R","T","?","M","R","?","?","R","BOSS","M","?","$","M","M","R","?","R","T","M","M","?","E","M","R","BOSS","BOSS"],"build_version":"2019-01-03v4","purchased_purges":2,"victory":false,"max_hp_per_floor":[71,71,71,71,71,71,71,71,71,71,71,71,71,71,71,71,71,71,76,76,76,76,76,76,76,76,76,76,76,76,76,76,76,76,76,76,76,76,76,76,76,76,76,76,76,76,76,76,76,76,76],"card_choices":[{"not_picked":["Barrage","Stack"],"picked":"Conserve Battery","floor":1},{"not_picked":["Barrage","Leap"],"picked":"Ball Lightning","floor":2},{"not_picked":["Thunder Strike","Aggregate"],"picked":"Sunder","floor":3},{"not_picked":["Hello World","Steam Power"],"picked":"Cold Snap","floor":4},{"not_picked":["Sunder","Double Energy"],"picked":"Steam","floor":10},{"not_picked":["Go for the Eyes","Hologram"],"picked":"Sweeping Beam","floor":11},{"not_picked":["Hologram","Undo","Steam"],"picked":"SKIP","floor":12},{"not_picked":["Undo","Steam"],"picked":"Hologram","floor":12},{"not_picked":["Reboot","Thunder Strike"],"picked":"Echo Form","floor":16},{"not_picked":["Stack","Rebound"],"picked":"Reinforced Body","floor":18},{"not_picked":["Stack","Leap"],"picked":"Sunder","floor":19},{"not_picked":["Chill","Doom and Gloom"],"picked":"Buffer","floor":21},{"not_picked":["Hologram","Beam Cell"],"picked":"Coolheaded+1","floor":24},{"not_picked":["Steam","Go for the Eyes+1","Rip and Tear"],"picked":"SKIP","floor":28},{"not_picked":["Fission","Hyperbeam"],"picked":"Machine Learning","floor":33},{"not_picked":["Compile Driver","FTL","Capacitor"],"picked":"SKIP","floor":35},{"not_picked":["Scrape+1","Turbo","Redo+1"],"picked":"SKIP","floor":38},{"not_picked":["Coolheaded","Barrage+1","FTL"],"picked":"SKIP","floor":39},{"not_picked":["Rip and Tear","Skim","Sweeping Beam"],"picked":"SKIP","floor":44},{"not_picked":["Leap","Self Repair"],"picked":"Coolheaded+1","floor":45},{"not_picked":["Chaos","Turbo"],"picked":"Creative AI","floor":47},{"not_picked":["Leap","Compile Driver+1"],"picked":"Stack+1","floor":48}],"player_experience":730265,"relics_obtained":[{"floor":9,"key":"Incense Burner"},{"floor":27,"key":"Tiny Chest"},{"floor":31,"key":"Happy Flower"},{"floor":43,"key":"Darkstone Periapt"},{"floor":47,"key":"Gambling Chip"}],"event_choices":[{"damage_healed":0,"gold_gain":75,"player_choice":"Gather Gold","damage_taken":11,"max_hp_gain":0,"max_hp_loss":0,"event_name":"World of Goop","floor":5,"gold_loss":0},{"damage_healed":0,"gold_gain":75,"player_choice":"Gained Gold","damage_taken":0,"max_hp_gain":0,"max_hp_loss":0,"event_name":"Golden Wing","floor":7,"gold_loss":0},{"damage_healed":0,"gold_gain":0,"player_choice":"Grow","damage_taken":0,"max_hp_gain":0,"max_hp_loss":0,"event_name":"Living Wall","floor":8,"gold_loss":0,"cards_upgraded":["Zap"]},{"damage_healed":0,"gold_gain":0,"cards_transformed":["Strike_B","Strike_B"],"player_choice":"Became Test Subject","damage_taken":0,"max_hp_gain":0,"max_hp_loss":0,"event_name":"Drug Dealer","floor":20,"gold_loss":0,"cards_obtained":["Rebound","Steam"]},{"damage_healed":0,"gold_gain":0,"player_choice":"Ignored","damage_taken":0,"max_hp_gain":0,"max_hp_loss":0,"event_name":"The Mausoleum","floor":30,"gold_loss":0},{"damage_healed":0,"gold_gain":0,"player_choice":"Paid","damage_taken":0,"relics_obtained":["Red Mask"],"max_hp_gain":0,"max_hp_loss":0,"event_name":"Tomb of Lord Red Mask","floor":41,"gold_loss":50},{"damage_healed":0,"gold_gain":0,"player_choice":"Memory 1","damage_taken":0,"max_hp_gain":0,"max_hp_loss":0,"event_name":"SensoryStone","floor":46,"gold_loss":0}],"is_beta":false,"boss_relics":[{"not_picked":["Nuclear Battery","Cursed Key"],"picked":"Snecko Eye"},{"not_picked":["White Beast Statue","Coffee Dripper"],"picked":"Astrolabe"}],"items_purged_floors":[14,22],"is_endless":false,"potions_floor_spawned":[4,10,11,18,19,33,35,38,48],"killed_by":"Awakened One","ascension_level":20}