{"gold_per_floor":[112,112,287,362,378,410,410,437,437,470,470,470,505,524,524,524],"floor_reached":16,"playtime":618,"items_purged":[],"score":242,"play_id":"5398785c-3208-4b97-a19f-ef1cf6ac5902","local_time":"20190326150218","is_ascension_mode":true,"campfire_choices":[{"data":"Neutralize","floor":7,"key":"SMITH"},{"floor":15,"key":"REST"}],"neow_cost":"NONE","seed_source_timestamp":1115901552446666,"circlet_count":0,"master_deck":["AscendersBane","Defend_G","Defend_G","Defend_G","Defend_G","Defend_G+1","Strike_G","Strike_G","Strike_G","Strike_G","Strike_G+1","Survivor","Neutralize+1","Dagger Spray","Doubt","Dagger Spray","Cloak And Dagger","Leg Sweep+1","Blur","Malaise","PiercingWail"],"relics":["Ring of the Snake","NeowsBlessing","Bird Faced Urn","Singing Bowl","Ninja Scroll","Question Card","FossilizedHelix"],"potions_floor_usage":[8,10,13,16,16],"damage_taken":[{"damage":0,"enemies":"Cultist","floor":1,"turns":1},{"damage":0,"enemies":"Small Slimes","floor":5,"turns":1},{"damage":0,"enemies":"Lagavulin","floor":6,"turns":1},{"damage":12,"enemies":"3 Sentries","floor":8,"turns":7},{"damage":6,"enemies":"Gremlin Nob","floor":10,"turns":4},{"damage":10,"enemies":"3 Sentries","floor":13,"turns":12},{"damage":3,"enemies":"Jaw Worm","floor":14,"turns":5},{"damage":31,"enemies":"Slime Boss","floor":16,"turns":10}],"seed_played":"1542470503660643700","potions_obtained":[{"floor":1,"key":"Strength Potion"},{"floor":8,"key":"FearPotion"},{"floor":10,"key":"AttackPotion"},{"floor":13,"key":"Block Potion"},{"floor":14,"key":"FearPotion"}],"is_trial":false,"path_per_floor":["M","$","?","?","M","E","R","E","T","E","?","?","E","M","R","B"],"character_chosen":"THE_SILENT","items_purchased":[],"campfire_rested":1,"item_purchase_floors":[],"current_hp_per_floor":[63,63,63,52,52,52,52,40,40,34,20,20,10,7,28,0],"gold":524,"neow_bonus":"THREE_ENEMY_KILL","is_prod":false,"is_daily":false,"chose_seed":false,"campfire_upgraded":1,"win_rate":0,"timestamp":1553626938,"path_taken":["M","$","?","?","?","E","R","E","T","E","?","?","E","M","R","BOSS"],"build_version":"2019-01-23","purchased_purges":0,"victory":false,"max_hp_per_floor":[70,70,70,70,70,70,70,70,70,70,70,70,70,70,70,70],"card_choices":[{"not_picked":["Accuracy","Catalyst"],"picked":"Dagger Spray","floor":1},{"not_picked":["Infinite Blades","Calculated Gamble"],"picked":"Dagger Spray","floor":5},{"not_picked":["Tools of the Trade","Prepared"],"picked":"Cloak And Dagger","floor":6},{"not_picked":["Blur","Burst"],"picked":"Leg Sweep","floor":8},{"not_picked":["Deflect","Outmaneuver"],"picked":"Blur","floor":10},{"not_picked":["Terror","Cloak And Dagger","Concentrate"],"picked":"Malaise","floor":13},{"not_picked":["Underhanded Strike","Blade Dance","Quick Slash"],"picked":"PiercingWail","floor":14}],"player_experience":387675,"relics_obtained":[{"floor":6,"key":"Bird Faced Urn"},{"floor":8,"key":"Singing Bowl"},{"floor":9,"key":"Ninja Scroll"},{"floor":10,"key":"Question Card"},{"floor":13,"key":"FossilizedHelix"}],"event_choices":[{"damage_healed":0,"gold_gain":175,"player_choice":"AGREE","damage_taken":0,"max_hp_gain":0,"max_hp_loss":0,"event_name":"Liars Game","floor":3,"gold_loss":0,"cards_obtained":["Doubt"]},{"damage_healed":0,"gold_gain":75,"player_choice":"Gather Gold","damage_taken":11,"max_hp_gain":0,"max_hp_loss":0,"event_name":"World of Goop","floor":4,"gold_loss":0},{"damage_healed":0,"gold_gain":0,"player_choice":"Entered Light","damage_taken":14,"max_hp_gain":0,"max_hp_loss":0,"event_name":"Shining Light","floor":11,"gold_loss":0,"cards_upgraded":["Strike_G","Defend_G"]},{"damage_healed":0,"gold_gain":0,"player_choice":"Grow","damage_taken":0,"max_hp_gain":0,"max_hp_loss":0,"event_name":"Living Wall","floor":12,"gold_loss":0,"cards_upgraded":["Leg Sweep"]}],"is_beta":false,"boss_relics":[],"items_purged_floors":[],"is_endless":false,"potions_floor_spawned":[1,8,10,13,14],"killed_by":"Slime Boss","ascension_level":12}