{"gold_per_floor":[113,113,113,131,156,195,208,252,330,330],"floor_reached":10,"playtime":295,"items_purged":[],"score":125,"play_id":"56fdecb2-a11c-44b3-86b5-d7deb2d4b8ec","local_time":"20190622120157","is_ascension_mode":true,"campfire_choices":[],"neow_cost":"NONE","seed_source_timestamp":0,"circlet_count":0,"master_deck":["AscendersBane","Strike_R","Strike_R","Strike_R","Strike_R","Strike_R","Defend_R","Defend_R","Defend_R","Defend_R","Bash","Iron Wave","Sword Boomerang","Flame Barrier","Reaper","Thunderclap"],"special_seed":0,"relics":["Burning Blood","Golden Idol","Singing Bowl","Girya","Omamori","Darkstone Periapt"],"potions_floor_usage":[],"damage_taken":[{"damage":7.0,"enemies":"2 Louse","floor":1.0,"turns":3.0},{"damage":0.0,"enemies":"Small Slimes","floor":4.0,"turns":3.0},{"damage":8.0,"enemies":"Jaw Worm","floor":5.0,"turns":5.0},{"damage":20.0,"enemies":"3 Sentries","floor":6.0,"turns":6.0},{"damage":17.0,"enemies":"3 Louse","floor":7.0,"turns":4.0},{"damage":55.0,"enemies":"Lagavulin","floor":8.0,"turns":10.0},{"damage":0,"enemies":"Gremlin Nob","floor":10,"turns":1}],"seed_played":"7615163996143613647","potions_obtained":[{"floor":1.0,"key":"PowerPotion"},{"floor":8.0,"key":"GamblersBrew"}],"is_trial":false,"path_per_floor":["M","?","?","M","M","E","M","E","T","E"],"character_chosen":"IRONCLAD","items_purchased":[],"campfire_rested":0,"item_purchase_floors":[],"current_hp_per_floor":[71,71,64,70,70,56,54,11,11,11],"gold":330,"neow_bonus":"THREE_CARDS","is_prod":false,"is_daily":false,"chose_seed":false,"campfire_upgraded":0,"win_rate":0,"timestamp":1561219317,"path_taken":["M","?","?","M","M","E","M","E","T","E"],"build_version":"2019-01-23","purchased_purges":0,"victory":false,"max_hp_per_floor":[80,74,74,74,76,76,76,78,78,78],"card_choices":[{"not_picked":["Blood for Blood","Seeing Red"],"picked":"Iron Wave","floor":0.0},{"not_picked":["Intimidate","Warcry"],"picked":"Sword Boomerang","floor":1.0},{"not_picked":["Rupture","Iron Wave"],"picked":"Flame Barrier","floor":4.0},{"not_picked":["Anger","Feel No Pain","Seeing Red"],"picked":"Singing Bowl","floor":5.0},{"not_picked":["Shrug It Off","Clash"],"picked":"Reaper","floor":6.0},{"not_picked":["Infernal Blade","Clash"],"picked":"Thunderclap","floor":7.0},{"not_picked":["True Grit","Blood for Blood","Headbutt"],"picked":"Singing Bowl","floor":8.0}],"player_experience":857933,"relics_obtained":[{"floor":6.0,"key":"Girya"},{"floor":8.0,"key":"Omamori"},{"floor":9.0,"key":"Darkstone Periapt"}],"event_choices":[{"damage_healed":0.0,"max_hp_gain":0.0,"max_hp_loss":6.0,"gold_gain":0.0,"event_name":"Golden Idol","player_choice":"Lose Max HP","floor":2.0,"gold_loss":0.0,"damage_taken":0.0,"relics_obtained":["Golden Idol"]},{"damage_healed":0.0,"max_hp_gain":0.0,"max_hp_loss":0.0,"gold_gain":0.0,"event_name":"Scrap Ooze","player_choice":"Success","floor":3.0,"gold_loss":0.0,"damage_taken":7.0,"relics_obtained":["Singing Bowl"]}],"is_beta":false,"boss_relics":[],"items_purged_floors":[],"is_endless":false,"potions_floor_spawned":[1,8],"killed_by":"Gremlin Nob","ascension_level":12}