{"gold_per_floor":[15,15,15,40,63,63,101,101,156,156,81,81,6,29,29,125,125,139,54,28,53,53,53,93,93,116,137,137,137,158,158,158,257,320,344,293,309,325,349,349,349],"floor_reached":41,"playtime":3248,"items_purged":["Regret"],"score":757,"play_id":"2f066e1b-3f64-4284-be35-691ee2947512","local_time":"20190531132458","is_ascension_mode":true,"campfire_choices":[{"data":"Neutralize","floor":6,"key":"SMITH"},{"floor":10,"key":"REST"},{"data":"Noxious Fumes","floor":15,"key":"SMITH"},{"data":"Bullet Time","floor":23,"key":"SMITH"},{"floor":25,"key":"REST"},{"floor":32,"key":"REST"},{"floor":40,"key":"REST"}],"neow_cost":"NO_GOLD","seed_source_timestamp":1415099422924433,"circlet_count":0,"master_deck":["AscendersBane","Survivor","Neutralize+1","After Image","Noxious Fumes+1","Injury","Footwork","Dash","Dagger Throw","Cloak And Dagger","Malaise","Skewer","Bullet Time+1","Deadly Poison+1","Heel Hook","Cloak And Dagger","Acrobatics","Finisher","Prepared","Die Die Die","Skewer","Crippling Poison","PiercingWail","Finisher+1","Predator","Adrenaline","Calculated Gamble+1","Deadly Poison","Dodge and Roll","Dodge and Roll"],"relics":["Ring of the Snake","Golden Idol","Bag of Preparation","Juzu Bracelet","Regal Pillow","Tiny Chest","Art of War","Pandora\u0027s Box","Bird Faced Urn","Bronze Scales","Vajra","Tiny House"],"potions_floor_usage":[7,24,24,28,33,41],"damage_taken":[{"damage":0,"enemies":"2 Louse","floor":1,"turns":3},{"damage":3,"enemies":"Jaw Worm","floor":4,"turns":5},{"damage":9,"enemies":"Small Slimes","floor":5,"turns":5},{"damage":20,"enemies":"3 Sentries","floor":7,"turns":9},{"damage":0,"enemies":"Blue Slaver","floor":14,"turns":5},{"damage":13,"enemies":"The Guardian","floor":16,"turns":12},{"damage":0,"enemies":"Spheric Guardian","floor":18,"turns":1},{"damage":0,"enemies":"Chosen","floor":21,"turns":4},{"damage":55,"enemies":"Gremlin Leader","floor":24,"turns":7},{"damage":0,"enemies":"Centurion and Healer","floor":27,"turns":9},{"damage":45,"enemies":"Colosseum Slavers","floor":28,"turns":5},{"damage":7,"enemies":"Snecko","floor":30,"turns":6},{"damage":51,"enemies":"Collector","floor":33,"turns":10},{"damage":12,"enemies":"3 Shapes","floor":35,"turns":5},{"damage":30,"enemies":"3 Darklings","floor":37,"turns":9},{"damage":9,"enemies":"4 Shapes","floor":38,"turns":6},{"damage":31,"enemies":"Jaw Worm Horde","floor":39,"turns":4},{"damage":64,"enemies":"Reptomancer","floor":41,"turns":9}],"seed_played":"3569701228608056680","potions_obtained":[{"floor":1,"key":"AttackPotion"},{"floor":4,"key":"Explosive Potion"},{"floor":16,"key":"Explosive Potion"},{"floor":24,"key":"PowerPotion"},{"floor":31,"key":"Block Potion"},{"floor":31,"key":"GamblersBrew"},{"floor":34,"key":"FairyPotion"},{"floor":39,"key":"EssenceOfSteel"}],"is_trial":false,"path_per_floor":["M","?","?","M","M","R","E","?","T","R","$","?","?","M","R","B",null,"M","?","$","M","$","R","E","R","T","M","?","?","M","?","R","B",null,"M","$","M","M","M","R","E"],"character_chosen":"THE_SILENT","items_purchased":["PiercingWail","Dodge and Roll"],"campfire_rested":4,"item_purchase_floors":[20,36],"current_hp_per_floor":[59,59,59,56,47,47,27,22,22,56,56,56,56,56,56,43,60,60,60,60,64,64,64,13,47,47,53,16,16,15,15,49,4,56,50,50,26,23,7,43,0],"gold":349,"neow_bonus":"THREE_RARE_CARDS","is_prod":false,"is_daily":false,"chose_seed":false,"campfire_upgraded":3,"win_rate":0,"timestamp":1559323498,"path_taken":["M","?","?","M","M","R","E","?","T","R","$","?","?","M","R","BOSS","M","?","$","M","$","R","E","R","T","M","?","?","M","?","R","BOSS","M","$","M","M","M","R","E"],"build_version":"2019-01-23","purchased_purges":1,"victory":false,"max_hp_per_floor":[66,66,66,66,66,66,66,66,66,66,66,66,66,66,66,66,66,66,66,66,66,66,66,66,66,66,66,66,66,66,66,66,66,71,71,71,71,71,71,71,71],"card_choices":[{"not_picked":["Wraith Form v2","Grand Finale"],"picked":"After Image","floor":0},{"not_picked":["Riddle With Holes","Choke"],"picked":"Noxious Fumes","floor":1},{"not_picked":["Cloak And Dagger","Caltrops"],"picked":"Footwork","floor":4},{"not_picked":["Dagger Spray","Prepared"],"picked":"Dash","floor":5},{"not_picked":["Choke","Backflip"],"picked":"Dagger Throw","floor":7},{"not_picked":["Quick Slash","Deflect"],"picked":"Cloak And Dagger","floor":14},{"not_picked":["Doppelganger","Storm of Steel"],"picked":"Malaise","floor":16},{"not_picked":["Dodge and Roll","Bane"],"picked":"Crippling Poison","floor":18},{"not_picked":["Caltrops","Outmaneuver","Eviscerate"],"picked":"SKIP","floor":21},{"not_picked":["Masterful Stab","Poisoned Stab"],"picked":"Finisher+1","floor":24},{"not_picked":["Choke+1","Cloak And Dagger","Riddle With Holes"],"picked":"SKIP","floor":27},{"not_picked":["Choke+1","Dagger Throw"],"picked":"Predator","floor":30},{"not_picked":["Venomology","Doppelganger"],"picked":"Adrenaline","floor":33},{"not_picked":["Poisoned Stab","Outmaneuver"],"picked":"Calculated Gamble+1","floor":34},{"not_picked":["Acrobatics","Prepared"],"picked":"Deadly Poison","floor":35},{"not_picked":["Backstab","Flying Knee"],"picked":"Dodge and Roll","floor":37},{"not_picked":["Riddle With Holes","Sucker Punch","Dodge and Roll"],"picked":"SKIP","floor":38},{"not_picked":["Dodge and Roll","Underhanded Strike","All Out Attack"],"picked":"SKIP","floor":39}],"player_experience":746060,"relics_obtained":[{"floor":7,"key":"Juzu Bracelet"},{"floor":9,"key":"Tiny Chest"},{"floor":24,"key":"Bronze Scales"},{"floor":26,"key":"Vajra"}],"event_choices":[{"damage_healed":0,"gold_gain":0,"player_choice":"Take Wound","damage_taken":0,"relics_obtained":["Golden Idol"],"max_hp_gain":0,"max_hp_loss":0,"event_name":"Golden Idol","floor":2,"gold_loss":0,"cards_obtained":["Injury"]},{"damage_healed":0,"gold_gain":0,"player_choice":"Box","damage_taken":0,"relics_obtained":["Bag of Preparation"],"max_hp_gain":0,"max_hp_loss":0,"event_name":"Big Fish","floor":3,"gold_loss":0,"cards_obtained":["Regret"]},{"damage_healed":0,"gold_gain":0,"player_choice":"Success","damage_taken":5,"relics_obtained":["Regal Pillow"],"max_hp_gain":0,"max_hp_loss":0,"event_name":"Scrap Ooze","floor":8,"gold_loss":0},{"damage_healed":0,"gold_gain":0,"player_choice":"Searched \u00271\u0027 times","damage_taken":0,"relics_obtained":["Art of War"],"max_hp_gain":0,"max_hp_loss":0,"event_name":"Dead Adventurer","floor":12,"gold_loss":0},{"damage_healed":0,"gold_gain":0,"player_choice":"Left Gold","damage_taken":0,"max_hp_gain":0,"max_hp_loss":0,"event_name":"World of Goop","floor":13,"gold_loss":75},{"damage_healed":0,"gold_gain":0,"player_choice":"Obtained Relic","damage_taken":0,"relics_obtained":["Bird Faced Urn"],"max_hp_gain":0,"max_hp_loss":0,"event_name":"Addict","floor":19,"gold_loss":85},{"damage_healed":0,"gold_gain":0,"player_choice":"Fight","damage_taken":0,"max_hp_gain":0,"max_hp_loss":0,"event_name":"Colosseum","floor":28,"gold_loss":0},{"damage_healed":0,"gold_gain":0,"player_choice":"Fled From Nobs","damage_taken":0,"max_hp_gain":0,"max_hp_loss":0,"event_name":"Colosseum","floor":28,"gold_loss":0},{"damage_healed":0,"gold_gain":0,"player_choice":"Ignored","damage_taken":0,"max_hp_gain":0,"max_hp_loss":0,"event_name":"Vampires","floor":29,"gold_loss":0},{"damage_healed":0,"gold_gain":0,"player_choice":"Got Potions","damage_taken":0,"max_hp_gain":0,"max_hp_loss":0,"event_name":"Lab","floor":31,"gold_loss":0}],"is_beta":false,"boss_relics":[{"not_picked":["Velvet Choker","Lizard Tail"],"picked":"Pandora\u0027s Box"},{"not_picked":["Busted Crown","Empty Cage"],"picked":"Tiny House"}],"items_purged_floors":[11],"is_endless":false,"potions_floor_spawned":[1,4,16,21,24,37,39],"killed_by":"Reptomancer","ascension_level":17}