{"gold_per_floor":[111,125,140,105,155,155,181,196,222,222,237,248,248,266,266,338,338,349,349],"floor_reached":19,"playtime":939,"items_purged":[],"score":308,"play_id":"a46ba62c-1c82-451b-839c-3f045f8f17df","local_time":"20181216202756","is_ascension_mode":true,"campfire_choices":[{"data":"Beam Cell","floor":6,"key":"SMITH"},{"data":"Dualcast","floor":10,"key":"SMITH"},{"data":"Steam","floor":13,"key":"SMITH"},{"floor":15,"key":"REST"}],"neow_cost":"NONE","seed_source_timestamp":17608169843434,"circlet_count":0,"master_deck":["AscendersBane","Strike_B","Strike_B","Strike_B","Defend_B","Defend_B","Defend_B","Defend_B","Zap","Dualcast+1","Gash","Beam Cell+1","Echo Form","Rebound","Steam+1","Sunder","Cold Snap","Fission","Auto Shields","Buffer","Conserve Battery"],"relics":["Cracked Core","Dream Catcher","Omamori","Snecko Eye"],"potions_floor_usage":[7,7,7,16],"damage_taken":[{"damage":3,"enemies":"2 Louse","floor":1,"turns":2},{"damage":3,"enemies":"Jaw Worm","floor":2,"turns":4},{"damage":1,"enemies":"Cultist","floor":3,"turns":3},{"damage":19,"enemies":"3 Sentries","floor":7,"turns":9},{"damage":12,"enemies":"Looter","floor":8,"turns":3},{"damage":0,"enemies":"Large Slime","floor":11,"turns":4},{"damage":1,"enemies":"Exordium Thugs","floor":12,"turns":4},{"damage":7,"enemies":"Blue Slaver","floor":14,"turns":3},{"damage":17,"enemies":"Slime Boss","floor":16,"turns":8},{"damage":36,"enemies":"Spheric Guardian","floor":18,"turns":6},{"damage":29,"enemies":"Masked Bandits","floor":19,"turns":3}],"seed_played":"-5144986011875548578","potions_obtained":[{"floor":1,"key":"Poison Potion"},{"floor":3,"key":"EntropicBrew"},{"floor":11,"key":"Dexterity Potion"}],"is_trial":false,"path_per_floor":["M","M","M","?","?","R","E","M","T","R","M","M","R","M","R","B",null,"M","?"],"character_chosen":"DEFECT","items_purchased":[],"campfire_rested":1,"item_purchase_floors":[],"current_hp_per_floor":[61,58,57,71,64,64,45,33,33,33,33,32,32,25,46,29,61,25,0],"gold":349,"neow_bonus":"REMOVE_CARD","is_prod":false,"is_daily":false,"chose_seed":false,"campfire_upgraded":3,"win_rate":0,"timestamp":1545002876,"path_taken":["M","M","M","?","?","R","E","M","T","R","?","M","R","M","R","BOSS","M","?"],"build_version":"2018-12-13","purchased_purges":0,"victory":false,"max_hp_per_floor":[71,71,71,71,71,71,71,71,71,71,71,71,71,71,71,71,71,71,71],"card_choices":[{"not_picked":["Storm","Redo"],"picked":"Gash","floor":1},{"not_picked":["Double Energy","Conserve Battery"],"picked":"Beam Cell","floor":2},{"not_picked":["Turbo","Rebound"],"picked":"Echo Form","floor":3},{"not_picked":["Compile Driver","BootSequence"],"picked":"Rebound","floor":7},{"not_picked":["Turbo","Sweeping Beam"],"picked":"Steam","floor":8},{"not_picked":["Barrage","Redo"],"picked":"Sunder","floor":11},{"not_picked":["Static Discharge","Barrage"],"picked":"Cold Snap","floor":12},{"not_picked":["Barrage","Compile Driver"],"picked":"Fission","floor":14},{"not_picked":["Compile Driver","Loop"],"picked":"Auto Shields","floor":15},{"not_picked":["Electrodynamics","Core Surge"],"picked":"Buffer","floor":16},{"not_picked":["Leap","Rebound"],"picked":"Conserve Battery","floor":18}],"player_experience":558357,"relics_obtained":[{"floor":7,"key":"Dream Catcher"},{"floor":9,"key":"Omamori"}],"event_choices":[{"damage_healed":17,"gold_gain":0,"player_choice":"Healed","damage_taken":0,"max_hp_gain":0,"max_hp_loss":0,"event_name":"The Cleric","floor":4,"gold_loss":35},{"damage_healed":0,"gold_gain":50,"player_choice":"Touch","damage_taken":7,"max_hp_gain":0,"max_hp_loss":0,"event_name":"FaceTrader","floor":5,"gold_loss":0},{"damage_healed":0,"gold_gain":0,"player_choice":"Fought Bandits","damage_taken":0,"max_hp_gain":0,"max_hp_loss":0,"event_name":"Masked Bandits","floor":19,"gold_loss":0}],"is_beta":false,"boss_relics":[{"not_picked":["Runic Dome","Astrolabe"],"picked":"Snecko Eye"}],"items_purged_floors":[],"is_endless":false,"potions_floor_spawned":[1,3,11,12,14],"killed_by":"Masked Bandits","ascension_level":16}