{"gold_per_floor":[113,127,142,44,44,69,69,99,99,99,114,130,130,153,153,252,252,271,45,62,62,75,75,87,87,112,112,142,142],"floor_reached":29,"playtime":934,"items_purged":[],"score":278,"play_id":"0d9df5c8-9ecb-43de-9258-a0e6a1d8dbc2","local_time":"20181015163540","is_ascension_mode":true,"campfire_choices":[{"floor":7,"key":"REST"},{"floor":10,"key":"DIG"},{"floor":13,"key":"DIG"},{"floor":15,"key":"REST"},{"data":"Demon Form","floor":23,"key":"SMITH"},{"floor":27,"key":"REST"}],"neow_cost":"","seed_source_timestamp":4264596864621,"circlet_count":0,"master_deck":["Strike_R","Strike_R","Strike_R","Strike_R","Strike_R","Defend_R","Defend_R","Defend_R","Defend_R","Bash","Spot Weakness","Flash of Steel","Brutality","Demon Form+1","Shrug It Off","Inflame","Warcry","J.A.X."],"relics":["Burning Blood","Shovel","Bird Faced Urn","Charon\u0027s Ashes","Ancient Tea Set","Thread and Needle","Anchor","Philosopher\u0027s Stone","Happy Flower","Regal Pillow","Bronze Scales"],"potions_floor_usage":[6,8,12,16,28,29],"damage_taken":[{"damage":6,"enemies":"Cultist","floor":1,"turns":4},{"damage":8,"enemies":"Jaw Worm","floor":2,"turns":4},{"damage":3,"enemies":"2 Louse","floor":3,"turns":3},{"damage":44,"enemies":"Lagavulin","floor":6,"turns":6},{"damage":30,"enemies":"Gremlin Nob","floor":8,"turns":4},{"damage":17,"enemies":"Blue Slaver","floor":11,"turns":5},{"damage":0,"enemies":"3 Louse","floor":12,"turns":1},{"damage":68,"enemies":"Slime Boss","floor":16,"turns":9},{"damage":21,"enemies":"Shell Parasite","floor":18,"turns":4},{"damage":12,"enemies":"Spheric Guardian","floor":20,"turns":4},{"damage":5,"enemies":"Cultist and Chosen","floor":22,"turns":4},{"damage":44,"enemies":"Snecko","floor":24,"turns":6},{"damage":52,"enemies":"Gremlin Leader","floor":28,"turns":6},{"damage":38,"enemies":"Centurion and Healer","floor":29,"turns":4}],"seed_played":"7941871365021686349","potions_obtained":[{"floor":1,"key":"SteroidPotion"},{"floor":6,"key":"Poison Potion"},{"floor":11,"key":"Explosive Potion"},{"floor":12,"key":"Regen Potion"},{"floor":22,"key":"LiquidBronze"},{"floor":24,"key":"Ancient Potion"},{"floor":28,"key":"Poison Potion"}],"is_trial":false,"path_per_floor":["M","M","M","$","$","E","R","E","T","R","M","M","R","T","R","B",null,"M","$","M","?","M","R","M","?","T","R","E"],"character_chosen":"IRONCLAD","items_purchased":["Flash of Steel","Inflame","Happy Flower"],"campfire_rested":3,"item_purchase_floors":[4,19,19],"current_hp_per_floor":[80,78,80,80,80,42,66,42,42,42,31,37,37,37,61,16,80,65,65,65,65,70,70,36,36,36,75,35,0],"gold":142,"neow_bonus":"","is_prod":false,"is_daily":false,"chose_seed":false,"campfire_upgraded":1,"win_rate":0,"timestamp":1539632140,"path_taken":["M","?","M","?","$","E","R","E","T","R","M","M","R","?","R","BOSS","M","$","M","?","M","R","M","?","T","R","E","M"],"build_version":"2018-10-11","purchased_purges":0,"victory":false,"max_hp_per_floor":[80,80,80,80,80,80,80,80,80,80,80,80,80,80,80,80,80,80,80,80,80,80,80,80,80,80,80,80,80],"card_choices":[{"not_picked":["Burning Pact","Clash"],"picked":"Spot Weakness","floor":1},{"not_picked":["Dual Wield","Thunderclap","Wild Strike"],"picked":"SKIP","floor":2},{"not_picked":["Whirlwind","Cleave","Hemokinesis"],"picked":"SKIP","floor":3},{"not_picked":["Flame Barrier","Cleave","Armaments"],"picked":"SKIP","floor":6},{"not_picked":["Feel No Pain","Cleave"],"picked":"Brutality","floor":8},{"not_picked":["Havoc","Bloodletting","Anger"],"picked":"SKIP","floor":11},{"not_picked":["Fire Breathing","Wild Strike","Anger"],"picked":"SKIP","floor":12},{"not_picked":["Berserk","Brutality"],"picked":"Demon Form","floor":16},{"not_picked":["Wild Strike","Corruption"],"picked":"Shrug It Off","floor":18},{"not_picked":["Sword Boomerang+1","Fire Breathing","Dropkick"],"picked":"SKIP","floor":20},{"not_picked":["Power Through","Havoc"],"picked":"Warcry","floor":22},{"not_picked":["Reckless Charge","True Grit+1","Blood for Blood"],"picked":"SKIP","floor":24},{"not_picked":["Twin Strike","Demon Form","Combust"],"picked":"SKIP","floor":28}],"player_experience":152285,"relics_obtained":[{"floor":6,"key":"Shovel"},{"floor":8,"key":"Bird Faced Urn"},{"floor":9,"key":"Charon\u0027s Ashes"},{"floor":10,"key":"Ancient Tea Set"},{"floor":13,"key":"Thread and Needle"},{"floor":14,"key":"Anchor"},{"floor":26,"key":"Regal Pillow"},{"floor":28,"key":"Bronze Scales"}],"event_choices":[{"event_name":"Ghosts","player_choice":"Ignored","floor":21,"damage_taken":0},{"event_name":"Drug Dealer","player_choice":"Got JAX","floor":25,"damage_taken":0}],"is_beta":false,"boss_relics":[{"not_picked":["Snecko Eye","Runic Cube"],"picked":"Philosopher\u0027s Stone"}],"items_purged_floors":[],"is_endless":false,"potions_floor_spawned":[1,6,11,12,22,24,28],"killed_by":"Centurion and Healer","ascension_level":2}