{"gold_per_floor":[118,137,137,3,14,14,14,14,14,14,33,358,372,372,372,448,448,464,479,479,479,498,498,516,536,617,617],"floor_reached":27,"playtime":2010,"items_purged":["Strike_B"],"score":430,"play_id":"da97b827-db20-4bfb-85dc-5acf851367eb","local_time":"20190107033844","is_ascension_mode":true,"campfire_choices":[{"data":"Zap","floor":6,"key":"SMITH"},{"data":"Dualcast","floor":8,"key":"SMITH"},{"data":"Gash","floor":10,"key":"SMITH"},{"floor":15,"key":"REST"},{"floor":23,"key":"REST"}],"neow_cost":"NONE","seed_source_timestamp":46395890991065,"circlet_count":0,"master_deck":["AscendersBane","Strike_B","Strike_B","Strike_B","Defend_B","Defend_B","Defend_B","Defend_B","Zap+1","Dualcast+1","Compile Driver","Gash+1","Cold Snap+1","Gash+1","Ball Lightning+1","Beam Cell+1","Self Repair","Echo Form","Conserve Battery","Cold Snap+1","Gash+1","Genetic Algorithm","Steam"],"relics":["Cracked Core","NeowsBlessing","Molten Egg 2","Anchor","Sozu","Nloth\u0027s Gift"],"potions_floor_usage":[16,27,27],"damage_taken":[{"damage":0,"enemies":"Small Slimes","floor":1,"turns":1},{"damage":0,"enemies":"2 Louse","floor":2,"turns":1},{"damage":0,"enemies":"Jaw Worm","floor":5,"turns":1},{"damage":7,"enemies":"Red Slaver","floor":11,"turns":2},{"damage":8,"enemies":"3 Sentries","floor":12,"turns":5},{"damage":3,"enemies":"Blue Slaver","floor":13,"turns":2},{"damage":35,"enemies":"The Guardian","floor":16,"turns":11},{"damage":18,"enemies":"2 Thieves","floor":18,"turns":4},{"damage":9,"enemies":"Spheric Guardian","floor":19,"turns":4},{"damage":30,"enemies":"Snake Plant","floor":22,"turns":5},{"damage":16,"enemies":"Centurion and Healer","floor":24,"turns":5},{"damage":36,"enemies":"Snecko","floor":25,"turns":7},{"damage":23,"enemies":"Shelled Parasite and Fungi","floor":27,"turns":4}],"seed_played":"609198952773166768","potions_obtained":[{"floor":2,"key":"SteroidPotion"},{"floor":11,"key":"Weak Potion"},{"floor":12,"key":"Poison Potion"},{"floor":16,"key":"EntropicBrew"}],"is_trial":false,"path_per_floor":["M","M","?","$","M","R","?","R","T","R","M","E","M","?","R","B",null,"M","M","?","?","M","R","M","M","T","M"],"character_chosen":"DEFECT","items_purchased":["Cold Snap+1"],"campfire_rested":2,"item_purchase_floors":[4],"current_hp_per_floor":[64,64,53,53,53,53,53,53,53,53,46,38,35,35,56,28,60,49,47,47,47,31,52,43,21,21,0],"gold":617,"neow_bonus":"THREE_ENEMY_KILL","is_prod":false,"is_daily":false,"chose_seed":false,"campfire_upgraded":3,"win_rate":0,"timestamp":1546843124,"path_taken":["M","M","?","$","M","R","?","R","T","R","M","E","M","?","R","BOSS","M","M","?","?","M","R","M","M","T","?"],"build_version":"2019-01-03v4","purchased_purges":1,"victory":false,"max_hp_per_floor":[71,71,71,71,71,71,71,71,71,71,71,71,71,71,71,71,71,71,71,71,71,71,71,71,71,71,71],"card_choices":[{"not_picked":["Coolheaded","Redo"],"picked":"Compile Driver","floor":1},{"not_picked":["Consume","Turbo"],"picked":"Gash","floor":2},{"not_picked":["Steam","Redo"],"picked":"Gash+1","floor":5},{"not_picked":["Go for the Eyes+1","Leap"],"picked":"Ball Lightning+1","floor":11},{"not_picked":["Biased Cognition","Conserve Battery"],"picked":"Beam Cell+1","floor":12},{"not_picked":["Beam Cell+1","Turbo"],"picked":"Self Repair","floor":13},{"not_picked":["Core Surge+1","Buffer"],"picked":"Echo Form","floor":16},{"not_picked":["Cold Snap+1","Melter+1"],"picked":"Conserve Battery","floor":18},{"not_picked":["Heatsinks","Blizzard+1"],"picked":"Cold Snap+1","floor":19},{"not_picked":["Melter+1","Rebound+1"],"picked":"Gash+1","floor":22},{"not_picked":["Tempest","Fusion"],"picked":"Genetic Algorithm","floor":24},{"not_picked":["Sweeping Beam+1","Force Field+1"],"picked":"Steam","floor":25}],"player_experience":736589,"relics_obtained":[{"floor":12,"key":"Old Coin"}],"event_choices":[{"damage_healed":0,"gold_gain":0,"player_choice":"Success","damage_taken":11,"relics_obtained":["Molten Egg 2"],"max_hp_gain":0,"max_hp_loss":0,"event_name":"Scrap Ooze","floor":3,"gold_loss":0},{"damage_healed":0,"gold_gain":0,"player_choice":"Ignored","damage_taken":0,"max_hp_gain":0,"max_hp_loss":0,"event_name":"Liars Game","floor":7,"gold_loss":0},{"damage_healed":0,"gold_gain":0,"player_choice":"Searched \u00271\u0027 times","damage_taken":0,"relics_obtained":["Anchor"],"max_hp_gain":0,"max_hp_loss":0,"event_name":"Dead Adventurer","floor":14,"gold_loss":0},{"damage_healed":0,"gold_gain":0,"player_choice":"Ignored","damage_taken":0,"max_hp_gain":0,"max_hp_loss":0,"event_name":"Vampires","floor":20,"gold_loss":0},{"damage_healed":0,"gold_gain":0,"player_choice":"Traded Relic","damage_taken":0,"relics_obtained":["Nloth\u0027s Gift"],"max_hp_gain":0,"max_hp_loss":0,"event_name":"N\u0027loth","floor":21,"relics_lost":["Old Coin"],"gold_loss":0}],"is_beta":false,"boss_relics":[{"not_picked":["Lizard Tail","Coffee Dripper"],"picked":"Sozu"}],"items_purged_floors":[4],"is_endless":false,"potions_floor_spawned":[2,11,12,16,24],"killed_by":"Shelled Parasite and Fungi","ascension_level":20}