{"gold_per_floor":[113,127,140,215,14,45,45,63,63,97,97,57,70,87,87,190,190,203,216,70,89,188,188,288,300,300,315,347,347,347,58,58,162,162,172,72,86,12,12,12,44,10,35,35,47,47,79,79,79,79,79,79,29,56,56],"floor_reached":55,"playtime":2191,"items_purged":["Strike_R","Strike_R","Strike_R"],"score":758,"play_id":"974a2478-a1f6-4286-89a7-5f188bd97d49","local_time":"20181223174756","is_ascension_mode":false,"campfire_choices":[{"data":"Heavy Blade","floor":7,"key":"SMITH"},{"data":"Spot Weakness","floor":11,"key":"SMITH"},{"data":"Inflame","floor":15,"key":"SMITH"},{"data":"Demon Form","floor":23,"key":"SMITH"},{"data":"Shockwave","floor":29,"key":"SMITH"},{"floor":32,"key":"REST"},{"data":"Flame Barrier","floor":40,"key":"SMITH"},{"data":"Power Through","floor":44,"key":"SMITH"},{"data":"Evolve","floor":46,"key":"SMITH"},{"floor":49,"key":"RECALL"},{"data":"Corruption","floor":52,"key":"SMITH"}],"neow_cost":"NONE","seed_source_timestamp":3616201713509,"circlet_count":0,"master_deck":["Strike_R","Defend_R","Defend_R","Defend_R","Defend_R","Bash+1","Inflame+1","Spot Weakness+1","Heavy Blade+1","Shockwave+1","Iron Wave","Impervious","Battle Trance","Demon Form+1","Shrug It Off","Headbutt","True Grit+1","Sword Boomerang+1","Good Instincts","Shrug It Off","Corruption+1","Offering","Entrench+1","Flame Barrier+1","Evolve+1","Power Through+1"],"relics":["Burning Blood","Vajra","Strawberry","Blue Candle","Orrery","PreservedInsect","Ancient Tea Set","Velvet Choker","Letter Opener","Smiling Mask","Centennial Puzzle","Self Forming Clay"],"potions_floor_usage":[8,18,25,28,28,47,54,54,55],"damage_taken":[{"damage":8,"enemies":"Jaw Worm","floor":1,"turns":4},{"damage":1,"enemies":"Cultist","floor":2,"turns":3},{"damage":0,"enemies":"Small Slimes","floor":3,"turns":3},{"damage":6,"enemies":"Gremlin Nob","floor":6,"turns":3},{"damage":13,"enemies":"Gremlin Gang","floor":8,"turns":4},{"damage":17,"enemies":"3 Sentries","floor":10,"turns":5},{"damage":5,"enemies":"Looter","floor":13,"turns":3},{"damage":3,"enemies":"Exordium Wildlife","floor":14,"turns":5},{"damage":33,"enemies":"Hexaghost","floor":16,"turns":5},{"damage":25,"enemies":"Spheric Guardian","floor":18,"turns":4},{"damage":12,"enemies":"Shell Parasite","floor":19,"turns":3},{"damage":13,"enemies":"Centurion and Healer","floor":21,"turns":6},{"damage":18,"enemies":"Cultist and Chosen","floor":25,"turns":7},{"damage":18,"enemies":"Shelled Parasite and Fungi","floor":27,"turns":4},{"damage":7,"enemies":"Slavers","floor":28,"turns":2},{"damage":28,"enemies":"Champ","floor":33,"turns":10},{"damage":8,"enemies":"3 Darklings","floor":35,"turns":6},{"damage":6,"enemies":"3 Shapes","floor":37,"turns":7},{"damage":18,"enemies":"Giant Head","floor":41,"turns":6},{"damage":7,"enemies":"Jaw Worm Horde","floor":45,"turns":5},{"damage":12,"enemies":"Reptomancer","floor":47,"turns":4},{"damage":40,"enemies":"Donu and Deca","floor":50,"turns":7},{"damage":43,"enemies":"Shield and Spear","floor":54,"turns":7},{"damage":56,"enemies":"The Heart","floor":55,"turns":3}],"seed_played":"1018144925602336571","potions_obtained":[{"floor":3,"key":"Dexterity Potion"},{"floor":10,"key":"SkillPotion"},{"floor":14,"key":"BloodPotion"},{"floor":19,"key":"AttackPotion"},{"floor":25,"key":"Fire Potion"},{"floor":35,"key":"Explosive Potion"},{"floor":45,"key":"Swift Potion"},{"floor":54,"key":"Poison Potion"}],"is_trial":false,"path_per_floor":["M","M","M","?","$","E","R","M","T","E","R","$","M","M","R","B",null,"M","M","$","M","?","R","?","M","T","M","E","R","?","$","R","B",null,"M","$","M","$","?","R","E","$","T","R","M","R","E","?","R","B",null,"R","$","E","B"],"character_chosen":"IRONCLAD","items_purchased":["Vajra","Block Potion","Battle Trance","PreservedInsect","Good Instincts","Shrug It Off","Corruption","Evolve","Power Through"],"campfire_rested":1,"item_purchase_floors":[5,5,12,20,31,31,31,38,42],"current_hp_per_floor":[78,80,80,72,72,79,79,72,72,61,61,61,62,65,65,38,87,68,62,62,55,55,55,55,51,51,39,38,38,21,21,48,26,92,90,90,90,90,90,90,78,78,78,78,77,77,71,71,71,37,92,92,92,55,0],"gold":56,"neow_bonus":"UPGRADE_CARD","is_prod":false,"is_daily":false,"chose_seed":false,"campfire_upgraded":9,"win_rate":0,"timestamp":1545598076,"path_taken":["M","M","M","?","$","E","R","M","T","E","R","$","?","M","R","BOSS","M","M","$","M","?","R","?","M","T","?","E","R","?","?","R","BOSS","M","$","M","$","?","R","E","$","T","R","M","R","E","?","R","BOSS","R","$","E","BOSS"],"build_version":"2018-12-20","purchased_purges":3,"victory":false,"max_hp_per_floor":[80,80,80,80,80,87,87,87,87,87,87,87,87,87,87,87,87,87,87,87,87,87,87,87,87,87,87,87,87,92,92,92,92,92,92,92,92,92,92,92,92,92,92,92,92,92,92,92,92,92,92,92,92,92,92],"card_choices":[{"not_picked":["Thunderclap","Corruption"],"picked":"Inflame","floor":1},{"not_picked":["Shockwave","Evolve"],"picked":"Spot Weakness","floor":2},{"not_picked":["Sword Boomerang","Metallicize"],"picked":"Heavy Blade","floor":3},{"not_picked":["Fire Breathing","Rampage"],"picked":"Shockwave","floor":6},{"not_picked":["Havoc","Hemokinesis"],"picked":"Iron Wave","floor":8},{"not_picked":["Cleave","Headbutt"],"picked":"Impervious","floor":10},{"not_picked":["Fire Breathing","Anger","Perfected Strike"],"picked":"SKIP","floor":13},{"not_picked":["Uppercut","Clash","Searing Blow"],"picked":"SKIP","floor":14},{"not_picked":["Bludgeon","Feed"],"picked":"Demon Form","floor":16},{"not_picked":["Spot Weakness","Armaments"],"picked":"Shrug It Off","floor":17},{"not_picked":["Hemokinesis","Reckless Charge"],"picked":"Headbutt","floor":17},{"not_picked":["Battle Trance+1","Clothesline","Thunderclap+1"],"picked":"SKIP","floor":18},{"not_picked":["Wild Strike","Power Through"],"picked":"True Grit+1","floor":19},{"not_picked":["Infernal Blade","Second Wind","Cleave"],"picked":"SKIP","floor":21},{"not_picked":["Rampage","Burning Pact+1"],"picked":"Sword Boomerang+1","floor":25},{"not_picked":["Entrench","Battle Trance","Power Through"],"picked":"SKIP","floor":27},{"not_picked":["Pummel","Immolate","Clash"],"picked":"SKIP","floor":28},{"not_picked":["Bludgeon","Exhume"],"picked":"Offering","floor":33},{"not_picked":["Thunderclap+1","Power Through"],"picked":"Entrench+1","floor":35},{"not_picked":["Cleave+1","Headbutt+1"],"picked":"Flame Barrier","floor":37},{"not_picked":["Intimidate+1","Brutality","Warcry+1"],"picked":"SKIP","floor":41},{"not_picked":["Hemokinesis","Anger+1","Flex+1"],"picked":"SKIP","floor":45},{"not_picked":["Carnage+1","Body Slam+1","Warcry"],"picked":"SKIP","floor":47},{"not_picked":["Clash","Burning Pact+1","Perfected Strike"],"picked":"SKIP","floor":54}],"player_experience":620012,"relics_obtained":[{"floor":6,"key":"Strawberry"},{"floor":10,"key":"Blue Candle"},{"floor":26,"key":"Ancient Tea Set"},{"floor":41,"key":"Letter Opener"},{"floor":43,"key":"Smiling Mask"},{"floor":47,"key":"Centennial Puzzle"},{"floor":54,"key":"Self Forming Clay"}],"event_choices":[{"damage_healed":0,"gold_gain":75,"player_choice":"Touch","damage_taken":8,"max_hp_gain":0,"max_hp_loss":0,"event_name":"FaceTrader","floor":4,"gold_loss":0},{"damage_healed":0,"gold_gain":99,"player_choice":"Stole From Cult","damage_taken":0,"max_hp_gain":0,"max_hp_loss":0,"event_name":"Nest","floor":22,"gold_loss":0},{"damage_healed":0,"gold_gain":100,"player_choice":"Pray","damage_taken":0,"max_hp_gain":0,"max_hp_loss":0,"event_name":"Golden Shrine","floor":24,"gold_loss":0},{"damage_healed":0,"gold_gain":0,"player_choice":"Shed Blood","damage_taken":22,"max_hp_gain":5,"max_hp_loss":0,"event_name":"Forgotten Altar","floor":30,"gold_loss":0},{"cards_removed":["Strike_R"],"damage_healed":0,"gold_gain":0,"player_choice":"Removed Attack","damage_taken":0,"max_hp_gain":0,"max_hp_loss":0,"event_name":"Falling","floor":39,"gold_loss":0},{"damage_healed":0,"gold_gain":0,"player_choice":"Memory 1","damage_taken":0,"max_hp_gain":0,"max_hp_loss":0,"event_name":"SensoryStone","floor":48,"gold_loss":0}],"is_beta":false,"boss_relics":[{"not_picked":["Pandora\u0027s Box","Runic Cube"],"picked":"Orrery"},{"not_picked":["Lizard Tail","Astrolabe"],"picked":"Velvet Choker"}],"items_purged_floors":[31,36,53],"is_endless":false,"potions_floor_spawned":[3,10,14,16,19,21,25,35,45,54],"killed_by":"The Heart","ascension_level":0}