{"gold_per_floor":[110,185,199,299,316,316,336,336,336,350,350,370,385,350,350,429,429,448,448,459,384,398,398,415,395,472,472,486,486,34,34,34,34],"floor_reached":33,"playtime":1055,"items_purged":["Decay"],"score":482,"play_id":"f9c56b2f-fd8a-4d8d-8195-04d4e886e25f","local_time":"20190108004121","is_ascension_mode":true,"campfire_choices":[{"data":"Loop","floor":6,"key":"SMITH"},{"data":"Zap","floor":8,"key":"SMITH"},{"data":"Steam","floor":11,"key":"SMITH"},{"data":"Capacitor","floor":15,"key":"SMITH"},{"data":"Steam","floor":27,"key":"SMITH"},{"floor":29,"key":"REST"},{"floor":32,"key":"REST"}],"neow_cost":"CURSE","seed_source_timestamp":1216227803676,"circlet_count":0,"master_deck":["AscendersBane","Strike_B","Strike_B","Strike_B","Defend_B","Defend_B+1","Defend_B","Defend_B","Zap+1","Dualcast","Compile Driver","Loop+1","Doom and Gloom","Ball Lightning","Steam+1","Ball Lightning","Capacitor+1","Electrodynamics","Steam+1","Undo+1","Cold Snap","Conserve Battery+1","Mayhem"],"relics":["Cracked Core","Thread and Needle","Omamori","Busted Crown","Blue Candle","Mummified Hand","War Paint"],"potions_floor_usage":[16,20,31,31],"damage_taken":[{"damage":0,"enemies":"Jaw Worm","floor":1,"turns":3},{"damage":2,"enemies":"Cultist","floor":3,"turns":3},{"damage":6,"enemies":"2 Louse","floor":5,"turns":2},{"damage":14,"enemies":"Exordium Wildlife","floor":7,"turns":4},{"damage":7,"enemies":"3 Louse","floor":10,"turns":2},{"damage":4,"enemies":"2 Fungi Beasts","floor":12,"turns":3},{"damage":8,"enemies":"Lots of Slimes","floor":13,"turns":3},{"damage":20,"enemies":"Hexaghost","floor":16,"turns":7},{"damage":20,"enemies":"2 Thieves","floor":18,"turns":3},{"damage":1,"enemies":"Spheric Guardian","floor":20,"turns":4},{"damage":0,"enemies":"3 Cultists","floor":22,"turns":3},{"damage":4,"enemies":"Centurion and Healer","floor":24,"turns":6},{"damage":9,"enemies":"Snake Plant","floor":28,"turns":4},{"damage":0,"enemies":"Sentry and Sphere","floor":31,"turns":3},{"damage":77,"enemies":"Collector","floor":33,"turns":9}],"seed_played":"2948487577109964093","potions_obtained":[{"floor":5,"key":"SpeedPotion"},{"floor":12,"key":"SpeedPotion"},{"floor":18,"key":"SneckoOil"},{"floor":24,"key":"Fire Potion"},{"floor":25,"key":"SmokeBomb"}],"is_trial":false,"path_per_floor":["M","?","M","?","M","R","M","R","T","M","R","M","M","?","R","B",null,"M","?","M","?","M","?","M","?","T","R","M","R","$","M","R","B"],"character_chosen":"DEFECT","items_purchased":["Mayhem","War Paint"],"campfire_rested":2,"item_purchase_floors":[30,30],"current_hp_per_floor":[64,53,51,51,45,45,31,31,31,24,24,20,12,29,29,9,56,36,36,35,35,35,35,31,31,31,31,22,43,43,43,64,0],"gold":34,"neow_bonus":"ONE_RARE_RELIC","is_prod":false,"is_daily":false,"chose_seed":false,"campfire_upgraded":5,"win_rate":0,"timestamp":1546918881,"path_taken":["M","?","M","?","M","R","?","R","T","M","R","M","M","?","R","BOSS","M","?","M","?","M","?","?","?","T","R","M","R","$","M","R","BOSS"],"build_version":"2019-01-03v4","purchased_purges":1,"victory":false,"max_hp_per_floor":[71,71,71,71,71,71,71,71,71,71,71,71,71,71,71,71,71,71,71,71,71,71,71,71,71,71,71,71,71,71,71,71,71],"card_choices":[{"not_picked":["Coolheaded","Conserve Battery"],"picked":"Compile Driver","floor":1},{"not_picked":["Steam","Blizzard"],"picked":"Loop","floor":3},{"not_picked":["Scrape","Leap"],"picked":"Doom and Gloom","floor":5},{"not_picked":["Streamline","Gash"],"picked":"Ball Lightning","floor":7},{"not_picked":["Steam Power","Beam Cell"],"picked":"Steam","floor":10},{"not_picked":["Turbo","Beam Cell"],"picked":"Ball Lightning","floor":12},{"not_picked":["Stack","Coolheaded"],"picked":"Capacitor","floor":13},{"not_picked":["Rainbow","Machine Learning"],"picked":"Electrodynamics","floor":16},{"not_picked":[],"picked":"Steam","floor":18},{"not_picked":[],"picked":"Undo+1","floor":20},{"not_picked":[],"picked":"Cold Snap","floor":22},{"not_picked":[],"picked":"Conserve Battery","floor":24},{"not_picked":["FTL"],"picked":"SKIP","floor":28}],"player_experience":739653,"relics_obtained":[{"floor":9,"key":"Omamori"},{"floor":26,"key":"Mummified Hand"}],"event_choices":[{"damage_healed":0,"gold_gain":75,"player_choice":"Gather Gold","damage_taken":11,"max_hp_gain":0,"max_hp_loss":0,"event_name":"World of Goop","floor":2,"gold_loss":0},{"damage_healed":0,"gold_gain":100,"player_choice":"Gold","damage_taken":0,"max_hp_gain":0,"max_hp_loss":0,"event_name":"Wheel of Change","floor":4,"gold_loss":0},{"damage_healed":17,"gold_gain":0,"player_choice":"Healed","damage_taken":0,"max_hp_gain":0,"max_hp_loss":0,"event_name":"The Cleric","floor":14,"gold_loss":35},{"damage_healed":0,"gold_gain":0,"player_choice":"Ignored","damage_taken":0,"max_hp_gain":0,"max_hp_loss":0,"event_name":"Cursed Tome","floor":19,"gold_loss":0},{"cards_removed":["Strike_B"],"damage_healed":0,"gold_gain":0,"player_choice":"Gave Gold","damage_taken":0,"max_hp_gain":0,"max_hp_loss":0,"event_name":"Beggar","floor":21,"gold_loss":75},{"damage_healed":0,"gold_gain":0,"player_choice":"Gave Potion","damage_taken":0,"relics_obtained":["Blue Candle"],"max_hp_gain":0,"max_hp_loss":0,"event_name":"WeMeetAgain","floor":23,"gold_loss":0},{"damage_healed":0,"gold_gain":0,"player_choice":"Bought 1 Potion","damage_taken":0,"max_hp_gain":0,"max_hp_loss":0,"event_name":"The Woman in Blue","floor":25,"gold_loss":0}],"is_beta":false,"boss_relics":[{"not_picked":["Eternal Feather","Ectoplasm"],"picked":"Busted Crown"}],"items_purged_floors":[30],"is_endless":false,"potions_floor_spawned":[5,12,18,24],"killed_by":"Collector","ascension_level":20}