{"gold_per_floor":[109,184,202,202,202,233,248,277,351,362,381,400,400,464,464,565,565,585,35,48,61,87,117,117,132,132,32,32,47,147,147,147,247,247,267,281,121,121,133,133,144,173,199,199,199,49,79,90,90,90],"floor_reached":51,"playtime":3814,"items_purged":["Defend_R","Defend_R","Defend_R","Metamorphosis"],"score":808,"play_id":"e0ae3787-8e24-4b24-ae41-8719924ff08c","local_time":"20181215184045","is_ascension_mode":true,"campfire_choices":[{"data":"Demon Form","floor":13,"key":"SMITH"},{"data":"Immolate","floor":15,"key":"SMITH"},{"data":"Strike_R","floor":24,"key":"PURGE"},{"data":"Strike_R","floor":28,"key":"PURGE"},{"floor":32,"key":"REST"},{"data":"Cleave","floor":40,"key":"SMITH"},{"floor":45,"key":"REST"},{"data":"Defend_R","floor":49,"key":"PURGE"}],"neow_cost":"NONE","seed_source_timestamp":163094560260675,"circlet_count":0,"master_deck":["Strike_R+1","Bash","Cleave+1","Headbutt","Feed","Clash","Immolate+1","Iron Wave","Demon Form+1","Power Through","Thunderclap+1","Seeing Red","Clothesline+1","Spot Weakness","Infernal Blade+1","Pummel+1","Limit Break+1","Inflame","Flex+1","Intimidate+1","Power Through+1"],"relics":["Burning Blood","NeowsBlessing","Incense Burner","Boot","Meat on the Bone","Tiny Chest","Black Star","Peace Pipe","Red Mask","Gremlin Horn","Blood Vial","Toxic Egg 2","Torii","Darkstone Periapt","Busted Crown","Frozen Egg 2","Regal Pillow","Pen Nib","Pear","Gambling Chip","Kunai"],"potions_floor_usage":[23,33,33,42],"damage_taken":[{"damage":0,"enemies":"2 Louse","floor":1,"turns":1},{"damage":0,"enemies":"Small Slimes","floor":3,"turns":1},{"damage":0,"enemies":"3 Sentries","floor":6,"turns":1},{"damage":13,"enemies":"Jaw Worm","floor":7,"turns":3},{"damage":29,"enemies":"Lagavulin","floor":8,"turns":7},{"damage":0,"enemies":"3 Louse","floor":10,"turns":4},{"damage":2,"enemies":"Blue Slaver","floor":11,"turns":3},{"damage":0,"enemies":"Large Slime","floor":12,"turns":3},{"damage":28,"enemies":"Gremlin Nob","floor":14,"turns":5},{"damage":30,"enemies":"Slime Boss","floor":16,"turns":8},{"damage":17,"enemies":"Shell Parasite","floor":18,"turns":4},{"damage":22,"enemies":"Spheric Guardian","floor":20,"turns":4},{"damage":16,"enemies":"3 Cultists","floor":21,"turns":4},{"damage":28,"enemies":"Masked Bandits","floor":22,"turns":5},{"damage":2,"enemies":"Gremlin Leader","floor":23,"turns":7},{"damage":39,"enemies":"Shelled Parasite and Fungi","floor":25,"turns":5},{"damage":33,"enemies":"Snake Plant","floor":29,"turns":4},{"damage":14,"enemies":"Colosseum Slavers","floor":30,"turns":2},{"damage":30,"enemies":"Colosseum Nobs","floor":30,"turns":5},{"damage":60,"enemies":"Collector","floor":33,"turns":9},{"damage":9,"enemies":"3 Shapes","floor":35,"turns":4},{"damage":0,"enemies":"3 Darklings","floor":36,"turns":3},{"damage":7,"enemies":"Sphere and 2 Shapes","floor":39,"turns":2},{"damage":51,"enemies":"4 Shapes","floor":41,"turns":6},{"damage":36,"enemies":"Nemesis","floor":42,"turns":6},{"damage":25,"enemies":"Reptomancer","floor":47,"turns":5},{"damage":8,"enemies":"Writhing Mass","floor":48,"turns":4},{"damage":67,"enemies":"Donu and Deca","floor":50,"turns":7}],"seed_played":"-3384322670165978109","potions_obtained":[{"floor":8,"key":"BloodPotion"},{"floor":10,"key":"Ancient Potion"},{"floor":11,"key":"PowerPotion"},{"floor":12,"key":"FairyPotion"},{"floor":14,"key":"EssenceOfSteel"},{"floor":23,"key":"Dexterity Potion"},{"floor":33,"key":"Fire Potion"},{"floor":36,"key":"AttackPotion"},{"floor":48,"key":"Fire Potion"}],"is_trial":false,"path_per_floor":["M","?","M","?","?","E","M","E","T","M","M","M","R","E","R","B",null,"M","$","M","M","?","E","R","M","T","$","R","M","?","?","R","B",null,"M","M","$","?","M","R","M","E","T","T","R","$","E","M","R","B",null],"character_chosen":"IRONCLAD","items_purchased":["Metamorphosis","Peace Pipe","Inflame"],"campfire_rested":2,"item_purchase_floors":[19,19,37],"current_hp_per_floor":[80,69,75,75,59,65,61,41,41,62,69,78,78,59,59,50,101,93,93,80,73,66,81,81,65,65,65,65,55,51,51,86,46,119,119,122,122,122,121,121,80,64,64,74,129,129,112,115,115,68],"gold":90,"neow_bonus":"THREE_ENEMY_KILL","is_prod":false,"is_daily":false,"chose_seed":false,"campfire_upgraded":3,"win_rate":0,"timestamp":1544928045,"path_taken":["M","?","M","?","?","E","?","E","T","M","M","M","R","E","R","BOSS","M","$","M","M","?","E","R","M","T","$","R","M","?","?","R","BOSS","M","M","$","?","M","R","?","E","T","?","R","$","E","M","R","BOSS"],"build_version":"2018-12-13","purchased_purges":4,"victory":true,"max_hp_per_floor":[80,80,80,80,80,80,83,86,86,89,92,95,95,98,98,101,101,104,104,107,110,113,113,113,116,116,116,116,119,119,119,119,119,119,122,122,122,122,122,122,125,125,125,135,135,135,135,138,138,138],"card_choices":[{"not_picked":["Thunderclap","Flex"],"picked":"Cleave","floor":1},{"not_picked":["Wild Strike","Pommel Strike"],"picked":"Headbutt","floor":3},{"not_picked":["True Grit","Twin Strike"],"picked":"Feed","floor":6},{"not_picked":["Body Slam","Wild Strike"],"picked":"Clash","floor":7},{"not_picked":["Wild Strike","Armaments"],"picked":"Immolate","floor":8},{"not_picked":["Heavy Blade","Body Slam"],"picked":"Iron Wave","floor":10},{"not_picked":["Sever Soul","Iron Wave","Anger"],"picked":"SKIP","floor":11},{"not_picked":["Anger","Clash"],"picked":"Demon Form","floor":12},{"not_picked":["Searing Blow","Bloodletting","Armaments"],"picked":"SKIP","floor":14},{"not_picked":["Twin Strike","Combust"],"picked":"Power Through","floor":18},{"not_picked":["Armaments","Perfected Strike+1"],"picked":"Thunderclap+1","floor":20},{"not_picked":["Headbutt+1","Fire Breathing"],"picked":"Seeing Red","floor":21},{"not_picked":["Corruption","Bloodletting"],"picked":"Clothesline+1","floor":22},{"not_picked":["Metallicize","Heavy Blade"],"picked":"Spot Weakness","floor":23},{"not_picked":["Cleave","Headbutt","Bludgeon"],"picked":"SKIP","floor":25},{"not_picked":["Iron Wave","Sword Boomerang"],"picked":"Infernal Blade+1","floor":29},{"not_picked":["Clothesline","Intimidate+1"],"picked":"Pummel+1","floor":30},{"not_picked":["Impervious+1","Berserk"],"picked":"Limit Break+1","floor":33},{"not_picked":["Second Wind+1"],"picked":"SKIP","floor":35},{"not_picked":["Perfected Strike+1"],"picked":"SKIP","floor":36},{"not_picked":["Heavy Blade"],"picked":"SKIP","floor":39},{"not_picked":[],"picked":"Flex+1","floor":41},{"not_picked":["Cleave+1"],"picked":"SKIP","floor":42},{"not_picked":[],"picked":"Intimidate+1","floor":47},{"not_picked":[],"picked":"Power Through+1","floor":48}],"player_experience":51417,"relics_obtained":[{"floor":6,"key":"Incense Burner"},{"floor":8,"key":"Boot"},{"floor":9,"key":"Meat on the Bone"},{"floor":14,"key":"Tiny Chest"},{"floor":22,"key":"Red Mask"},{"floor":23,"key":"Gremlin Horn"},{"floor":23,"key":"Blood Vial"},{"floor":26,"key":"Toxic Egg 2"},{"floor":30,"key":"Torii"},{"floor":30,"key":"Darkstone Periapt"},{"floor":42,"key":"Frozen Egg 2"},{"floor":42,"key":"Regal Pillow"},{"floor":43,"key":"Pen Nib"},{"floor":44,"key":"Pear"},{"floor":47,"key":"Gambling Chip"},{"floor":47,"key":"Kunai"}],"event_choices":[{"damage_healed":0,"gold_gain":75,"player_choice":"Gather Gold","damage_taken":11,"max_hp_gain":0,"max_hp_loss":0,"event_name":"World of Goop","floor":2,"gold_loss":0},{"damage_healed":0,"gold_gain":0,"player_choice":"Ignored","damage_taken":0,"max_hp_gain":0,"max_hp_loss":0,"event_name":"Liars Game","floor":4,"gold_loss":0},{"damage_healed":0,"gold_gain":0,"player_choice":"Entered Light","damage_taken":16,"max_hp_gain":0,"max_hp_loss":0,"event_name":"Shining Light","floor":5,"gold_loss":0,"cards_upgraded":["Strike_R","Strike_R"]},{"damage_healed":0,"gold_gain":0,"player_choice":"Fought Bandits","damage_taken":0,"max_hp_gain":0,"max_hp_loss":0,"event_name":"Masked Bandits","floor":22,"gold_loss":0},{"damage_healed":0,"gold_gain":0,"player_choice":"Fight","damage_taken":0,"max_hp_gain":0,"max_hp_loss":0,"event_name":"Colosseum","floor":30,"gold_loss":0},{"damage_healed":0,"gold_gain":0,"player_choice":"Fought Nobs","damage_taken":0,"max_hp_gain":0,"max_hp_loss":0,"event_name":"Colosseum","floor":30,"gold_loss":0},{"cards_removed":["Strike_R"],"damage_healed":0,"gold_gain":0,"player_choice":"Elegance","damage_taken":0,"max_hp_gain":0,"max_hp_loss":0,"event_name":"Back to Basics","floor":31,"gold_loss":0},{"cards_removed":["Strike_R"],"damage_healed":0,"gold_gain":0,"player_choice":"Card Removal","damage_taken":0,"max_hp_gain":0,"max_hp_loss":0,"event_name":"Wheel of Change","floor":38,"gold_loss":0}],"is_beta":false,"boss_relics":[{"not_picked":["Runic Cube","Mark of Pain"],"picked":"Black Star"},{"not_picked":["White Beast Statue","Snecko Eye"],"picked":"Busted Crown"}],"items_purged_floors":[19,27,37,46],"is_endless":false,"potions_floor_spawned":[8,10,11,12,14,21,22,23,30,33,36,48],"ascension_level":1}