{"gold_per_floor":[112,112,112,132,82,109,119,146,146,203,203,230,248,279,279,379,379,391,227,246,446,460,460,472,472,472,131,131,151,151,161,161,161],"floor_reached":33,"playtime":2028,"items_purged":["Defend_R","Strike_R"],"score":292,"play_id":"fdd0264c-2fed-4d3d-883f-b3b7a005ec9a","local_time":"20181217222005","is_ascension_mode":true,"campfire_choices":[{"floor":11,"key":"REST"},{"floor":15,"key":"REST"},{"floor":23,"key":"REST"},{"floor":32,"key":"REST"}],"neow_cost":"TEN_PERCENT_HP_LOSS","seed_source_timestamp":180997805170962,"circlet_count":0,"master_deck":["Defend_R+1","Defend_R+1","Defend_R+1","Rampage","Cleave","Cleave","Inflame","Intimidate+1","Sever Soul","Dual Wield","Barricade","Entrench","Demon Form","Forethought","True Grit","Purity","Burning Pact","Rupture","Bash","Metallicize"],"relics":["Burning Blood","Darkstone Periapt","Gremlin Horn","Omamori","Mercury Hourglass","War Paint","Bronze Scales","Empty Cage","Pear","Lantern"],"potions_floor_usage":[10,10,13,14,22,31,31,33],"damage_taken":[{"damage":0,"enemies":"Small Slimes","floor":1,"turns":3},{"damage":2,"enemies":"Jaw Worm","floor":4,"turns":3},{"damage":10,"enemies":"3 Sentries","floor":6,"turns":4},{"damage":1,"enemies":"Cultist","floor":7,"turns":3},{"damage":28,"enemies":"Gremlin Nob","floor":8,"turns":4},{"damage":20,"enemies":"Lagavulin Event","floor":10,"turns":5},{"damage":15,"enemies":"Large Slime","floor":13,"turns":5},{"damage":24,"enemies":"Lagavulin","floor":14,"turns":8},{"damage":5,"enemies":"Slime Boss","floor":16,"turns":13},{"damage":14,"enemies":"3 Byrds","floor":18,"turns":4},{"damage":13,"enemies":"Spheric Guardian","floor":20,"turns":4},{"damage":24,"enemies":"Snake Plant","floor":22,"turns":4},{"damage":18,"enemies":"3 Cultists","floor":24,"turns":4},{"damage":24,"enemies":"Centurion and Healer","floor":29,"turns":8},{"damage":40,"enemies":"Snecko","floor":31,"turns":7},{"damage":84,"enemies":"Automaton","floor":33,"turns":6}],"seed_played":"5997423449754102625","potions_obtained":[{"floor":1,"key":"Ancient Potion"},{"floor":6,"key":"SneckoOil"},{"floor":8,"key":"BloodPotion"},{"floor":10,"key":"Dexterity Potion"},{"floor":13,"key":"Block Potion"},{"floor":20,"key":"Dexterity Potion"},{"floor":29,"key":"BloodPotion"},{"floor":31,"key":"Explosive Potion"}],"is_trial":false,"path_per_floor":["M","?","?","M","?","E","M","E","T","?","R","T","M","E","R","B",null,"M","$","M","?","M","R","M","?","T","$","?","M","?","M","R","B"],"character_chosen":"IRONCLAD","items_purchased":["Forethought","Purity","Lantern"],"campfire_rested":4,"item_purchase_floors":[19,27,27],"current_hp_per_floor":[72,58,58,62,62,58,63,41,41,34,55,55,46,28,49,50,72,64,64,57,57,39,60,48,48,58,58,58,40,40,14,38,0],"gold":161,"neow_bonus":"TRANSFORM_TWO_CARDS","is_prod":false,"is_daily":false,"chose_seed":false,"campfire_upgraded":0,"win_rate":0,"timestamp":1545114005,"path_taken":["M","?","?","?","?","E","M","E","T","?","R","?","?","E","R","BOSS","M","$","M","?","?","R","M","?","T","?","?","M","?","?","R","BOSS"],"build_version":"2018-12-13","purchased_purges":2,"victory":false,"max_hp_per_floor":[72,72,72,72,72,72,72,72,72,72,72,72,72,72,72,72,72,72,72,72,72,72,72,72,72,82,82,82,82,82,82,82,82],"card_choices":[{"not_picked":["Rampage","Reckless Charge"],"picked":"Cleave","floor":1},{"not_picked":["Rage","Pommel Strike"],"picked":"Inflame","floor":4},{"not_picked":["Sword Boomerang","Wild Strike","Anger"],"picked":"SKIP","floor":6},{"not_picked":["Body Slam","Pommel Strike"],"picked":"Intimidate","floor":7},{"not_picked":["Twin Strike","Headbutt"],"picked":"Sever Soul","floor":8},{"not_picked":["Perfected Strike","Wild Strike"],"picked":"Dual Wield","floor":10},{"not_picked":["Blood for Blood","Metallicize"],"picked":"Barricade","floor":13},{"not_picked":["Barricade","Cleave"],"picked":"Entrench","floor":14},{"not_picked":["Feed","Berserk"],"picked":"Demon Form","floor":16},{"not_picked":["Armaments","Heavy Blade+1","Flame Barrier"],"picked":"SKIP","floor":18},{"not_picked":["Armaments","Twin Strike"],"picked":"True Grit","floor":20},{"not_picked":["Sword Boomerang","Uppercut","Corruption+1"],"picked":"SKIP","floor":22},{"not_picked":["Dual Wield","Clothesline","Shockwave"],"picked":"SKIP","floor":24},{"not_picked":["Perfected Strike","Pommel Strike"],"picked":"Burning Pact","floor":29},{"not_picked":["Sword Boomerang","Pummel+1"],"picked":"Metallicize","floor":31}],"player_experience":68928,"relics_obtained":[{"floor":3,"key":"Darkstone Periapt"},{"floor":6,"key":"Gremlin Horn"},{"floor":8,"key":"Omamori"},{"floor":9,"key":"Mercury Hourglass"},{"floor":10,"key":"War Paint"},{"floor":14,"key":"Bronze Scales"},{"floor":26,"key":"Pear"}],"event_choices":[{"damage_healed":0,"gold_gain":0,"player_choice":"Entered Light","damage_taken":14,"max_hp_gain":0,"max_hp_loss":0,"event_name":"Shining Light","floor":2,"gold_loss":0,"cards_upgraded":["Defend_R","Defend_R"]},{"damage_healed":0,"gold_gain":0,"player_choice":"Relic","damage_taken":0,"max_hp_gain":0,"max_hp_loss":0,"event_name":"Wheel of Change","floor":3,"gold_loss":0},{"cards_removed":["Strike_R"],"damage_healed":0,"gold_gain":0,"player_choice":"Card Removal","damage_taken":0,"max_hp_gain":0,"max_hp_loss":0,"event_name":"The Cleric","floor":5,"gold_loss":50},{"damage_healed":0,"gold_gain":0,"player_choice":"Searched \u00271\u0027 times","damage_taken":0,"max_hp_gain":0,"max_hp_loss":0,"event_name":"Dead Adventurer","floor":10,"gold_loss":0},{"damage_healed":0,"gold_gain":250,"player_choice":"Bet on Owner","damage_taken":0,"max_hp_gain":0,"max_hp_loss":0,"event_name":"The Joust","floor":21,"gold_loss":50},{"damage_healed":0,"gold_gain":0,"player_choice":"Smashed Altar","damage_taken":0,"max_hp_gain":0,"max_hp_loss":0,"event_name":"Forgotten Altar","floor":25,"gold_loss":0,"cards_obtained":["Decay"]},{"damage_healed":0,"gold_gain":0,"player_choice":"Ignored","damage_taken":0,"max_hp_gain":0,"max_hp_loss":0,"event_name":"Vampires","floor":28,"gold_loss":0},{"damage_healed":0,"gold_gain":0,"player_choice":"2 cards matched","damage_taken":0,"max_hp_gain":0,"max_hp_loss":0,"event_name":"Match and Keep!","floor":30,"gold_loss":0,"cards_obtained":["Rupture","Bash"]},{"damage_healed":0,"gold_gain":0,"player_choice":"2 cards matched","damage_taken":0,"max_hp_gain":0,"max_hp_loss":0,"event_name":"Match and Keep!","floor":30,"gold_loss":0,"cards_obtained":["Rupture","Bash"]}],"is_beta":false,"boss_relics":[{"not_picked":["Fusion Hammer","Runic Pyramid"],"picked":"Empty Cage"}],"items_purged_floors":[19,27],"is_endless":false,"potions_floor_spawned":[1,6,8,10,13,20,29,31],"killed_by":"Automaton","ascension_level":2}