{"gold_per_floor":[116,130,130,130,140,140,156,166,166,193,205,247,259,284,296,385,397,397,397,317,317,317,317,317,317,317,317,317],"floor_reached":28,"playtime":1412,"items_purged":[],"score":524,"play_id":"296c013c-80b5-4091-9915-350c67edbd31","local_time":"20181226182521","is_ascension_mode":true,"campfire_choices":[{"data":"Inflame","floor":6,"key":"SMITH"},{"data":"Inflame","floor":11,"key":"SMITH"},{"data":"Flame Barrier","floor":13,"key":"SMITH"},{"data":"Clothesline","floor":15,"key":"SMITH"},{"floor":23,"key":"REST"},{"floor":25,"key":"REST"}],"neow_cost":"PERCENT_DAMAGE","seed_source_timestamp":5627636833508,"circlet_count":0,"master_deck":["AscendersBane","Strike_R","Strike_R","Strike_R","Strike_R+1","Defend_R","Defend_R","Defend_R","Defend_R","Bash+1","Whirlwind","Iron Wave","Inflame+1","Twin Strike","Feed","Inflame+1","Flame Barrier+1","Clothesline+1","Double Tap","Pummel","Sword Boomerang"],"relics":["Burning Blood","Whetstone","MawBank","Pear","Ectoplasm","Spirit Poop","Blue Candle","Turnip"],"potions_floor_usage":[12,16,22,27,28,28],"damage_taken":[{"damage":12,"enemies":"Small Slimes","floor":1,"turns":4},{"damage":0,"enemies":"2 Louse","floor":2,"turns":2},{"damage":2,"enemies":"Cultist","floor":5,"turns":4},{"damage":12,"enemies":"Looter","floor":7,"turns":3},{"damage":13,"enemies":"Large Slime","floor":8,"turns":4},{"damage":8,"enemies":"Gremlin Nob","floor":10,"turns":3},{"damage":35,"enemies":"3 Sentries","floor":12,"turns":5},{"damage":11,"enemies":"Exordium Thugs","floor":14,"turns":7},{"damage":31,"enemies":"The Guardian","floor":16,"turns":13},{"damage":27,"enemies":"Shell Parasite","floor":18,"turns":5},{"damage":22,"enemies":"2 Thieves","floor":20,"turns":4},{"damage":52,"enemies":"Shelled Parasite and Fungi","floor":22,"turns":5},{"damage":29,"enemies":"Sentry and Sphere","floor":24,"turns":5},{"damage":53,"enemies":"Slavers","floor":27,"turns":4},{"damage":30,"enemies":"Snecko","floor":28,"turns":4}],"seed_played":"6865143116913586490","potions_obtained":[{"floor":1,"key":"Weak Potion"},{"floor":7,"key":"Regen Potion"},{"floor":14,"key":"PowerPotion"},{"floor":20,"key":"SpeedPotion"},{"floor":24,"key":"Strength Potion"},{"floor":27,"key":"Energy Potion"}],"is_trial":false,"path_per_floor":["M","M","?","?","M","R","M","M","T","E","R","E","R","M","R","B",null,"M","?","M","?","M","R","M","R","T","E","M"],"character_chosen":"IRONCLAD","items_purchased":[],"campfire_rested":2,"item_purchase_floors":[],"current_hp_per_floor":[58,64,64,64,68,68,62,55,55,56,56,51,51,49,49,24,85,67,67,54,54,11,45,22,56,56,9,0],"gold":317,"neow_bonus":"TWENTY_PERCENT_HP_BONUS","is_prod":false,"is_daily":false,"chose_seed":false,"campfire_upgraded":4,"win_rate":0,"timestamp":1545859521,"path_taken":["M","M","?","?","M","R","?","M","T","E","R","E","R","M","R","BOSS","M","?","M","?","M","R","M","R","T","E","M"],"build_version":"2018-12-20","purchased_purges":0,"victory":false,"max_hp_per_floor":[89,89,89,89,89,89,89,89,89,92,92,102,102,105,105,105,105,108,108,111,111,114,114,114,114,114,114,114],"card_choices":[{"not_picked":["Flex","Corruption"],"picked":"Whirlwind","floor":1},{"not_picked":["Reckless Charge","Perfected Strike"],"picked":"Iron Wave","floor":2},{"not_picked":["Sword Boomerang","Havoc"],"picked":"Inflame","floor":5},{"not_picked":["Armaments","Rupture"],"picked":"Twin Strike","floor":7},{"not_picked":["Shrug It Off","Carnage"],"picked":"Feed","floor":8},{"not_picked":["Anger","Immolate"],"picked":"Inflame","floor":10},{"not_picked":["Warcry","Searing Blow"],"picked":"Flame Barrier","floor":12},{"not_picked":["True Grit","Inflame"],"picked":"Clothesline","floor":14},{"not_picked":["Demon Form","Bludgeon"],"picked":"Double Tap","floor":16},{"not_picked":["Body Slam","Rampage"],"picked":"Pummel","floor":18},{"not_picked":["Intimidate","Perfected Strike","Dropkick"],"picked":"SKIP","floor":20},{"not_picked":["Pummel","Clothesline","Intimidate"],"picked":"SKIP","floor":22},{"not_picked":["Havoc","Pommel Strike","Sever Soul"],"picked":"SKIP","floor":24},{"not_picked":["Havoc","Pommel Strike","Sever Soul"],"picked":"SKIP","floor":24},{"not_picked":["Uppercut","Burning Pact"],"picked":"Sword Boomerang","floor":27}],"player_experience":635073,"relics_obtained":[{"floor":9,"key":"Whetstone"},{"floor":10,"key":"MawBank"},{"floor":12,"key":"Pear"},{"floor":26,"key":"Blue Candle"},{"floor":27,"key":"Turnip"}],"event_choices":[{"damage_healed":0,"gold_gain":0,"player_choice":"Ignored","damage_taken":0,"max_hp_gain":0,"max_hp_loss":0,"event_name":"Liars Game","floor":3,"gold_loss":0},{"cards_removed":["Strike_R"],"damage_healed":0,"gold_gain":0,"player_choice":"Purged","damage_taken":0,"max_hp_gain":0,"max_hp_loss":0,"event_name":"Purifier","floor":4,"gold_loss":0},{"damage_healed":0,"gold_gain":0,"player_choice":"Smashed Altar","damage_taken":0,"max_hp_gain":0,"max_hp_loss":0,"event_name":"Forgotten Altar","floor":19,"gold_loss":0,"cards_obtained":["Decay"]},{"cards_removed":["Decay"],"damage_healed":0,"gold_gain":0,"player_choice":"Offered Curse","damage_taken":0,"relics_obtained":["Spirit Poop"],"max_hp_gain":0,"max_hp_loss":0,"event_name":"Bonfire Elementals","floor":21,"gold_loss":0}],"is_beta":false,"boss_relics":[{"not_picked":["Astrolabe","Pandora\u0027s Box"],"picked":"Ectoplasm"}],"items_purged_floors":[],"is_endless":false,"potions_floor_spawned":[1,7,8,10,14,20,24,27],"killed_by":"Snecko","ascension_level":18}