{"gold_per_floor":[117,49,64,81,96,96,108,143,143,162,192,192,220,240,240,317,317,331,347,362,278,294,294,294,354,423,423,443,65,65,81,81,152,152,167,213,226,123,135,135,165,165,165,197,0,0,34,50,50,50],"floor_reached":51,"playtime":4058,"items_purged":["Strike_G","Cloak And Dagger","Slice"],"score":1307,"play_id":"2c78e33e-9522-4b0f-bc51-1cd429cb32a8","local_time":"20190622224210","is_ascension_mode":true,"campfire_choices":[{"data":"Neutralize","floor":6.0,"key":"SMITH"},{"data":"Dash","floor":12.0,"key":"SMITH"},{"floor":15.0,"key":"REST"},{"data":"Deadly Poison","floor":23.0,"key":"SMITH"},{"data":"Deadly Poison","floor":27.0,"key":"SMITH"},{"data":"Leg Sweep","floor":30.0,"key":"SMITH"},{"data":"Cloak And Dagger","floor":32.0,"key":"SMITH"},{"data":"Deadly Poison","floor":40.0,"key":"SMITH"},{"floor":42.0,"key":"REST"},{"floor":49.0,"key":"REST"}],"neow_cost":"NONE","seed_source_timestamp":46834707099645,"circlet_count":0,"master_deck":["AscendersBane","Defend_G+1","Defend_G+1","Defend_G+1","Defend_G+1","Defend_G+1","Strike_G+1","Strike_G+1","Strike_G+1","Strike_G+1","Survivor","Neutralize+1","Dagger Throw","Backstab","Blur","Deadly Poison+1","Dash+1","Flying Knee","Deadly Poison+1","Cloak And Dagger+1","Bullet Time","Footwork","Backstab","Leg Sweep+1","Crippling Poison+1","Tactician+1","Calculated Gamble","Deadly Poison+1","Deadly Poison+1","Footwork+1","Prepared+1","PiercingWail"],"special_seed":0,"relics":["Ring of the Serpent","Dream Catcher","Letter Opener","Dodecahedron","Smiling Mask","Thread and Needle","Tiny Chest","Ornamental Fan","Gambling Chip","Philosopher\u0027s Stone","Incense Burner","Centennial Puzzle","Mercury Hourglass","Blood Vial","Red Mask","Bottled Lightning"],"potions_floor_usage":[],"damage_taken":[{"damage":2.0,"enemies":"Cultist","floor":1.0,"turns":5.0},{"damage":0.0,"enemies":"2 Louse","floor":3.0,"turns":1.0},{"damage":0.0,"enemies":"Small Slimes","floor":4.0,"turns":3.0},{"damage":0.0,"enemies":"Exordium Wildlife","floor":5.0,"turns":3.0},{"damage":6.0,"enemies":"Exordium Thugs","floor":7.0,"turns":7.0},{"damage":19.0,"enemies":"Lagavulin","floor":8.0,"turns":8.0},{"damage":1.0,"enemies":"Looter","floor":10.0,"turns":2.0},{"damage":25.0,"enemies":"Gremlin Nob","floor":11.0,"turns":4.0},{"damage":2.0,"enemies":"3 Sentries","floor":13.0,"turns":10.0},{"damage":0.0,"enemies":"Lots of Slimes","floor":14.0,"turns":4.0},{"damage":10.0,"enemies":"Hexaghost","floor":16.0,"turns":10.0},{"damage":0.0,"enemies":"Chosen","floor":18.0,"turns":4.0},{"damage":3.0,"enemies":"Shell Parasite","floor":19.0,"turns":5.0},{"damage":1.0,"enemies":"3 Cultists","floor":20.0,"turns":7.0},{"damage":0.0,"enemies":"Centurion and Healer","floor":22.0,"turns":8.0},{"damage":2.0,"enemies":"Book of Stabbing","floor":25.0,"turns":6.0},{"damage":0.0,"enemies":"Snake Plant","floor":28.0,"turns":4.0},{"damage":0.0,"enemies":"Snecko","floor":31.0,"turns":5.0},{"damage":19.0,"enemies":"Collector","floor":33.0,"turns":9.0},{"damage":0.0,"enemies":"Orb Walker","floor":35.0,"turns":3.0},{"damage":10.0,"enemies":"2 Orb Walkers","floor":36.0,"turns":6.0},{"damage":3.0,"enemies":"3 Shapes","floor":37.0,"turns":3.0},{"damage":5.0,"enemies":"Writhing Mass","floor":39.0,"turns":6.0},{"damage":21.0,"enemies":"Giant Head","floor":41.0,"turns":10.0},{"damage":1.0,"enemies":"Reptomancer","floor":44.0,"turns":6.0},{"damage":0.0,"enemies":"Nemesis","floor":47.0,"turns":9.0},{"damage":0.0,"enemies":"Jaw Worm Horde","floor":48.0,"turns":3.0},{"damage":20,"enemies":"Donu and Deca","floor":50,"turns":14}],"seed_played":"-7317344349524121255","potions_obtained":[{"floor":4.0,"key":"Block Potion"},{"floor":8.0,"key":"Regen Potion"},{"floor":10.0,"key":"LiquidBronze"},{"floor":11.0,"key":"Fire Potion"},{"floor":16.0,"key":"Strength Potion"},{"floor":18.0,"key":"GhostInAJar"},{"floor":28.0,"key":"GhostInAJar"},{"floor":33.0,"key":"SneckoOil"},{"floor":35.0,"key":"SkillPotion"},{"floor":47.0,"key":"SteroidPotion"}],"is_trial":false,"path_per_floor":["M","$","M","M","M","R","M","E","T","M","E","R","E","M","R","B",null,"M","M","M","$","M","R","?","E","T","R","M","$","R","M","R","B",null,"M","?","M","$","M","R","E","R","T","E","?","$","E","M","R","B",null],"character_chosen":"THE_SILENT","items_purchased":["Backstab","Leg Sweep","Gambling Chip","Calculated Gamble","Deadly Poison"],"campfire_rested":3,"item_purchase_floors":[2,21,29,29,38],"current_hp_per_floor":[57,57,57,57,57,57,51,32,32,31,20,20,18,18,37,27,56,56,53,52,52,52,52,52,50,50,50,50,50,50,50,50,31,57,57,47,44,44,39,39,18,37,37,36,36,36,38,40,59,41],"gold":50,"neow_bonus":"RANDOM_COMMON_RELIC","is_prod":false,"is_daily":false,"chose_seed":false,"campfire_upgraded":7,"win_rate":0,"timestamp":1561261330,"path_taken":["M","$","M","M","M","R","M","E","T","?","E","R","E","M","R","BOSS","M","M","?","?","M","R","?","E","T","R","M","$","R","M","R","BOSS","M","?","M","$","M","R","E","R","T","E","?","?","E","?","R","BOSS"],"build_version":"2019-01-23","purchased_purges":3,"victory":true,"max_hp_per_floor":[66,66,66,66,66,66,66,66,66,66,66,66,66,66,66,66,66,66,66,66,66,66,66,66,66,66,66,66,66,66,66,66,66,66,66,66,66,66,66,66,66,66,66,66,66,66,66,66,66,66],"card_choices":[{"not_picked":["Poisoned Stab","Acrobatics"],"picked":"Dagger Throw","floor":1.0},{"not_picked":["Underhanded Strike","Catalyst","Deflect"],"picked":"SKIP","floor":3.0},{"not_picked":["Quick Slash","Blade Dance"],"picked":"Blur","floor":4.0},{"not_picked":["Dagger Throw","Catalyst"],"picked":"Slice","floor":5.0},{"not_picked":["Prepared","Concentrate"],"picked":"Deadly Poison","floor":7.0},{"not_picked":["PiercingWail","Skewer"],"picked":"Dash","floor":8.0},{"not_picked":["Acrobatics","Bane"],"picked":"Cloak And Dagger","floor":10.0},{"not_picked":["Setup","Cloak And Dagger"],"picked":"Flying Knee","floor":11.0},{"not_picked":["Venomology","Flying Knee","Setup"],"picked":"SKIP","floor":13.0},{"not_picked":["Distraction","Choke"],"picked":"Deadly Poison","floor":14.0},{"not_picked":["Deflect","Expertise"],"picked":"Cloak And Dagger","floor":15.0},{"not_picked":["Tools of the Trade","Wraith Form v2"],"picked":"Bullet Time","floor":16.0},{"not_picked":["Riddle With Holes+1","Slice","Poisoned Stab"],"picked":"SKIP","floor":18.0},{"not_picked":["Dagger Throw+1","Backflip+1"],"picked":"Footwork","floor":19.0},{"not_picked":["Heel Hook","Dagger Throw"],"picked":"Backstab","floor":20.0},{"not_picked":["Finisher","Calculated Gamble","Outmaneuver"],"picked":"SKIP","floor":22.0},{"not_picked":["Choke","Well Laid Plans"],"picked":"Crippling Poison+1","floor":25.0},{"not_picked":["Deflect","Skewer"],"picked":"Tactician+1","floor":28.0},{"not_picked":["Deflect","Calculated Gamble","Underhanded Strike"],"picked":"SKIP","floor":31.0},{"not_picked":["Sucker Punch","Slice+1","Dagger Throw+1"],"picked":"SKIP","floor":35.0},{"not_picked":["Infinite Blades","Underhanded Strike+1","Endless Agony"],"picked":"SKIP","floor":37.0},{"not_picked":["Sucker Punch","Flechettes","Deflect"],"picked":"SKIP","floor":39.0},{"not_picked":["Eviscerate","Riddle With Holes"],"picked":"Deadly Poison+1","floor":41.0},{"not_picked":["Acrobatics","Deflect"],"picked":"Footwork+1","floor":42.0},{"not_picked":["Sucker Punch+1","Flying Knee"],"picked":"Prepared+1","floor":44.0},{"not_picked":["Bane","All Out Attack+1","Unload"],"picked":"SKIP","floor":47.0},{"not_picked":["Choke","Outmaneuver"],"picked":"PiercingWail","floor":48.0}],"player_experience":121172,"relics_obtained":[{"floor":8.0,"key":"Letter Opener"},{"floor":9.0,"key":"Dodecahedron"},{"floor":11.0,"key":"Smiling Mask"},{"floor":13.0,"key":"Thread and Needle"},{"floor":25.0,"key":"Tiny Chest"},{"floor":26.0,"key":"Ornamental Fan"},{"floor":36.0,"key":"Incense Burner"},{"floor":41.0,"key":"Centennial Puzzle"},{"floor":43.0,"key":"Mercury Hourglass"},{"floor":44.0,"key":"Blood Vial"},{"floor":47.0,"key":"Bottled Lightning"}],"event_choices":[{"damage_healed":0.0,"max_hp_gain":0.0,"max_hp_loss":0.0,"gold_gain":0.0,"event_name":"Back to Basics","player_choice":"Simplicity","floor":24.0,"gold_loss":0.0,"damage_taken":0.0,"cards_upgraded":["Defend_G","Defend_G","Defend_G","Defend_G","Defend_G","Strike_G","Strike_G","Strike_G","Strike_G"]},{"damage_healed":0.0,"max_hp_gain":0.0,"max_hp_loss":0.0,"gold_gain":0.0,"event_name":"Mysterious Sphere","player_choice":"Fight","floor":36.0,"gold_loss":0.0,"damage_taken":0.0},{"damage_healed":0.0,"max_hp_gain":0.0,"max_hp_loss":0.0,"gold_gain":0.0,"event_name":"Tomb of Lord Red Mask","player_choice":"Paid","floor":45.0,"gold_loss":197.0,"damage_taken":0.0,"relics_obtained":["Red Mask"]}],"is_beta":false,"boss_relics":[{"not_picked":["Black Star","Runic Dome"],"picked":"Ring of the Serpent"},{"not_picked":["Snecko Eye","Pandora\u0027s Box"],"picked":"Philosopher\u0027s Stone"}],"items_purged_floors":[21,29,38],"is_endless":false,"potions_floor_spawned":[4,8,10,11,16,18,28,33,35,37,47],"ascension_level":14}