{"gold_per_floor":[116,90,90,105,30,59,59,88,114,132,145,174,187,201,201,296,296,314,314,239,249,249,278,193,227,275,326,55,55,85,95,95,95],"floor_reached":33,"playtime":2173,"items_purged":["Defend_R"],"score":522,"play_id":"2ec4aafe-b50e-4249-b804-e01a4a5f9434","local_time":"20181227211227","is_ascension_mode":true,"campfire_choices":[{"data":"Bash","floor":7,"key":"SMITH"},{"data":"Limit Break","floor":15,"key":"SMITH"},{"data":"Whirlwind","floor":29,"key":"SMITH"},{"data":"Flex","floor":32,"key":"SMITH"}],"neow_cost":"NONE","seed_source_timestamp":461649919297226,"circlet_count":0,"master_deck":["Strike_R+1","Strike_R","Strike_R+1","Defend_R","Defend_R","Defend_R","Bash+1","Shrug It Off","Armaments","Limit Break+1","Flex+1","Feel No Pain","Headbutt","Whirlwind+1","Feed","Clothesline","Fiend Fire","True Grit+1","Pommel Strike","Battle Trance","True Grit","Uppercut+1","Iron Wave+1","Burning Pact"],"relics":["Burning Blood","NeowsBlessing","PreservedInsect","Centennial Puzzle","Whetstone","Torii","Eternal Feather","MutagenicStrength","Bronze Scales","Molten Egg 2","Happy Flower","Orichalcum","Chemical X","Bag of Marbles"],"potions_floor_usage":[8,16,23,25,25],"damage_taken":[{"damage":0,"enemies":"Cultist","floor":1,"turns":1},{"damage":0,"enemies":"2 Louse","floor":4,"turns":1},{"damage":0,"enemies":"Gremlin Nob","floor":6,"turns":1},{"damage":43,"enemies":"Lagavulin","floor":8,"turns":7},{"damage":0,"enemies":"Small Slimes","floor":10,"turns":3},{"damage":8,"enemies":"Blue Slaver","floor":11,"turns":3},{"damage":14,"enemies":"3 Sentries","floor":12,"turns":9},{"damage":12,"enemies":"Looter","floor":13,"turns":3},{"damage":0,"enemies":"Large Slime","floor":14,"turns":5},{"damage":13,"enemies":"Hexaghost","floor":16,"turns":10},{"damage":0,"enemies":"3 Byrds","floor":18,"turns":7},{"damage":9,"enemies":"Shell Parasite","floor":21,"turns":5},{"damage":44,"enemies":"Slavers","floor":23,"turns":6},{"damage":8,"enemies":"Book of Stabbing","floor":25,"turns":2},{"damage":0,"enemies":"Gremlin Leader","floor":30,"turns":3},{"damage":14,"enemies":"Snake Plant","floor":31,"turns":3},{"damage":67,"enemies":"Automaton","floor":33,"turns":6}],"seed_played":"1277911928614289785","potions_obtained":[{"floor":4,"key":"Regen Potion"},{"floor":10,"key":"GamblersBrew"},{"floor":12,"key":"LiquidBronze"},{"floor":13,"key":"Dexterity Potion"},{"floor":23,"key":"AttackPotion"},{"floor":31,"key":"SpeedPotion"}],"is_trial":false,"path_per_floor":["M","$","?","M","$","E","R","E","T","M","M","E","M","M","R","B",null,"M","?","?","M","?","E","?","E","T","T","$","R","E","M","R","B"],"character_chosen":"IRONCLAD","items_purchased":["Shrug It Off","Uppercut+1","Chemical X"],"campfire_rested":0,"item_purchase_floors":[2,28,28],"current_hp_per_floor":[78,78,78,80,80,80,80,55,55,61,59,51,45,51,51,44,71,81,81,81,81,81,43,43,41,41,41,41,53,59,51,63,0],"gold":95,"neow_bonus":"THREE_ENEMY_KILL","is_prod":false,"is_daily":false,"chose_seed":false,"campfire_upgraded":4,"win_rate":0,"timestamp":1545973947,"path_taken":["M","?","?","M","$","E","R","E","T","M","M","E","?","M","R","BOSS","M","?","?","M","?","E","?","E","T","?","$","R","E","M","R","BOSS"],"build_version":"2018-12-20","purchased_purges":1,"victory":false,"max_hp_per_floor":[80,80,80,80,80,80,80,80,80,80,80,80,80,80,80,80,80,84,84,84,87,87,87,87,87,87,87,87,87,87,87,87,87],"card_choices":[{"not_picked":["Thunderclap","Second Wind","Fire Breathing"],"picked":"SKIP","floor":1},{"not_picked":["Pommel Strike","Anger"],"picked":"Armaments","floor":4},{"not_picked":["Perfected Strike","Headbutt"],"picked":"Limit Break","floor":6},{"not_picked":["Clash","Armaments"],"picked":"Flex","floor":8},{"not_picked":["Armaments","Havoc"],"picked":"Feel No Pain","floor":10},{"not_picked":["Anger","Searing Blow"],"picked":"Headbutt","floor":11},{"not_picked":["Sword Boomerang","Rupture"],"picked":"Whirlwind","floor":12},{"not_picked":["Sentinel","Headbutt"],"picked":"Feed","floor":13},{"not_picked":["Sword Boomerang","Pommel Strike"],"picked":"Clothesline","floor":14},{"not_picked":["Barricade","Immolate"],"picked":"Fiend Fire","floor":16},{"not_picked":["Rampage+1","Twin Strike+1"],"picked":"True Grit+1","floor":18},{"not_picked":["Bloodletting","Spot Weakness","Searing Blow+1"],"picked":"SKIP","floor":21},{"not_picked":["Sever Soul","Entrench"],"picked":"Battle Trance","floor":23},{"not_picked":["Armaments+1","Flex"],"picked":"True Grit","floor":25},{"not_picked":["Entrench","Clothesline+1"],"picked":"Iron Wave+1","floor":30},{"not_picked":["Corruption+1","Anger+1"],"picked":"Burning Pact","floor":31}],"player_experience":157600,"relics_obtained":[{"floor":6,"key":"PreservedInsect"},{"floor":8,"key":"Centennial Puzzle"},{"floor":9,"key":"Whetstone"},{"floor":12,"key":"Torii"},{"floor":23,"key":"Bronze Scales"},{"floor":25,"key":"Happy Flower"},{"floor":26,"key":"Orichalcum"},{"floor":30,"key":"Bag of Marbles"}],"event_choices":[{"cards_removed":["Strike_R"],"damage_healed":0,"gold_gain":0,"player_choice":"Purged","damage_taken":0,"max_hp_gain":0,"max_hp_loss":0,"event_name":"Purifier","floor":3,"gold_loss":0},{"damage_healed":0,"gold_gain":0,"player_choice":"Inject Mutagens","damage_taken":0,"relics_obtained":["MutagenicStrength"],"max_hp_gain":0,"max_hp_loss":0,"event_name":"Drug Dealer","floor":19,"gold_loss":0},{"cards_removed":["Strike_R"],"damage_healed":0,"gold_gain":0,"player_choice":"Gave Gold","damage_taken":0,"max_hp_gain":0,"max_hp_loss":0,"event_name":"Beggar","floor":20,"gold_loss":75},{"damage_healed":0,"gold_gain":0,"player_choice":"Read","damage_taken":0,"max_hp_gain":0,"max_hp_loss":0,"event_name":"The Library","floor":22,"gold_loss":0,"cards_obtained":["Pommel Strike"]},{"damage_healed":0,"gold_gain":0,"player_choice":"Obtained Relic","damage_taken":0,"relics_obtained":["Molten Egg 2"],"max_hp_gain":0,"max_hp_loss":0,"event_name":"Addict","floor":24,"gold_loss":85}],"is_beta":false,"boss_relics":[{"not_picked":["Astrolabe","Coffee Dripper"],"picked":"Eternal Feather"}],"items_purged_floors":[5],"is_endless":false,"potions_floor_spawned":[4,10,12,13,23,31],"killed_by":"Automaton","ascension_level":8}