{"gold_per_floor":[114,114,129,144,50,80,95,110,110,125,140,155,155,185,185,285,285,300,300,315,330,142,142,142,142,142,17,17,17,17,32,32,132,132,147,147,147,112,147,177,192,192,192,207,232,247,295,310,310,310],"floor_reached":50,"playtime":3249,"items_purged":[],"score":561,"play_id":"3f2ee2b8-f2b6-4bb5-badb-3013fd82ba20","local_time":"20181209143308","daily_mods":["Draft","Red Cards","Night Terrors"],"is_ascension_mode":false,"campfire_choices":[{"data":"Armaments","floor":15,"key":"SMITH"},{"data":"Fire Breathing","floor":23,"key":"SMITH"},{"data":"Jack Of All Trades","floor":25,"key":"SMITH"},{"data":"Reckless Charge","floor":28,"key":"SMITH"},{"floor":32,"key":"REST"},{"data":"Dramatic Entrance","floor":42,"key":"SMITH"},{"data":"Noxious Fumes","floor":49,"key":"SMITH"}],"neow_cost":"","seed_source_timestamp":0,"circlet_count":0,"master_deck":["Reckless Charge+1","Outmaneuver","Armaments+1","Predator","Blade Dance","Havoc","Armaments","Cleave","Spot Weakness","Headbutt","Whirlwind","Armaments+1","Blood for Blood","Armaments","Poisoned Stab","Shrug It Off","Jack Of All Trades+1","Finisher","Grand Finale","Quick Slash","Reaper","Good Instincts","Dash","Carnage","Blade Dance","Burst+1","Warcry+1","Intimidate+1","PiercingWail+1","Double Tap+1","Deflect+1","Havoc+1","Outmaneuver+1","Fire Breathing+1","Madness+1","Rage+1","Infernal Blade+1","Venomology+1","Fire Breathing+1","Madness+1","Madness+1","Dramatic Entrance+1","Finesse+1","Dramatic Entrance","Noxious Fumes+1","Backflip+1","Shrug It Off+1","Searing Blow","Backflip+1","Fire Breathing+1","Flame Barrier+1","Wild Strike+1"],"special_seed":17874,"relics":["Ring of the Serpent","Bird Faced Urn","Toxic Egg 2","Blood Vial","WristBlade","Juzu Bracelet","Bottled Flame","Incense Burner","Unceasing Top","Bottled Tornado","Centennial Puzzle","Thread and Needle"],"potions_floor_usage":[6,7,11,16,21,40,40,40,41,47,47,47,50,50,50],"damage_taken":[{"damage":0,"enemies":"Cultist","floor":1,"turns":2},{"damage":0,"enemies":"Jaw Worm","floor":3,"turns":3},{"damage":2,"enemies":"Small Slimes","floor":4,"turns":3},{"damage":18,"enemies":"Lagavulin","floor":6,"turns":6},{"damage":6,"enemies":"Gremlin Gang","floor":7,"turns":2},{"damage":0,"enemies":"Large Slime","floor":8,"turns":4},{"damage":7,"enemies":"Exordium Wildlife","floor":10,"turns":3},{"damage":0,"enemies":"Looter","floor":11,"turns":3},{"damage":0,"enemies":"Blue Slaver","floor":12,"turns":3},{"damage":31,"enemies":"Gremlin Nob","floor":14,"turns":5},{"damage":22,"enemies":"Slime Boss","floor":16,"turns":4},{"damage":5,"enemies":"Spheric Guardian","floor":18,"turns":3},{"damage":10,"enemies":"3 Byrds","floor":20,"turns":4},{"damage":6,"enemies":"Shelled Parasite and Fungi","floor":21,"turns":5},{"damage":10,"enemies":"Snake Plant","floor":31,"turns":3},{"damage":27,"enemies":"Collector","floor":33,"turns":9},{"damage":27,"enemies":"3 Darklings","floor":35,"turns":4},{"damage":0,"enemies":"Orb Walker","floor":39,"turns":3},{"damage":32,"enemies":"Giant Head","floor":40,"turns":7},{"damage":0,"enemies":"Maw","floor":41,"turns":7},{"damage":0,"enemies":"3 Darklings","floor":44,"turns":2},{"damage":28,"enemies":"Transient","floor":46,"turns":5},{"damage":10,"enemies":"2 Orb Walkers","floor":47,"turns":4},{"damage":11,"enemies":"4 Shapes","floor":48,"turns":3},{"damage":66,"enemies":"Donu and Deca","floor":50,"turns":8}],"seed_played":"-3807787308880061937","potions_obtained":[{"floor":4,"key":"LiquidBronze"},{"floor":6,"key":"GamblersBrew"},{"floor":8,"key":"Swift Potion"},{"floor":10,"key":"Block Potion"},{"floor":18,"key":"SteroidPotion"},{"floor":20,"key":"AttackPotion"},{"floor":40,"key":"GhostInAJar"},{"floor":44,"key":"SpeedPotion"},{"floor":47,"key":"Fire Potion"}],"is_trial":false,"path_per_floor":["M","?","M","M","$","E","M","M","T","M","M","M","?","E","R","B",null,"M","?","M","M","$","R","?","R","T","$","R","T","?","M","R","B",null,"M","?","?","$","M","E","M","R","T","M","T","M","?","M","R","B"],"character_chosen":"THE_SILENT","items_purchased":["Good Instincts","Juzu Bracelet","Fire Breathing","Madness+1","Rage+1","Noxious Fumes"],"campfire_rested":1,"item_purchase_floors":[5,22,22,27,27,38],"current_hp_per_floor":[70,70,70,68,68,50,48,53,53,46,50,55,55,31,31,11,70,65,65,57,53,53,53,40,40,40,40,40,40,40,34,70,53,70,62,53,43,43,47,29,51,51,51,70,70,46,54,49,49,0],"gold":310,"neow_bonus":"","is_prod":false,"is_daily":true,"chose_seed":false,"campfire_upgraded":6,"win_rate":0,"timestamp":1544383988,"path_taken":["M","?","M","M","$","E","M","?","T","M","M","M","?","E","R","BOSS","M","?","?","M","$","R","?","R","T","$","R","?","?","M","R","BOSS","M","?","?","$","M","E","M","R","T","M","?","M","?","M","R","BOSS"],"build_version":"2018-12-06","purchased_purges":0,"victory":false,"max_hp_per_floor":[70,70,70,70,70,70,70,70,70,70,70,70,70,70,70,70,70,70,70,70,70,70,70,75,75,75,75,75,75,75,75,70,70,70,70,70,70,70,70,70,70,70,70,70,70,70,70,70,70,70],"card_choices":[{"not_picked":["Headbutt","Dagger Throw"],"picked":"Reckless Charge","floor":0},{"not_picked":["Dodge and Roll","Dagger Throw"],"picked":"Outmaneuver","floor":0},{"not_picked":["Choke","Well Laid Plans"],"picked":"Armaments","floor":0},{"not_picked":["Clash","Uppercut"],"picked":"Predator","floor":0},{"not_picked":["Underhanded Strike","Clash"],"picked":"Blade Dance","floor":0},{"not_picked":["Burning Pact","Ghostly Armor"],"picked":"Havoc","floor":0},{"not_picked":["Prepared","Deadly Poison"],"picked":"Armaments","floor":0},{"not_picked":["Deflect","Shockwave"],"picked":"Cleave","floor":0},{"not_picked":["Sentinel","Body Slam"],"picked":"Spot Weakness","floor":0},{"not_picked":["Flex","Clash"],"picked":"Headbutt","floor":0},{"not_picked":["Deflect","Sever Soul"],"picked":"Whirlwind","floor":0},{"not_picked":["Slice","Evolve"],"picked":"Armaments","floor":0},{"not_picked":["Outmaneuver","Masterful Stab"],"picked":"Blood for Blood","floor":0},{"not_picked":["Heavy Blade","Outmaneuver"],"picked":"Armaments","floor":0},{"not_picked":["Backflip","Body Slam"],"picked":"Poisoned Stab","floor":0},{"not_picked":["Flex","Second Wind"],"picked":"Shrug It Off","floor":1},{"not_picked":["Armaments","Clothesline"],"picked":"Quick Slash","floor":3},{"not_picked":["Clash","Blade Dance"],"picked":"Reaper","floor":4},{"not_picked":["Bouncing Flask","Ghostly Armor"],"picked":"Dash","floor":6},{"not_picked":["Flying Knee","Clash"],"picked":"Carnage","floor":7},{"not_picked":["Rupture","Catalyst"],"picked":"Blade Dance","floor":8},{"not_picked":["Clash","Cleave"],"picked":"Burst+1","floor":10},{"not_picked":["Pommel Strike","Twin Strike"],"picked":"Warcry+1","floor":11},{"not_picked":["Evolve","Body Slam"],"picked":"Intimidate+1","floor":12},{"not_picked":["Predator","Twin Strike"],"picked":"PiercingWail+1","floor":14},{"not_picked":["Juggernaut","Envenom"],"picked":"Double Tap+1","floor":16},{"not_picked":["Outmaneuver+1","Sucker Punch"],"picked":"Deflect+1","floor":18},{"not_picked":["Slice","Dash"],"picked":"Havoc+1","floor":20},{"not_picked":["Acrobatics+1","Slice"],"picked":"Outmaneuver+1","floor":21},{"not_picked":["Footwork+1","Backflip+1"],"picked":"Infernal Blade+1","floor":31},{"not_picked":["Phantasmal Killer+1","Impervious+1"],"picked":"Venomology+1","floor":33},{"not_picked":["Iron Wave+1","Caltrops+1"],"picked":"Fire Breathing+1","floor":35},{"not_picked":["Deep Breath+1","Forethought+1"],"picked":"Dramatic Entrance","floor":37},{"not_picked":["Purity+1","Impatience+1"],"picked":"Finesse+1","floor":37},{"not_picked":["Master of Strategy+1","Enlightenment+1"],"picked":"Dramatic Entrance","floor":37},{"not_picked":["Outmaneuver+1","True Grit+1"],"picked":"Backflip+1","floor":39},{"not_picked":["Pommel Strike+1","Corruption"],"picked":"Shrug It Off+1","floor":40},{"not_picked":["Heavy Blade+1","Bludgeon"],"picked":"Searing Blow","floor":41},{"not_picked":["Heavy Blade","Predator"],"picked":"Backflip+1","floor":44},{"not_picked":["Slice","Dual Wield+1"],"picked":"Fire Breathing+1","floor":46},{"not_picked":["Perfected Strike","Heel Hook+1"],"picked":"Flame Barrier+1","floor":47},{"not_picked":["Dropkick+1","Perfected Strike+1"],"picked":"Wild Strike+1","floor":48}],"player_experience":256958,"relics_obtained":[{"floor":6,"key":"Bird Faced Urn"},{"floor":9,"key":"Toxic Egg 2"},{"floor":14,"key":"Blood Vial"},{"floor":26,"key":"Bottled Flame"},{"floor":29,"key":"Incense Burner"},{"floor":40,"key":"Unceasing Top"},{"floor":43,"key":"Bottled Tornado"},{"floor":45,"key":"Centennial Puzzle"},{"floor":47,"key":"Thread and Needle"}],"event_choices":[{"damage_healed":0,"gold_gain":0,"player_choice":"3 cards matched","damage_taken":0,"max_hp_gain":0,"max_hp_loss":0,"event_name":"Match and Keep!","floor":2,"gold_loss":0,"cards_obtained":["Jack Of All Trades","Finisher","Grand Finale"]},{"damage_healed":0,"gold_gain":0,"player_choice":"Grow","damage_taken":0,"max_hp_gain":0,"max_hp_loss":0,"event_name":"Living Wall","floor":13,"gold_loss":0,"cards_upgraded":["Armaments"]},{"damage_healed":0,"gold_gain":0,"player_choice":"Ignored","damage_taken":0,"max_hp_gain":0,"max_hp_loss":0,"event_name":"Purifier","floor":19,"gold_loss":0},{"damage_healed":0,"gold_gain":0,"player_choice":"Shed Blood","damage_taken":18,"max_hp_gain":5,"max_hp_loss":0,"event_name":"Forgotten Altar","floor":24,"gold_loss":0},{"damage_healed":0,"gold_gain":0,"player_choice":"Ignored","damage_taken":0,"max_hp_gain":0,"max_hp_loss":0,"event_name":"Ghosts","floor":30,"gold_loss":0},{"damage_healed":0,"gold_gain":0,"player_choice":"Embrace Madness","damage_taken":9,"max_hp_gain":0,"max_hp_loss":0,"event_name":"Winding Halls","floor":36,"gold_loss":0,"cards_obtained":["Madness","Madness"]},{"damage_healed":0,"gold_gain":0,"player_choice":"Memory 3","damage_taken":10,"max_hp_gain":0,"max_hp_loss":0,"event_name":"SensoryStone","floor":37,"gold_loss":0},{"damage_healed":0,"gold_gain":0,"player_choice":"Fight","damage_taken":0,"max_hp_gain":0,"max_hp_loss":0,"event_name":"Mysterious Sphere","floor":47,"gold_loss":0}],"is_beta":false,"boss_relics":[{"not_picked":["Astrolabe","Snecko Eye"],"picked":"WristBlade"},{"not_picked":["Lizard Tail","Philosopher\u0027s Stone"],"picked":"Ring of the Serpent"}],"items_purged_floors":[],"is_endless":false,"potions_floor_spawned":[4,6,8,10,18,20,40,44,46,47,48],"killed_by":"Donu and Deca","ascension_level":0}