{"path_per_floor":["M","?","M","$","?","M","$","E","T","M","?","R","?","E","R"],"character_chosen":"THE_SILENT","items_purchased":["Blade Dance","Caltrops"],"gold_per_floor":[114,114,130,130,130,146,31,57,82,93,93,93,158,189,189],"floor_reached":16,"campfire_rested":2,"playtime":703,"current_hp_per_floor":[70,70,70,70,70,66,66,26,26,19,12,33,40,13,34],"items_purged":[],"gold":189,"score":108,"play_id":"cb9e7c17-4334-4234-acb5-14e94703b15e","is_prod":false,"is_daily":false,"is_ascension_mode":false,"campfire_upgraded":0,"path_taken":["M","?","M","$","?","M","$","E","T","M","?","R","?","E","R","BOSS"],"build_version":"2018-02-08-PROD1","purchased_purges":0,"victory":false,"master_deck":["Defend_G","Defend_G","Defend_G","Defend_G","Defend_G","Strike_G","Strike_G","Strike_G","Strike_G","Strike_G","Survivor","Neutralize","Tools of the Trade","Noxious Fumes","Backstab","Slice","Blade Dance","Caltrops","Outmaneuver","Bane","Blur","Slice"],"max_hp_per_floor":[70,70,70,70,70,70,70,70,70,70,70,70,70,70,70],"relics":["Ring of the Snake","Orichalcum","Bronze Scales","Frozen Egg 2","Smiling Mask","Girya"],"card_choices":[{"not_picked":["Bouncing Flask","Eviscerate"],"picked":"Noxious Fumes"},{"not_picked":["Caltrops","Bane"],"picked":"Backstab"},{"not_picked":["Deadly Poison","Calculated Gamble"],"picked":"Slice"},{"not_picked":["Expertise","Slice"],"picked":"Outmaneuver"},{"not_picked":["Skewer","Eviscerate"],"picked":"Bane"},{"not_picked":["Deadly Poison","Riddle With Holes"],"picked":"Blur"},{"not_picked":["Footwork","Bane"],"picked":"Slice"}],"player_experience":21573,"potions_floor_usage":[8,13,13],"damage_taken":[{"damage":0,"enemies":"Cultist","floor":1,"turns":5},{"damage":0,"enemies":"2 Louse","floor":3,"turns":5},{"damage":4,"enemies":"Blue Slaver","floor":6,"turns":4},{"damage":40,"enemies":"Gremlin Nob","floor":8,"turns":5},{"damage":7,"enemies":"2 Fungi Beasts","floor":10,"turns":3},{"damage":8,"enemies":"3 Sentries","floor":13,"turns":6},{"damage":27,"enemies":"Lagavulin","floor":14,"turns":7},{"damage":40,"enemies":"Hexaghost","floor":16,"turns":9}],"event_choices":[{"event_name":"The Cleric","player_choice":"Leave","floor":2,"damage_taken":0},{"event_name":"Purifier","player_choice":"Skipped","floor":5,"damage_taken":0},{"event_name":"Scrap Ooze","player_choice":"success","floor":11,"damage_taken":7},{"event_name":"Dead Adventurer","player_choice":"Searched \u00272\u0027 times","floor":13,"damage_taken":0}],"boss_relics":[],"potions_floor_spawned":[1,3,10],"seed_played":"1048630001479305386","killed_by":"Hexaghost","ascension_level":0,"is_trial":false}