{"gold_per_floor":[113,38,38,38,57,57,86,105,129,129,143,155,172,187,187,261,261,273,273,254,269,194,221,221,221],"floor_reached":25,"playtime":1541,"items_purged":["Strike_G"],"score":405,"play_id":"98ef391a-effb-451e-8d7e-bb194fd67a2c","local_time":"20190618094305","is_ascension_mode":true,"campfire_choices":[{"data":"Dagger Spray","floor":6,"key":"SMITH"},{"data":"Cloak And Dagger","floor":10,"key":"SMITH"},{"floor":15,"key":"REST"},{"data":"Burst","floor":24,"key":"SMITH"}],"neow_cost":"NONE","seed_source_timestamp":488343727742410,"circlet_count":0,"master_deck":["AscendersBane","Defend_G","Defend_G","Defend_G","Defend_G","Defend_G","Strike_G","Strike_G","Strike_G","Survivor","Neutralize+1","Backflip+1","Dagger Spray+1","Deadly Poison","Cloak And Dagger+1","After Image","Footwork","Caltrops","Cloak And Dagger","Burst+1","Escape Plan","Footwork","Well Laid Plans"],"relics":["Ring of the Snake","PreservedInsect","Dream Catcher","Coffee Dripper","Pen Nib"],"potions_floor_usage":[7,7,14,16,16,23],"damage_taken":[{"damage":2,"enemies":"Small Slimes","floor":1,"turns":5},{"damage":0,"enemies":"Cultist","floor":5,"turns":5},{"damage":32,"enemies":"3 Sentries","floor":7,"turns":5},{"damage":0,"enemies":"2 Louse","floor":8,"turns":2},{"damage":0,"enemies":"Exordium Thugs","floor":11,"turns":5},{"damage":0,"enemies":"2 Fungi Beasts","floor":12,"turns":2},{"damage":0,"enemies":"Large Slime","floor":13,"turns":6},{"damage":4,"enemies":"Exordium Wildlife","floor":14,"turns":6},{"damage":18,"enemies":"The Guardian","floor":16,"turns":11},{"damage":0,"enemies":"Shell Parasite","floor":18,"turns":7},{"damage":7,"enemies":"2 Thieves","floor":20,"turns":4},{"damage":16,"enemies":"Snake Plant","floor":21,"turns":7},{"damage":18,"enemies":"Slavers","floor":23,"turns":7},{"damage":24,"enemies":"3 Cultists","floor":25,"turns":3}],"seed_played":"4073670137420674671","potions_obtained":[{"floor":1,"key":"LiquidBronze"},{"floor":5,"key":"SkillPotion"},{"floor":7,"key":"Explosive Potion"},{"floor":8,"key":"PowerPotion"},{"floor":14,"key":"LiquidBronze"},{"floor":20,"key":"Ancient Potion"}],"is_trial":false,"path_per_floor":["M","?","?","?","M","R","E","M","T","R","M","M","M","M","R","B",null,"M","?","M","M","$","E","R","M"],"character_chosen":"THE_SILENT","items_purchased":[],"campfire_rested":1,"item_purchase_floors":[],"current_hp_per_floor":[57,57,62,62,62,62,30,30,30,30,30,30,30,26,47,29,61,61,61,54,38,38,20,20,0],"gold":221,"neow_bonus":"UPGRADE_CARD","is_prod":false,"is_daily":false,"chose_seed":false,"campfire_upgraded":3,"win_rate":0,"timestamp":1560822185,"path_taken":["M","?","?","?","M","R","E","M","T","R","?","M","M","M","R","BOSS","M","?","M","M","$","E","R","M"],"build_version":"2019-01-23","purchased_purges":1,"victory":false,"max_hp_per_floor":[66,66,71,71,71,71,71,71,71,71,71,71,71,71,71,71,71,71,71,71,71,71,71,71,71],"card_choices":[{"not_picked":["Dodge and Roll","Cloak And Dagger"],"picked":"Backflip","floor":1},{"not_picked":["Slice","Terror"],"picked":"Dagger Spray","floor":5},{"not_picked":["Eviscerate","Blade Dance"],"picked":"Deadly Poison","floor":7},{"not_picked":["Terror","PiercingWail"],"picked":"Cloak And Dagger","floor":8},{"not_picked":["Bane","Finisher","Quick Slash"],"picked":"SKIP","floor":11},{"not_picked":["Bane","Crippling Poison"],"picked":"After Image","floor":12},{"not_picked":["Underhanded Strike","Dodge and Roll"],"picked":"Footwork","floor":13},{"not_picked":["Slice","Malaise"],"picked":"Caltrops","floor":14},{"not_picked":["Acrobatics","Underhanded Strike"],"picked":"Cloak And Dagger","floor":15},{"not_picked":["Unload","Tools of the Trade"],"picked":"Burst","floor":16},{"not_picked":["Underhanded Strike","Outmaneuver"],"picked":"Escape Plan","floor":18},{"not_picked":["Dash","Outmaneuver"],"picked":"Footwork","floor":20},{"not_picked":["Outmaneuver","Dagger Spray"],"picked":"Well Laid Plans","floor":21},{"not_picked":["Bane","Reflex","Slice"],"picked":"SKIP","floor":23}],"player_experience":909806,"relics_obtained":[{"floor":7,"key":"PreservedInsect"},{"floor":9,"key":"Dream Catcher"},{"floor":23,"key":"Pen Nib"}],"event_choices":[{"cards_removed":["Strike_G"],"damage_healed":0,"gold_gain":0,"player_choice":"Card Removal","damage_taken":0,"max_hp_gain":0,"max_hp_loss":0,"event_name":"The Cleric","floor":2,"gold_loss":75},{"damage_healed":0,"gold_gain":0,"player_choice":"Donut","damage_taken":0,"max_hp_gain":5,"max_hp_loss":0,"event_name":"Big Fish","floor":3,"gold_loss":0},{"damage_healed":0,"gold_gain":0,"player_choice":"Upgraded","damage_taken":0,"max_hp_gain":0,"max_hp_loss":0,"event_name":"Upgrade Shrine","floor":4,"gold_loss":0,"cards_upgraded":["Backflip"]},{"damage_healed":0,"gold_gain":0,"player_choice":"Ignored","damage_taken":0,"max_hp_gain":0,"max_hp_loss":0,"event_name":"The Mausoleum","floor":19,"gold_loss":0}],"is_beta":false,"boss_relics":[{"not_picked":["Eternal Feather","Velvet Choker"],"picked":"Coffee Dripper"}],"items_purged_floors":[22],"is_endless":false,"potions_floor_spawned":[1,5,7,8,14,20],"killed_by":"3 Cultists","ascension_level":16}