{"path_per_floor":["M","?","?","M","?","$","R","E","T","E","R","M","M","M","R","B",null,"M","M","?","?","M"],"character_chosen":"THE_SILENT","items_purchased":["Infinite Blades"],"gold_per_floor":[119,89,89,109,109,28,28,63,63,93,93,103,123,136,136,233,263,280,300,300,300,319],"floor_reached":23,"campfire_rested":3,"playtime":1190,"current_hp_per_floor":[59,59,59,57,43,43,64,47,47,20,41,33,33,33,54,11,75,61,25,25,25,15],"items_purged":[],"gold":319,"score":201,"play_id":"92ebfdcb-55e8-44e2-a37d-cb9983b01056","is_prod":false,"is_daily":false,"is_ascension_mode":false,"campfire_upgraded":0,"path_taken":["M","?","?","?","?","?","R","E","T","E","R","?","M","M","R","BOSS","M","?","?","?","M","E"],"build_version":"2018-02-08-PROD1","purchased_purges":0,"victory":false,"master_deck":["Defend_G","Defend_G+1","Defend_G","Defend_G","Defend_G","Strike_G+1","Strike_G","Strike_G+1","Survivor","Neutralize+1","Wraith Form","Backflip","Expertise","Predator","Infinite Blades+1","Endless Agony","Glass Knife","Slice","Noxious Fumes","Envenom","Flying Knee","Outmaneuver","Dagger Spray","Sucker Punch+1"],"max_hp_per_floor":[70,70,70,70,70,70,70,70,70,70,70,70,70,70,70,70,75,75,75,75,75,75],"relics":["Whetstone","Tingsha","Centennial Puzzle","Tiny House","Nloth\u0027s Gift"],"card_choices":[{"not_picked":["Sucker Punch","Acrobatics"],"picked":"Backflip"},{"not_picked":["Malaise","Phantasmal Killer"],"picked":"Predator"},{"not_picked":["Acrobatics","Flying Knee"],"picked":"Endless Agony"},{"not_picked":["Escape Plan","Crippling Poison"],"picked":"Glass Knife"},{"not_picked":["Riddle With Holes","Dodge and Roll"],"picked":"Slice"},{"not_picked":["Prepared","Heel Hook"],"picked":"Noxious Fumes"},{"not_picked":["Corpse Explosion","Unload"],"picked":"Envenom"},{"not_picked":["Dodge and Roll","Bane"],"picked":"Flying Knee"},{"not_picked":["Blade Dance","Expertise"],"picked":"Outmaneuver"},{"not_picked":["Prepared","Acrobatics"],"picked":"Dagger Spray"},{"not_picked":["Flying Knee","Bane"],"picked":"Sucker Punch"}],"player_experience":13921,"potions_floor_usage":[10,14,16,22,23,23,23],"damage_taken":[{"damage":11,"enemies":"2 Louse","floor":1,"turns":5},{"damage":2,"enemies":"Small Slimes","floor":4,"turns":5},{"damage":17,"enemies":"Gremlin Nob","floor":8,"turns":5},{"damage":27,"enemies":"3 Sentries","floor":10,"turns":6},{"damage":8,"enemies":"Jaw Worm","floor":12,"turns":4},{"damage":0,"enemies":"2 Fungi Beasts","floor":13,"turns":3},{"damage":0,"enemies":"Large Slime","floor":14,"turns":2},{"damage":43,"enemies":"Hexaghost","floor":16,"turns":11},{"damage":14,"enemies":"Chosen","floor":18,"turns":5},{"damage":36,"enemies":"Spheric Guardian","floor":19,"turns":8},{"damage":10,"enemies":"Snecko","floor":22,"turns":5},{"damage":22,"enemies":"Slavers","floor":23,"turns":2}],"event_choices":[{"event_name":"World of Goop","player_choice":"Left","floor":2,"damage_taken":0},{"event_name":"Living Wall","player_choice":"Change","floor":3,"damage_taken":0},{"event_name":"Shining Light","player_choice":"Entered Light","floor":5,"damage_taken":0},{"event_name":"Upgrade Shrine","player_choice":"Upgraded","floor":20,"damage_taken":0},{"event_name":"N\u0027loth","player_choice":"Traded a Ring of the Snake","floor":21,"damage_taken":0}],"boss_relics":[{"not_picked":["White Beast Statue","Cursed Key"],"picked":"Tiny House"}],"potions_floor_spawned":[1,10,12,13,16,19,22],"seed_played":"7633991047421260118","killed_by":"Slavers","ascension_level":0,"is_trial":false}