{"gold_per_floor":[413,463,476,495,42,42,72,82,128,140,160,160,170,186,186,261,261,272,283,69,80,90,90,117,129,141,153],"floor_reached":27,"playtime":1208,"items_purged":["Strike_G","Strike_G"],"score":478,"play_id":"245929e7-6057-4ae1-afa9-6bd4bd410400","local_time":"20190103010228","is_ascension_mode":true,"campfire_choices":[{"data":"Skewer","floor":6,"key":"SMITH"},{"floor":12,"key":"REST"},{"data":"Neutralize","floor":15,"key":"SMITH"},{"floor":23,"key":"REST"}],"neow_cost":"TEN_PERCENT_HP_LOSS","seed_source_timestamp":34472361195167,"circlet_count":0,"master_deck":["AscendersBane","Defend_G","Defend_G","Defend_G","Defend_G","Defend_G","Strike_G","Strike_G","Strike_G","Survivor","Neutralize+1","Quick Slash","Skewer+1","Slice","Deflect","Crippling Poison","After Image","Deadly Poison","Poisoned Stab","Dodge and Roll"],"relics":["Ring of the Snake","Old Coin","Bag of Preparation","Regal Pillow","Singing Bowl","Bronze Scales","Sozu","MawBank","Molten Egg 2"],"potions_floor_usage":[7,16,16],"damage_taken":[{"damage":1,"enemies":"Jaw Worm","floor":1,"turns":5},{"damage":0,"enemies":"Cultist","floor":3,"turns":4},{"damage":4,"enemies":"Small Slimes","floor":4,"turns":3},{"damage":36,"enemies":"Lagavulin","floor":7,"turns":8},{"damage":3,"enemies":"3 Louse","floor":8,"turns":3},{"damage":7,"enemies":"Large Slime","floor":10,"turns":5},{"damage":1,"enemies":"Looter","floor":11,"turns":3},{"damage":1,"enemies":"2 Fungi Beasts","floor":13,"turns":3},{"damage":0,"enemies":"Exordium Wildlife","floor":14,"turns":3},{"damage":10,"enemies":"Slime Boss","floor":16,"turns":9},{"damage":7,"enemies":"2 Thieves","floor":18,"turns":5},{"damage":3,"enemies":"3 Byrds","floor":19,"turns":3},{"damage":29,"enemies":"Cultist and Chosen","floor":21,"turns":8},{"damage":6,"enemies":"Centurion and Healer","floor":22,"turns":7},{"damage":59,"enemies":"Book of Stabbing","floor":24,"turns":6},{"damage":4,"enemies":"Shelled Parasite and Fungi","floor":27,"turns":2}],"seed_played":"-4514401917453922804","potions_obtained":[{"floor":1,"key":"Weak Potion"},{"floor":3,"key":"GhostInAJar"},{"floor":11,"key":"LiquidBronze"},{"floor":14,"key":"AttackPotion"}],"is_trial":false,"path_per_floor":["M","?","M","M","$","R","E","M","T","M","M","R","M","M","R","B",null,"M","M","$","M","M","R","E","T","T","M"],"character_chosen":"THE_SILENT","items_purchased":["Bag of Preparation","Regal Pillow","Deflect","Deadly Poison","Poisoned Stab"],"campfire_rested":2,"item_purchase_floors":[5,5,5,20,20],"current_hp_per_floor":[58,52,52,48,48,48,12,11,11,6,7,41,42,44,44,34,61,56,55,55,28,24,62,3,3,3,0],"gold":153,"neow_bonus":"ONE_RARE_RELIC","is_prod":false,"is_daily":false,"chose_seed":false,"campfire_upgraded":2,"win_rate":0,"timestamp":1546488148,"path_taken":["M","?","M","M","$","R","E","?","T","M","M","R","M","M","R","BOSS","M","M","$","M","M","R","E","?","T","?"],"build_version":"2018-12-20","purchased_purges":2,"victory":false,"max_hp_per_floor":[60,60,60,60,60,60,60,62,62,64,66,66,68,70,70,70,70,72,74,74,76,78,78,78,78,78,78],"card_choices":[{"not_picked":["Concentrate","Blur"],"picked":"Quick Slash","floor":1},{"not_picked":["Bane","Calculated Gamble"],"picked":"Skewer","floor":3},{"not_picked":["Dagger Throw","Dodge and Roll"],"picked":"Slice","floor":4},{"not_picked":["Setup","Infinite Blades"],"picked":"Crippling Poison","floor":7},{"not_picked":["PiercingWail","Heel Hook","Choke"],"picked":"Singing Bowl","floor":8},{"not_picked":["Eviscerate","Outmaneuver","Sucker Punch"],"picked":"Singing Bowl","floor":10},{"not_picked":["Calculated Gamble","Outmaneuver","Distraction"],"picked":"Singing Bowl","floor":11},{"not_picked":["Wraith Form v2","PiercingWail","Sucker Punch"],"picked":"Singing Bowl","floor":13},{"not_picked":["Finisher","Sucker Punch","Poisoned Stab"],"picked":"Singing Bowl","floor":14},{"not_picked":["Wraith Form v2","Grand Finale"],"picked":"After Image","floor":16},{"not_picked":["Dodge and Roll","Slice","All Out Attack"],"picked":"Singing Bowl","floor":18},{"not_picked":["Skewer","Riddle With Holes+1","Caltrops"],"picked":"Singing Bowl","floor":19},{"not_picked":["Dagger Spray+1","Sucker Punch+1","Concentrate"],"picked":"Singing Bowl","floor":21},{"not_picked":["Infinite Blades+1","Dagger Throw+1","Backstab"],"picked":"Singing Bowl","floor":22},{"not_picked":["Poisoned Stab","Reflex"],"picked":"Dodge and Roll","floor":24}],"player_experience":674242,"relics_obtained":[{"floor":7,"key":"Singing Bowl"},{"floor":9,"key":"Bronze Scales"},{"floor":24,"key":"MawBank"},{"floor":25,"key":"Molten Egg 2"}],"event_choices":[{"damage_healed":0,"gold_gain":50,"player_choice":"Touch","damage_taken":6,"max_hp_gain":0,"max_hp_loss":0,"event_name":"FaceTrader","floor":2,"gold_loss":0}],"is_beta":false,"boss_relics":[{"not_picked":["Empty Cage","Snecko Eye"],"picked":"Sozu"}],"items_purged_floors":[5,20],"is_endless":false,"potions_floor_spawned":[1,3,11,13,14,22],"killed_by":"Shelled Parasite and Fungi","ascension_level":20}