{"gold_per_floor":[116,128,128,52,52,52,82,82,82,93,93,133,149,99,99,227,227,247,346,117,242,242,242,272,272,297,297,325,339,356,385,385,484,484,495,511,528,514,532,532,532,557,608,622,598,608,316,367,367,367],"floor_reached":51,"playtime":2159,"items_purged":[],"score":1149,"play_id":"b76d761e-95ab-4698-bde8-db7353964067","local_time":"20190617152918","is_ascension_mode":true,"campfire_choices":[{"data":"Bash","floor":6,"key":"SMITH"},{"data":"Immolate","floor":8,"key":"SMITH"},{"floor":15,"key":"REST"},{"data":"Immolate","floor":23,"key":"SMITH"},{"floor":25,"key":"REST"},{"data":"Spot Weakness","floor":27,"key":"SMITH"},{"data":"Feed","floor":32,"key":"SMITH"},{"data":"Limit Break","floor":40,"key":"SMITH"},{"data":"Offering","floor":49,"key":"SMITH"}],"neow_cost":"NONE","seed_source_timestamp":473544487126691,"circlet_count":0,"master_deck":["AscendersBane","Bash+1","Wild Strike+1","Immolate+1","Corruption+1","Evolve+1","Immolate+1","Demon Form+1","Reaper+1","Spot Weakness+1","Feed+1","Havoc","Havoc","Seeing Red","Clothesline","Shrug It Off+1","Metallicize+1","Sentinel+1","Dark Embrace+1","Shrug It Off","Juggernaut+1","Anger+1","Limit Break+1","Combust+1","Heavy Blade+1","Armaments","Exhume","Whirlwind+1","Body Slam+1","Armaments","Shrug It Off+1","Offering+1","Seeing Red+1"],"relics":["Burning Blood","Frozen Egg 2","Ice Cream","Meat on the Bone","Bloody Idol","Regal Pillow","Pandora\u0027s Box","Membership Card","Thread and Needle","Gremlin Horn","Whetstone","Boot","Vajra","Strawberry","Mark of Pain","Bronze Scales","Omamori","Champion Belt","Happy Flower","Du-Vu Doll"],"potions_floor_usage":[12,18,18,21,24,35,50,50,50],"damage_taken":[{"damage":12,"enemies":"Jaw Worm","floor":1,"turns":2},{"damage":3,"enemies":"2 Louse","floor":2,"turns":2},{"damage":28,"enemies":"3 Sentries","floor":7,"turns":4},{"damage":17,"enemies":"Small Slimes","floor":10,"turns":4},{"damage":19,"enemies":"Gremlin Nob","floor":12,"turns":3},{"damage":0,"enemies":"2 Fungi Beasts","floor":13,"turns":1},{"damage":28,"enemies":"Slime Boss","floor":16,"turns":5},{"damage":0,"enemies":"2 Thieves","floor":18,"turns":1},{"damage":46,"enemies":"Colosseum Slavers","floor":21,"turns":4},{"damage":34,"enemies":"Colosseum Nobs","floor":21,"turns":4},{"damage":45,"enemies":"Book of Stabbing","floor":24,"turns":5},{"damage":14,"enemies":"Gremlin Leader","floor":28,"turns":5},{"damage":20,"enemies":"Shell Parasite","floor":29,"turns":4},{"damage":19,"enemies":"Snake Plant","floor":30,"turns":4},{"damage":26,"enemies":"Book of Stabbing","floor":31,"turns":5},{"damage":45,"enemies":"Collector","floor":33,"turns":7},{"damage":32,"enemies":"3 Darklings","floor":35,"turns":3},{"damage":14,"enemies":"Orb Walker","floor":36,"turns":3},{"damage":14,"enemies":"3 Darklings","floor":37,"turns":3},{"damage":16,"enemies":"Sphere and 2 Shapes","floor":39,"turns":4},{"damage":43,"enemies":"Nemesis","floor":42,"turns":7},{"damage":39,"enemies":"4 Shapes","floor":44,"turns":6},{"damage":0,"enemies":"Writhing Mass","floor":46,"turns":3},{"damage":35,"enemies":"2 Orb Walkers","floor":48,"turns":3},{"damage":65,"enemies":"Time Eater","floor":50,"turns":5}],"seed_played":"-1238577923479733163","potions_obtained":[{"floor":2,"key":"Swift Potion"},{"floor":10,"key":"PowerPotion"},{"floor":12,"key":"AttackPotion"},{"floor":13,"key":"Energy Potion"},{"floor":21,"key":"LiquidBronze"},{"floor":29,"key":"EssenceOfSteel"},{"floor":39,"key":"PowerPotion"},{"floor":42,"key":"FearPotion"},{"floor":44,"key":"Block Potion"}],"is_trial":false,"path_per_floor":["M","M","?","$","?","R","E","R","T","M","?","E","M","?","R","B",null,"M","?","$","?","?","R","E","R","T","R","E","M","M","E","R","B",null,"M","M","M","$","M","R","?","E","T","M","$","M","$","?","R","B",null],"character_chosen":"IRONCLAD","items_purchased":["Corruption+1","Membership Card","Metallicize+1","Armaments","Armaments","Offering","Champion Belt","Happy Flower"],"campfire_rested":2,"item_purchase_floors":[4,20,20,38,45,47,47,47],"current_hp_per_floor":[74,77,77,77,77,77,55,55,55,56,56,55,61,61,81,59,76,81,81,81,57,57,57,35,76,81,81,87,87,86,81,81,65,89,68,65,80,80,75,75,75,68,73,61,61,72,72,80,80,33],"gold":367,"neow_bonus":"TEN_PERCENT_HP_BONUS","is_prod":false,"is_daily":false,"chose_seed":false,"campfire_upgraded":7,"win_rate":0,"timestamp":1560799758,"path_taken":["M","M","?","$","?","R","E","R","T","M","?","E","?","?","R","BOSS","M","?","$","?","?","R","E","R","T","R","E","M","M","E","R","BOSS","M","M","M","$","M","R","?","E","T","M","$","M","$","?","R","BOSS"],"build_version":"2019-01-23","purchased_purges":0,"victory":true,"max_hp_per_floor":[88,88,88,88,88,88,88,88,88,88,81,81,81,81,81,81,81,81,81,81,87,87,87,87,87,87,87,87,87,87,97,97,97,97,97,97,97,97,97,97,97,97,97,101,101,101,101,101,101,101],"card_choices":[{"not_picked":["Iron Wave","Flex"],"picked":"Wild Strike","floor":1},{"not_picked":["Iron Wave","Perfected Strike"],"picked":"Immolate","floor":2},{"not_picked":["Fire Breathing+1","Searing Blow","Dropkick"],"picked":"SKIP","floor":7},{"not_picked":["Warcry","Perfected Strike","Burning Pact"],"picked":"SKIP","floor":10},{"not_picked":["Wild Strike","Shrug It Off"],"picked":"Evolve+1","floor":12},{"not_picked":["Wild Strike","Second Wind","Brutality+1"],"picked":"SKIP","floor":13},{"not_picked":["Double Tap","Exhume"],"picked":"Immolate","floor":16},{"not_picked":["Perfected Strike","Thunderclap"],"picked":"Shrug It Off+1","floor":18},{"not_picked":["Disarm","Perfected Strike"],"picked":"Sentinel+1","floor":21},{"not_picked":["Heavy Blade","Combust+1"],"picked":"Dark Embrace+1","floor":24},{"not_picked":["Twin Strike","Rage","Shockwave"],"picked":"SKIP","floor":28},{"not_picked":["Body Slam","Intimidate+1"],"picked":"Shrug It Off","floor":29},{"not_picked":["Clash","Iron Wave"],"picked":"Juggernaut+1","floor":30},{"not_picked":["Intimidate","Carnage"],"picked":"Anger+1","floor":31},{"not_picked":["Demon Form+1","Barricade+1"],"picked":"Limit Break","floor":33},{"not_picked":["Burning Pact+1","Anger"],"picked":"Combust+1","floor":35},{"not_picked":["Infernal Blade","Carnage+1","Wild Strike+1"],"picked":"SKIP","floor":36},{"not_picked":["Cleave","Sword Boomerang"],"picked":"Heavy Blade+1","floor":37},{"not_picked":["Clothesline","Rupture+1"],"picked":"Exhume","floor":39},{"not_picked":["Cleave","Evolve+1"],"picked":"Whirlwind+1","floor":42},{"not_picked":["True Grit+1","Perfected Strike"],"picked":"Body Slam+1","floor":44},{"not_picked":["Combust+1","Warcry"],"picked":"Shrug It Off+1","floor":46},{"not_picked":["Spot Weakness+1","Wild Strike"],"picked":"Seeing Red+1","floor":48}],"player_experience":820897,"relics_obtained":[{"floor":7,"key":"Ice Cream"},{"floor":9,"key":"Meat on the Bone"},{"floor":12,"key":"Regal Pillow"},{"floor":21,"key":"Thread and Needle"},{"floor":21,"key":"Gremlin Horn"},{"floor":24,"key":"Whetstone"},{"floor":26,"key":"Boot"},{"floor":28,"key":"Vajra"},{"floor":31,"key":"Strawberry"},{"floor":42,"key":"Bronze Scales"},{"floor":43,"key":"Omamori"},{"floor":48,"key":"Du-Vu Doll"}],"event_choices":[{"damage_healed":0,"gold_gain":0,"player_choice":"Box","damage_taken":0,"relics_obtained":["Frozen Egg 2"],"max_hp_gain":0,"max_hp_loss":0,"event_name":"Big Fish","floor":3,"gold_loss":0,"cards_obtained":["Regret"]},{"damage_healed":0,"gold_gain":0,"player_choice":"Ignored","damage_taken":0,"max_hp_gain":0,"max_hp_loss":0,"event_name":"Shining Light","floor":5,"gold_loss":0},{"damage_healed":0,"gold_gain":0,"player_choice":"Lose Max HP","damage_taken":0,"relics_obtained":["Golden Idol"],"max_hp_gain":0,"max_hp_loss":7,"event_name":"Golden Idol","floor":11,"gold_loss":0},{"cards_removed":["Regret"],"damage_healed":0,"gold_gain":0,"player_choice":"Card Removal","damage_taken":0,"max_hp_gain":0,"max_hp_loss":0,"event_name":"The Cleric","floor":14,"gold_loss":50},{"damage_healed":0,"gold_gain":99,"player_choice":"Stole From Cult","damage_taken":0,"max_hp_gain":0,"max_hp_loss":0,"event_name":"Nest","floor":19,"gold_loss":0},{"damage_healed":0,"gold_gain":0,"player_choice":"Fight","damage_taken":0,"max_hp_gain":0,"max_hp_loss":0,"event_name":"Colosseum","floor":21,"gold_loss":0},{"damage_healed":0,"gold_gain":0,"player_choice":"Fought Nobs","damage_taken":0,"max_hp_gain":0,"max_hp_loss":0,"event_name":"Colosseum","floor":21,"gold_loss":0},{"damage_healed":0,"gold_gain":0,"player_choice":"Gave Idol","damage_taken":0,"relics_obtained":["Bloody Idol"],"max_hp_gain":0,"max_hp_loss":0,"event_name":"Forgotten Altar","floor":22,"relics_lost":["Golden Idol"],"gold_loss":0},{"cards_removed":["Barricade"],"damage_healed":0,"gold_gain":0,"player_choice":"Removed Power","damage_taken":0,"max_hp_gain":0,"max_hp_loss":0,"event_name":"Falling","floor":41,"gold_loss":0},{"damage_healed":0,"gold_gain":0,"player_choice":"Fight","damage_taken":0,"max_hp_gain":0,"max_hp_loss":0,"event_name":"Mysterious Sphere","floor":48,"gold_loss":0}],"is_beta":false,"boss_relics":[{"not_picked":["Busted Crown","Runic Dome"],"picked":"Pandora\u0027s Box"},{"not_picked":["White Beast Statue","Eternal Feather"],"picked":"Mark of Pain"}],"items_purged_floors":[],"is_endless":false,"potions_floor_spawned":[2,10,12,13,21,21,29,39,42,44],"ascension_level":10}