{"gold_per_floor":[111,131,131,150,161,161,193,209,235,235,235,235,253,267,267,362,362,362,362,201,201,201,201,201,201,201,201,201,201,201,9,9,9,9,9,0,0,0,0,0,0,0,0,0,0,0,0,0,0,0],"floor_reached":51,"playtime":2829,"items_purged":["Strike_G","Decay"],"score":985,"play_id":"4d615017-e263-4252-99d5-b2363c161d48","local_time":"20181111032414","is_ascension_mode":true,"campfire_choices":[{"data":"Noxious Fumes","floor":6,"key":"SMITH"},{"data":"Prepared","floor":11,"key":"SMITH"},{"data":"Neutralize","floor":15,"key":"SMITH"},{"data":"Footwork","floor":25,"key":"SMITH"},{"data":"Footwork","floor":32,"key":"SMITH"},{"data":"Noxious Fumes","floor":40,"key":"SMITH"},{"floor":44,"key":"REST"},{"data":"Well Laid Plans","floor":49,"key":"SMITH"}],"neow_cost":"NONE","seed_source_timestamp":30093920589254,"circlet_count":0,"master_deck":["AscendersBane","Defend_G","Defend_G","Defend_G","Defend_G","Defend_G","Strike_G","Strike_G","Survivor","Neutralize+1","Slice","Deadly Poison+1","Noxious Fumes+1","Prepared+1","Venomology+1","Dash","Backflip","Malaise","Footwork+1","Deflect","Noxious Fumes+1","Deflect","Footwork+1","Crippling Poison","Acrobatics","Well Laid Plans+1","Acrobatics","Tools of the Trade","Deflect+1","Dodge and Roll+1","Dodge and Roll+1","Noxious Fumes+1"],"relics":["Ring of the Snake","Art of War","PreservedInsect","Ectoplasm","Strawberry","Bottled Lightning","Tiny Chest","White Beast Statue","Red Mask","Bag of Preparation","The Courier"],"potions_floor_usage":[7,8,14,16,16,19,21,21,23,23,23,24,30,30,35,35,39,41,41,41,45,45,48,50,50],"damage_taken":[{"damage":4,"enemies":"Small Slimes","floor":1,"turns":4},{"damage":0,"enemies":"Cultist","floor":2,"turns":5},{"damage":1,"enemies":"2 Louse","floor":4,"turns":3},{"damage":9,"enemies":"Large Slime","floor":5,"turns":6},{"damage":18,"enemies":"Gremlin Nob","floor":7,"turns":4},{"damage":10,"enemies":"Lots of Slimes","floor":8,"turns":4},{"damage":11,"enemies":"3 Louse","floor":13,"turns":3},{"damage":3,"enemies":"Blue Slaver","floor":14,"turns":6},{"damage":49,"enemies":"Slime Boss","floor":16,"turns":11},{"damage":3,"enemies":"Chosen","floor":18,"turns":5},{"damage":1,"enemies":"Spheric Guardian","floor":19,"turns":7},{"damage":18,"enemies":"Centurion and Healer","floor":21,"turns":8},{"damage":21,"enemies":"Gremlin Leader","floor":23,"turns":8},{"damage":0,"enemies":"3 Cultists","floor":24,"turns":2},{"damage":3,"enemies":"Sentry and Sphere","floor":29,"turns":6},{"damage":19,"enemies":"Centurion and Healer","floor":30,"turns":8},{"damage":10,"enemies":"Collector","floor":33,"turns":10},{"damage":28,"enemies":"3 Darklings","floor":35,"turns":5},{"damage":0,"enemies":"Orb Walker","floor":39,"turns":7},{"damage":13,"enemies":"Transient","floor":41,"turns":5},{"damage":0,"enemies":"Sphere and 2 Shapes","floor":42,"turns":5},{"damage":1,"enemies":"Maw","floor":45,"turns":10},{"damage":0,"enemies":"Spire Growth","floor":48,"turns":7},{"damage":29,"enemies":"Awakened One","floor":50,"turns":21}],"seed_played":"8025348820660556225","potions_obtained":[{"floor":1,"key":"Ancient Potion"},{"floor":2,"key":"FearPotion"},{"floor":7,"key":"AttackPotion"},{"floor":16,"key":"Ancient Potion"},{"floor":23,"key":"SmokeBomb"},{"floor":29,"key":"SpeedPotion"},{"floor":35,"key":"AttackPotion"},{"floor":39,"key":"SkillPotion"},{"floor":41,"key":"Weak Potion"},{"floor":42,"key":"Poison Potion"},{"floor":45,"key":"GhostInAJar"}],"is_trial":false,"path_per_floor":["M","M","?","M","M","R","E","M","T","?","R","?","M","M","R","B",null,"M","M","$","M","?","E","M","R","T","?","T","M","M","$","R","B",null,"M","?","?","?","M","R","M","M","T","R","M","?","$","M","R","B",null],"character_chosen":"THE_SILENT","items_purchased":["Noxious Fumes","Deflect","Well Laid Plans","Acrobatics"],"campfire_rested":1,"item_purchase_floors":[20,20,31,31],"current_hp_per_floor":[59,59,59,58,49,49,31,21,21,21,21,70,59,56,56,22,58,55,54,54,51,70,56,56,56,56,56,56,53,49,49,49,39,68,40,40,40,40,55,55,42,42,42,65,64,64,64,64,64,35],"gold":0,"neow_bonus":"TRANSFORM_CARD","is_prod":false,"is_daily":false,"chose_seed":false,"campfire_upgraded":7,"win_rate":0,"timestamp":1541917454,"path_taken":["M","M","?","?","M","R","E","M","T","?","R","?","?","?","R","BOSS","M","?","$","M","?","E","M","R","T","?","?","M","?","$","R","BOSS","M","?","?","?","M","R","M","?","T","R","M","?","$","M","R","BOSS"],"build_version":"2018-11-08","purchased_purges":2,"victory":true,"max_hp_per_floor":[70,70,70,70,70,70,70,70,70,70,70,70,70,70,70,70,70,70,70,70,70,70,77,77,77,77,77,77,77,77,77,77,77,77,77,77,77,77,77,77,77,77,77,77,77,77,77,77,77,77],"card_choices":[{"not_picked":["Eviscerate","Sucker Punch"],"picked":"Heel Hook","floor":1},{"not_picked":["Choke","Accuracy"],"picked":"Deadly Poison","floor":2},{"not_picked":["Dodge and Roll","Reflex"],"picked":"Noxious Fumes","floor":4},{"not_picked":["Heel Hook","Dagger Spray"],"picked":"Prepared","floor":5},{"not_picked":["Predator","Expertise"],"picked":"Venomology","floor":7},{"not_picked":["All Out Attack","Sucker Punch","Skewer"],"picked":"SKIP","floor":8},{"not_picked":["Slice","Escape Plan"],"picked":"Dash","floor":13},{"not_picked":["Masterful Stab","Dodge and Roll"],"picked":"Backflip","floor":14},{"not_picked":["Storm of Steel","Wraith Form v2"],"picked":"Malaise","floor":16},{"not_picked":["Dash","Dodge and Roll"],"picked":"Footwork","floor":18},{"not_picked":["Bane","Concentrate"],"picked":"Deflect","floor":19},{"not_picked":["Blade Dance","Bane"],"picked":"Footwork","floor":21},{"not_picked":["Glass Knife","Sucker Punch+1","Underhanded Strike"],"picked":"SKIP","floor":23},{"not_picked":["Riddle With Holes","Sucker Punch"],"picked":"Crippling Poison","floor":29},{"not_picked":["Dash","Quick Slash"],"picked":"Acrobatics","floor":30},{"not_picked":["Phantasmal Killer","Glass Knife"],"picked":"Tools of the Trade","floor":33},{"not_picked":["Backflip","Dagger Spray+1"],"picked":"Deflect+1","floor":35},{"not_picked":["Cloak And Dagger","Accuracy+1"],"picked":"Dodge and Roll+1","floor":39},{"not_picked":["Concentrate+1","Prepared"],"picked":"Dodge and Roll+1","floor":41},{"not_picked":["Flying Knee","Well Laid Plans+1","Quick Slash+1"],"picked":"SKIP","floor":42},{"not_picked":["Catalyst","Quick Slash"],"picked":"Noxious Fumes+1","floor":45},{"not_picked":["Heel Hook+1","Acrobatics","After Image"],"picked":"SKIP","floor":48}],"player_experience":349545,"relics_obtained":[{"floor":7,"key":"Art of War"},{"floor":9,"key":"PreservedInsect"},{"floor":23,"key":"Strawberry"},{"floor":26,"key":"Bottled Lightning"},{"floor":28,"key":"Tiny Chest"},{"floor":43,"key":"The Courier"}],"event_choices":[{"damage_healed":0,"gold_gain":0,"player_choice":"Upgraded","damage_taken":0,"max_hp_gain":0,"max_hp_loss":0,"event_name":"Upgrade Shrine","floor":3,"gold_loss":0,"cards_upgraded":["Deadly Poison"]},{"damage_healed":0,"gold_gain":0,"player_choice":"Grow","damage_taken":0,"max_hp_gain":0,"max_hp_loss":0,"event_name":"Living Wall","floor":10,"gold_loss":0,"cards_upgraded":["Venomology"]},{"cards_removed":["Heel Hook"],"damage_healed":49,"gold_gain":0,"player_choice":"Offered Uncommon","damage_taken":0,"max_hp_gain":0,"max_hp_loss":0,"event_name":"Bonfire Elementals","floor":12,"gold_loss":0},{"damage_healed":23,"gold_gain":0,"player_choice":"Heal","damage_taken":0,"max_hp_gain":0,"max_hp_loss":0,"event_name":"The Library","floor":22,"gold_loss":0},{"damage_healed":0,"gold_gain":0,"player_choice":"Smashed Altar","damage_taken":0,"max_hp_gain":0,"max_hp_loss":0,"event_name":"Forgotten Altar","floor":27,"gold_loss":0,"cards_obtained":["Decay"]},{"damage_healed":0,"gold_gain":0,"player_choice":"Paid","damage_taken":0,"relics_obtained":["Red Mask"],"max_hp_gain":0,"max_hp_loss":0,"event_name":"Tomb of Lord Red Mask","floor":36,"gold_loss":9},{"cards_removed":["Strike_G"],"damage_healed":0,"gold_gain":0,"player_choice":"Removed Attack","damage_taken":0,"max_hp_gain":0,"max_hp_loss":0,"event_name":"Falling","floor":37,"gold_loss":0},{"damage_healed":0,"gold_gain":0,"player_choice":"Gave Potion","damage_taken":0,"relics_obtained":["Bag of Preparation"],"max_hp_gain":0,"max_hp_loss":0,"event_name":"WeMeetAgain","floor":38,"gold_loss":0},{"damage_healed":0,"gold_gain":0,"player_choice":"Memory 1","damage_taken":0,"max_hp_gain":0,"max_hp_loss":0,"event_name":"SensoryStone","floor":46,"gold_loss":0}],"is_beta":false,"boss_relics":[{"not_picked":["Lizard Tail","Empty Cage"],"picked":"Ectoplasm"},{"not_picked":["Sozu","HoveringKite"],"picked":"White Beast Statue"}],"items_purged_floors":[20,31],"is_endless":false,"potions_floor_spawned":[1,2,7,16,23,24,29,35,39,41,42,45,48],"ascension_level":10}