{"gold_per_floor":[115,130,144,144,5,36,53,53,80,80,94,105,134,153,153,249,249,266,278,130,144,158,158,192,204,216,228,250,273,295,307,319,430,442,465,278,278],"floor_reached":37,"playtime":2818,"items_purged":[],"score":455,"play_id":"2b0ee1fe-9bc9-4591-a488-88e8ed8f90b3","local_time":"20190116152423","is_ascension_mode":false,"campfire_choices":[{"floor":8,"key":"REST"},{"floor":10,"key":"REST"},{"floor":15,"key":"REST"},{"data":"Blade Dance","floor":23,"key":"SMITH"},{"floor":25,"key":"REST"},{"data":"Neutralize","floor":27,"key":"SMITH"},{"floor":32,"key":"REST"}],"neow_cost":"NONE","seed_source_timestamp":644918302052159,"circlet_count":0,"master_deck":["Defend_G","Defend_G","Defend_G","Defend_G","Defend_G","Strike_G","Strike_G","Strike_G","Strike_G","Strike_G","Survivor","Neutralize+1","Blind","Finisher","Underhanded Strike","Poisoned Stab","Trip","Poisoned Stab","Poisoned Stab","Leg Sweep","Blade Dance+1","Backflip","Dagger Spray","Terror","Corpse Explosion","Quick Slash","Predator","Caltrops","Underhanded Strike","Adrenaline","Regret","Cloak And Dagger+1","Predator","Dagger Spray","Die Die Die","Poisoned Stab"],"relics":["Ring of the Snake","Vajra","Centennial Puzzle","Bag of Marbles","Cursed Key","Boot","MawBank","Matryoshka","Sozu","HandDrill"],"potions_floor_usage":[16,24,29,30,33,33],"damage_taken":[{"damage":4,"enemies":"Cultist","floor":1,"turns":4},{"damage":6,"enemies":"Jaw Worm","floor":2,"turns":5},{"damage":0,"enemies":"Small Slimes","floor":3,"turns":3},{"damage":26,"enemies":"Lagavulin","floor":6,"turns":5},{"damage":0,"enemies":"2 Fungi Beasts","floor":7,"turns":2},{"damage":9,"enemies":"Exordium Thugs","floor":11,"turns":5},{"damage":0,"enemies":"Looter","floor":12,"turns":2},{"damage":27,"enemies":"3 Sentries","floor":13,"turns":8},{"damage":4,"enemies":"Lots of Slimes","floor":14,"turns":3},{"damage":25,"enemies":"Slime Boss","floor":16,"turns":10},{"damage":7,"enemies":"Shell Parasite","floor":18,"turns":2},{"damage":5,"enemies":"Chosen","floor":19,"turns":3},{"damage":0,"enemies":"Snake Plant","floor":21,"turns":3},{"damage":0,"enemies":"Centurion and Healer","floor":22,"turns":2},{"damage":4,"enemies":"Gremlin Leader","floor":24,"turns":4},{"damage":1,"enemies":"Cultist and Chosen","floor":28,"turns":4},{"damage":19,"enemies":"Snecko","floor":29,"turns":4},{"damage":0,"enemies":"Shelled Parasite and Fungi","floor":30,"turns":1},{"damage":63,"enemies":"Champ","floor":33,"turns":12},{"damage":8,"enemies":"3 Darklings","floor":35,"turns":5}],"seed_played":"-936694007587159596","potions_obtained":[{"floor":1,"key":"SkillPotion"},{"floor":2,"key":"Strength Potion"},{"floor":4,"key":"GhostInAJar"},{"floor":7,"key":"Dexterity Potion"},{"floor":12,"key":"GhostInAJar"},{"floor":14,"key":"Fire Potion"},{"floor":19,"key":"Ancient Potion"},{"floor":24,"key":"AttackPotion"},{"floor":29,"key":"Fire Potion"}],"is_trial":false,"path_per_floor":["M","M","M","?","$","E","M","R","T","R","M","M","E","M","R","B",null,"M","M","$","M","M","R","E","R","T","R","M","M","M","$","R","B",null,"M","$","M"],"character_chosen":"THE_SILENT","items_purchased":["Trip","Poisoned Stab","Boot","HandDrill"],"campfire_rested":5,"item_purchase_floors":[5,5,20,36],"current_hp_per_floor":[66,60,60,60,60,34,34,55,55,70,61,61,34,30,51,26,70,63,58,58,58,58,58,54,70,70,70,69,50,50,50,70,7,70,62,62,0],"gold":278,"neow_bonus":"RANDOM_COLORLESS","is_prod":false,"is_daily":false,"chose_seed":false,"campfire_upgraded":2,"win_rate":0.0,"timestamp":1547670263,"path_taken":["M","M","M","?","$","E","M","R","T","R","M","M","E","M","R","BOSS","M","M","$","M","M","R","E","R","T","R","M","M","?","$","R","BOSS","M","$","M"],"build_version":"2019-01-10","purchased_purges":0,"victory":false,"max_hp_per_floor":[70,70,70,70,70,70,70,70,70,70,70,70,70,70,70,70,70,70,70,70,70,70,70,70,70,70,70,70,70,70,70,70,70,70,70,70,70],"card_choices":[{"not_picked":["Expertise","Noxious Fumes"],"picked":"Finisher","floor":1},{"not_picked":["Bane","Outmaneuver"],"picked":"Underhanded Strike","floor":2},{"not_picked":["Calculated Gamble","Skewer"],"picked":"Poisoned Stab","floor":3},{"not_picked":["Flying Knee","Prepared"],"picked":"Poisoned Stab","floor":6},{"not_picked":["Choke","Dagger Throw"],"picked":"Leg Sweep","floor":7},{"not_picked":["Outmaneuver","A Thousand Cuts"],"picked":"Blade Dance","floor":11},{"not_picked":["Prepared","Acrobatics"],"picked":"Backflip","floor":12},{"not_picked":["Dodge and Roll","Caltrops"],"picked":"Dagger Spray","floor":13},{"not_picked":["Underhanded Strike","Tactician"],"picked":"Terror","floor":14},{"not_picked":["Phantasmal Killer","Grand Finale"],"picked":"Corpse Explosion","floor":16},{"not_picked":["Escape Plan","Calculated Gamble"],"picked":"Quick Slash","floor":18},{"not_picked":["Deflect","Crippling Poison"],"picked":"Predator","floor":19},{"not_picked":["Dodge and Roll","Eviscerate"],"picked":"Caltrops","floor":21},{"not_picked":["Outmaneuver","Accuracy"],"picked":"Underhanded Strike","floor":22},{"not_picked":["Sucker Punch","Finisher"],"picked":"Adrenaline","floor":24},{"not_picked":["Bane","Quick Slash"],"picked":"Cloak And Dagger+1","floor":28},{"not_picked":["Crippling Poison+1","Deadly Poison"],"picked":"Predator","floor":29},{"not_picked":["Bane","Dodge and Roll"],"picked":"Dagger Spray","floor":30},{"not_picked":["Corpse Explosion","Adrenaline"],"picked":"Die Die Die","floor":33},{"not_picked":["Dodge and Roll+1","Tactician+1"],"picked":"Poisoned Stab","floor":35}],"player_experience":51079,"relics_obtained":[{"floor":6,"key":"Vajra"},{"floor":9,"key":"Centennial Puzzle"},{"floor":13,"key":"Bag of Marbles"},{"floor":24,"key":"MawBank"},{"floor":26,"key":"Matryoshka"}],"event_choices":[{"damage_healed":0,"gold_gain":0,"player_choice":"Got Potions","damage_taken":0,"max_hp_gain":0,"max_hp_loss":0,"event_name":"Lab","floor":4,"gold_loss":0}],"is_beta":false,"boss_relics":[{"not_picked":["Snecko Eye","Runic Pyramid"],"picked":"Cursed Key"},{"not_picked":["White Beast Statue","Runic Dome"],"picked":"Sozu"}],"items_purged_floors":[],"is_endless":false,"potions_floor_spawned":[1,2,7,12,14,19,22,24,29,35],"killed_by":"3 Shapes","ascension_level":0}