{"gold_per_floor":[115,130,130,56,56,97,97,97,97,132,157,171,245,266,266,392,392,410,335,22,22,36,36,36,36],"floor_reached":25,"playtime":1896,"items_purged":[],"score":209,"play_id":"9c85a6bc-f5db-4e4f-9521-66c48dd7fb8d","local_time":"20190115032602","is_ascension_mode":false,"campfire_choices":[{"floor":8,"key":"REST"},{"floor":15,"key":"REST"},{"floor":23,"key":"REST"}],"neow_cost":"NONE","seed_source_timestamp":516331934401591,"circlet_count":0,"master_deck":["Defend_G","Defend_G","Defend_G","Defend_G","Defend_G","Strike_G","Strike_G","Strike_G","Strike_G","Survivor","Neutralize","Dagger Spray+1","Terror","Endless Agony","Well Laid Plans","Die Die Die","Underhanded Strike","Deflect","Dagger Throw","Flying Knee","Phantasmal Killer","Terror","Distraction","Poisoned Stab","Backstab"],"relics":["Ring of the Snake","Centennial Puzzle","Golden Idol","Question Card","Ornamental Fan","Darkstone Periapt","Letter Opener","Blood Vial","Velvet Choker","Frozen Eye","Snake Skull"],"potions_floor_usage":[13,16],"damage_taken":[{"damage":0,"enemies":"Cultist","floor":1,"turns":4},{"damage":0,"enemies":"Jaw Worm","floor":2,"turns":5},{"damage":23,"enemies":"Lagavulin","floor":6,"turns":6},{"damage":15,"enemies":"Gremlin Nob","floor":10,"turns":4},{"damage":0,"enemies":"Small Slimes","floor":11,"turns":1},{"damage":0,"enemies":"Blue Slaver","floor":12,"turns":3},{"damage":10,"enemies":"Gremlin Nob","floor":13,"turns":3},{"damage":6,"enemies":"Exordium Thugs","floor":14,"turns":3},{"damage":17,"enemies":"Slime Boss","floor":16,"turns":13},{"damage":8,"enemies":"Spheric Guardian","floor":18,"turns":4},{"damage":9,"enemies":"Shell Parasite","floor":22,"turns":3},{"damage":72,"enemies":"Gremlin Leader","floor":25,"turns":4}],"seed_played":"272384964795190099","potions_obtained":[{"floor":1,"key":"Block Potion"},{"floor":10,"key":"Poison Potion"},{"floor":11,"key":"AttackPotion"}],"is_trial":false,"path_per_floor":["M","M","?","$","?","E","T","R","T","E","M","M","?","M","R","B",null,"M","?","$","?","M","R","T","E"],"character_chosen":"THE_SILENT","items_purchased":["Endless Agony","Frozen Eye","Distraction","Poisoned Stab"],"campfire_rested":3,"item_purchase_floors":[4,20,20,20],"current_hp_per_floor":[70,70,53,53,53,30,30,51,51,36,36,36,26,22,43,28,70,62,62,62,62,55,70,70,0],"gold":36,"neow_bonus":"RANDOM_COMMON_RELIC","is_prod":false,"is_daily":false,"chose_seed":false,"campfire_upgraded":0,"win_rate":0.0,"timestamp":1547540762,"path_taken":["M","?","?","$","?","E","?","R","T","E","?","M","?","M","R","BOSS","M","?","$","?","M","R","?","E"],"build_version":"2019-01-10","purchased_purges":0,"victory":false,"max_hp_per_floor":[70,70,70,70,70,70,70,70,70,70,70,70,70,70,70,70,70,70,70,70,70,70,70,70,70],"card_choices":[{"not_picked":["Footwork","Acrobatics"],"picked":"Dagger Spray","floor":1},{"not_picked":["Poisoned Stab","Endless Agony"],"picked":"Terror","floor":2},{"not_picked":["Blade Dance","Prepared"],"picked":"Well Laid Plans","floor":6},{"not_picked":["Quick Slash","Acrobatics","Masterful Stab"],"picked":"Die Die Die","floor":10},{"not_picked":["Acrobatics","Sucker Punch","Slice"],"picked":"Underhanded Strike","floor":11},{"not_picked":["Noxious Fumes","Reflex","Prepared"],"picked":"Deflect","floor":12},{"not_picked":["PiercingWail","Dodge and Roll","Blade Dance"],"picked":"Dagger Throw","floor":13},{"not_picked":["Deadly Poison","Infinite Blades","Acrobatics"],"picked":"Flying Knee","floor":14},{"not_picked":["Adrenaline","After Image","Envenom"],"picked":"Phantasmal Killer","floor":16},{"not_picked":["Bane+1","PiercingWail","Backflip"],"picked":"Terror","floor":18},{"not_picked":["Caltrops","Leg Sweep","All Out Attack"],"picked":"Backstab","floor":22}],"player_experience":5064,"relics_obtained":[{"floor":6,"key":"Question Card"},{"floor":7,"key":"Ornamental Fan"},{"floor":9,"key":"Darkstone Periapt"},{"floor":10,"key":"Letter Opener"},{"floor":13,"key":"Blood Vial"},{"floor":24,"key":"Snake Skull"}],"event_choices":[{"damage_healed":0,"gold_gain":0,"player_choice":"Take Damage","damage_taken":17,"relics_obtained":["Golden Idol"],"max_hp_gain":0,"max_hp_loss":0,"event_name":"Golden Idol","floor":3,"gold_loss":0},{"damage_healed":0,"gold_gain":0,"player_choice":"Grow","damage_taken":0,"max_hp_gain":0,"max_hp_loss":0,"event_name":"Living Wall","floor":5,"gold_loss":0,"cards_upgraded":["Dagger Spray"]},{"damage_healed":0,"gold_gain":30,"player_choice":"Searched \u00272\u0027 times","damage_taken":0,"max_hp_gain":0,"max_hp_loss":0,"event_name":"Dead Adventurer","floor":13,"gold_loss":0},{"cards_removed":["Strike_G"],"damage_healed":0,"gold_gain":0,"player_choice":"Gave Gold","damage_taken":0,"max_hp_gain":0,"max_hp_loss":0,"event_name":"Beggar","floor":19,"gold_loss":75}],"is_beta":false,"boss_relics":[{"not_picked":["Lizard Tail","Ectoplasm"],"picked":"Velvet Choker"}],"items_purged_floors":[],"is_endless":false,"potions_floor_spawned":[1,10,11],"killed_by":"Gremlin Leader","ascension_level":0}