{"gold_per_floor":[112,112,112,29,47,47,57,57,57,57,57,75,75,0,0,73,73,88,102,17,31,31,60,60,60,87,87,100,120,20,33,33,108,108,118,118,136,149,149,149],"floor_reached":41,"playtime":4078,"items_purged":["Strike_G","Injury"],"score":1194,"play_id":"17b5d817-47d3-439f-a440-9a758872533a","local_time":"20190621161917","is_ascension_mode":true,"campfire_choices":[{"data":"Neutralize","floor":6,"key":"SMITH"},{"data":"Dagger Spray","floor":8,"key":"SMITH"},{"floor":15,"key":"REST"},{"data":"Tools of the Trade","floor":24,"key":"SMITH"},{"data":"Adrenaline","floor":27,"key":"SMITH"},{"data":"Backflip","floor":32,"key":"SMITH"}],"neow_cost":"NONE","seed_source_timestamp":768760960307204,"circlet_count":0,"master_deck":["AscendersBane","Defend_G+1","Defend_G","Defend_G+1","Defend_G+1","Defend_G+1","Strike_G","Strike_G","Survivor","Neutralize+1","Caltrops","Footwork+1","Tools of the Trade+1","Dagger Spray+1","Heel Hook","Adrenaline+1","Leg Sweep","Blur+1","Injury","Cloak And Dagger+1","Backflip+1","After Image","Deadly Poison"],"relics":["Ring of the Snake","Bronze Scales","War Paint","Letter Opener","Cursed Key","Centennial Puzzle","Snake Skull","Meat on the Bone","Happy Flower","Lizard Tail"],"potions_floor_usage":[16,16,28,29,33,40,40],"damage_taken":[{"damage":0,"enemies":"Small Slimes","floor":1,"turns":3},{"damage":10,"enemies":"2 Louse","floor":5,"turns":2},{"damage":0,"enemies":"Jaw Worm","floor":7,"turns":5},{"damage":0,"enemies":"Red Slaver","floor":12,"turns":5},{"damage":23,"enemies":"Slime Boss","floor":16,"turns":14},{"damage":0,"enemies":"Spheric Guardian","floor":18,"turns":5},{"damage":0,"enemies":"Shell Parasite","floor":19,"turns":7},{"damage":11,"enemies":"Centurion and Healer","floor":21,"turns":15},{"damage":0,"enemies":"Book of Stabbing","floor":23,"turns":5},{"damage":0,"enemies":"Snake Plant","floor":28,"turns":5},{"damage":29,"enemies":"Cultist and Chosen","floor":29,"turns":9},{"damage":2,"enemies":"Snecko","floor":31,"turns":7},{"damage":32,"enemies":"Automaton","floor":33,"turns":20},{"damage":9,"enemies":"Orb Walker","floor":35,"turns":5},{"damage":3,"enemies":"3 Darklings","floor":37,"turns":6},{"damage":2,"enemies":"Sphere and 2 Shapes","floor":38,"turns":6},{"damage":32,"enemies":"Awakened One","floor":40,"turns":19}],"seed_played":"-3237571954931993024","potions_obtained":[{"floor":5,"key":"SpeedPotion"},{"floor":7,"key":"SpeedPotion"},{"floor":16,"key":"GamblersBrew"},{"floor":21,"key":"SteroidPotion"},{"floor":23,"key":"SkillPotion"},{"floor":28,"key":"SpeedPotion"},{"floor":37,"key":"Ancient Potion"},{"floor":38,"key":"PowerPotion"}],"is_trial":false,"path_per_floor":["M","?","?","$","M","R","M","R","T","?","?","M","?","$","R","B",null,"M","M","?","M","?","E","R","T","T","R","M","M","$","M","R","B",null,"M","?","M","M","?","B",null],"character_chosen":"THE_SILENT","items_purchased":["Footwork"],"campfire_rested":1,"item_purchase_floors":[4],"current_hp_per_floor":[59,48,48,48,38,38,38,38,38,18,18,18,18,18,37,14,53,53,53,53,42,42,42,42,42,42,42,42,25,25,35,35,15,53,44,44,41,39,39,19],"gold":149,"neow_bonus":"RANDOM_COMMON_RELIC","is_prod":false,"is_daily":false,"chose_seed":false,"campfire_upgraded":5,"win_rate":0,"timestamp":1561105157,"path_taken":["M","?","?","?","M","R","?","R","T","?","?","?","?","$","R","BOSS","M","M","?","M","?","E","R","?","T","R","M","M","$","M","R","BOSS","M","?","M","M","?","BOSS"],"build_version":"2019-01-23","purchased_purges":2,"victory":true,"max_hp_per_floor":[66,66,66,66,66,66,66,66,66,66,66,66,66,66,66,66,66,66,66,66,66,66,66,66,66,66,66,66,66,66,66,66,66,66,66,66,66,66,66,66],"card_choices":[{"not_picked":["Slice","Dodge and Roll"],"picked":"Caltrops","floor":1},{"not_picked":["Blade Dance","Flying Knee"],"picked":"Tools of the Trade","floor":5},{"not_picked":["Dagger Throw","Well Laid Plans"],"picked":"Dagger Spray","floor":7},{"not_picked":["Dagger Throw","Calculated Gamble"],"picked":"Heel Hook","floor":12},{"not_picked":["Phantasmal Killer","Corpse Explosion"],"picked":"Adrenaline","floor":16},{"not_picked":["Flechettes","Prepared"],"picked":"Leg Sweep","floor":18},{"not_picked":["Eviscerate","Acrobatics","Bane"],"picked":"SKIP","floor":19},{"not_picked":["All Out Attack","Finisher","Underhanded Strike"],"picked":"SKIP","floor":21},{"not_picked":["Crippling Poison","Flying Knee"],"picked":"Blur+1","floor":23},{"not_picked":["Concentrate","Infinite Blades"],"picked":"Cloak And Dagger+1","floor":28},{"not_picked":["Deflect","Blade Dance","Flying Knee"],"picked":"SKIP","floor":29},{"not_picked":["Accuracy","Dagger Spray"],"picked":"Backflip","floor":31},{"not_picked":["Bullet Time","Tools of the Trade"],"picked":"After Image","floor":33},{"not_picked":["Outmaneuver","Deflect+1"],"picked":"Deadly Poison","floor":35},{"not_picked":["Accuracy","Bane","Choke"],"picked":"SKIP","floor":37},{"not_picked":["All Out Attack+1","Prepared","Dagger Throw"],"picked":"SKIP","floor":38}],"player_experience":947314,"relics_obtained":[{"floor":9,"key":"Letter Opener"},{"floor":23,"key":"Snake Skull"},{"floor":25,"key":"Meat on the Bone"},{"floor":26,"key":"Happy Flower"}],"event_choices":[{"damage_healed":0,"gold_gain":0,"player_choice":"Success","damage_taken":11,"relics_obtained":["War Paint"],"max_hp_gain":0,"max_hp_loss":0,"event_name":"Scrap Ooze","floor":2,"gold_loss":0},{"cards_removed":["Strike_G"],"damage_healed":0,"gold_gain":0,"player_choice":"Forget","damage_taken":0,"max_hp_gain":0,"max_hp_loss":0,"event_name":"Living Wall","floor":3,"gold_loss":0},{"damage_healed":0,"gold_gain":0,"player_choice":"Entered Light","damage_taken":20,"max_hp_gain":0,"max_hp_loss":0,"event_name":"Shining Light","floor":10,"gold_loss":0,"cards_upgraded":["Defend_G","Defend_G"]},{"damage_healed":0,"gold_gain":0,"player_choice":"Upgraded","damage_taken":0,"max_hp_gain":0,"max_hp_loss":0,"event_name":"Upgrade Shrine","floor":11,"gold_loss":0,"cards_upgraded":["Footwork"]},{"damage_healed":0,"gold_gain":0,"player_choice":"Ignored","damage_taken":0,"max_hp_gain":0,"max_hp_loss":0,"event_name":"Liars Game","floor":13,"gold_loss":0},{"damage_healed":0,"gold_gain":0,"player_choice":"Obtained Relic","damage_taken":0,"relics_obtained":["Centennial Puzzle"],"max_hp_gain":0,"max_hp_loss":0,"event_name":"Addict","floor":20,"gold_loss":85},{"damage_healed":0,"gold_gain":0,"player_choice":"Ignored","damage_taken":0,"max_hp_gain":0,"max_hp_loss":0,"event_name":"Beggar","floor":22,"gold_loss":0},{"cards_removed":["Strike_G"],"damage_healed":0,"gold_gain":0,"player_choice":"Removed Attack","damage_taken":0,"max_hp_gain":0,"max_hp_loss":0,"event_name":"Falling","floor":36,"gold_loss":0},{"damage_healed":0,"gold_gain":0,"player_choice":"Took Portal","damage_taken":0,"max_hp_gain":0,"max_hp_loss":0,"event_name":"SecretPortal","floor":39,"gold_loss":0}],"is_beta":false,"boss_relics":[{"not_picked":["Tiny House","Runic Dome"],"picked":"Cursed Key"},{"not_picked":["Black Star","Snecko Eye"],"picked":"Lizard Tail"}],"items_purged_floors":[14,30],"is_endless":false,"potions_floor_spawned":[5,7,16,21,23,28,37,38],"ascension_level":18}