{"gold_per_floor":[110,126,142,24,36,36,51,71,118,43,43,53,53,53,53,53],"floor_reached":16,"playtime":558,"items_purged":["Strike_G"],"score":188,"play_id":"422f8e53-0315-4e07-9996-90c0248059db","local_time":"20190103170223","is_ascension_mode":true,"campfire_choices":[{"data":"Catalyst","floor":11,"key":"SMITH"},{"data":"Bouncing Flask","floor":15,"key":"SMITH"}],"neow_cost":"NONE","seed_source_timestamp":18047637961830,"circlet_count":0,"master_deck":["AscendersBane","Defend_G","Defend_G","Defend_G","Defend_G","Defend_G","Strike_G","Strike_G","Strike_G+1","Strike_G+1","Survivor","Neutralize","Bouncing Flask+1","Catalyst+1","Dash","Footwork","Dodge and Roll","Footwork","Poisoned Stab"],"relics":["Ring of the Snake","Whetstone","Anchor"],"potions_floor_usage":[7,16,16],"damage_taken":[{"damage":0,"enemies":"Cultist","floor":1,"turns":4},{"damage":5,"enemies":"Small Slimes","floor":2,"turns":4},{"damage":0,"enemies":"2 Louse","floor":3,"turns":2},{"damage":0,"enemies":"2 Fungi Beasts","floor":5,"turns":4},{"damage":13,"enemies":"Exordium Wildlife","floor":7,"turns":5},{"damage":3,"enemies":"Looter","floor":8,"turns":4},{"damage":0,"enemies":"Blue Slaver","floor":12,"turns":4},{"damage":38,"enemies":"Slime Boss","floor":16,"turns":9}],"seed_played":"6393556465189461976","potions_obtained":[{"floor":2,"key":"Fire Potion"},{"floor":5,"key":"SkillPotion"},{"floor":8,"key":"Weak Potion"},{"floor":12,"key":"Block Potion"}],"is_trial":false,"path_per_floor":["M","M","M","$","M","$","M","M","T","$","R","M","?","?","R","B"],"character_chosen":"THE_SILENT","items_purchased":["Footwork","Dodge and Roll"],"campfire_rested":0,"item_purchase_floors":[4,4],"current_hp_per_floor":[59,54,54,54,54,54,41,38,38,38,38,38,38,38,38,0],"gold":53,"neow_bonus":"RANDOM_COMMON_RELIC","is_prod":false,"is_daily":false,"chose_seed":false,"campfire_upgraded":2,"win_rate":0,"timestamp":1546545743,"path_taken":["M","M","M","$","M","?","M","M","T","$","R","M","?","?","R","BOSS"],"build_version":"2018-12-20","purchased_purges":1,"victory":false,"max_hp_per_floor":[66,66,66,66,66,66,66,66,66,66,66,66,66,66,66,66],"card_choices":[{"not_picked":["Slice","Sucker Punch"],"picked":"Bouncing Flask","floor":1},{"not_picked":["Cloak And Dagger","Dodge and Roll"],"picked":"Catalyst","floor":2},{"not_picked":["Blade Dance","PiercingWail"],"picked":"Dash","floor":3},{"not_picked":["Prepared","Quick Slash","Choke"],"picked":"SKIP","floor":5},{"not_picked":["Dodge and Roll","Bouncing Flask","Expertise"],"picked":"SKIP","floor":7},{"not_picked":["Poisoned Stab","Quick Slash"],"picked":"Footwork","floor":8},{"not_picked":["Endless Agony","Slice"],"picked":"Poisoned Stab","floor":12}],"player_experience":685374,"relics_obtained":[{"floor":9,"key":"Anchor"}],"event_choices":[{"damage_healed":0,"gold_gain":0,"player_choice":"Searched \u00271\u0027 times","damage_taken":0,"max_hp_gain":0,"max_hp_loss":0,"event_name":"Dead Adventurer","floor":13,"gold_loss":0},{"damage_healed":0,"gold_gain":0,"player_choice":"Fled","damage_taken":0,"max_hp_gain":0,"max_hp_loss":0,"event_name":"Scrap Ooze","floor":14,"gold_loss":0}],"is_beta":false,"boss_relics":[],"items_purged_floors":[10],"is_endless":false,"potions_floor_spawned":[2,5,8,12],"killed_by":"Slime Boss","ascension_level":20}