{"gold_per_floor":[111,126,139,156,171,171,205,205,281,295,295,310,328,341,341,412,412,431,442,357,357,357,357,390,340,340,353,368,368,387,13,13,13],"floor_reached":33,"playtime":2248,"items_purged":["Strike_R"],"score":596,"play_id":"57692c49-977a-4e27-98fa-00dd5c210463","local_time":"20190123203419","is_ascension_mode":true,"campfire_choices":[{"data":"Body Slam","floor":6.0,"key":"SMITH"},{"data":"Offering","floor":8.0,"key":"SMITH"},{"data":"Entrench","floor":15.0,"key":"SMITH"},{"floor":23,"key":"REST"},{"floor":29,"key":"REST"},{"data":"True Grit","floor":32,"key":"SMITH"}],"neow_cost":"TEN_PERCENT_HP_LOSS","seed_source_timestamp":272814905350,"circlet_count":0,"master_deck":["AscendersBane","Strike_R","Strike_R","Strike_R","Strike_R+1","Defend_R","Defend_R","Defend_R+1","Defend_R","Bash","Impervious+1","Body Slam+1","Sword Boomerang","Iron Wave","Shrug It Off+1","Offering+1","Armaments+1","Whirlwind","Headbutt","Entrench+1","Juggernaut","Iron Wave","Shrug It Off","Uppercut+1","Metallicize+1","Warcry","True Grit+1","Evolve+1"],"special_seed":0,"relics":["Burning Blood","War Paint","Gremlin Horn","Philosopher\u0027s Stone","Charon\u0027s Ashes","Oddly Smooth Stone","Frozen Egg 2"],"potions_floor_usage":[16,16,33],"damage_taken":[{"damage":10.0,"enemies":"Small Slimes","floor":1.0,"turns":4.0},{"damage":0.0,"enemies":"Cultist","floor":2.0,"turns":3.0},{"damage":4.0,"enemies":"Jaw Worm","floor":3.0,"turns":3.0},{"damage":15.0,"enemies":"Exordium Wildlife","floor":4.0,"turns":6.0},{"damage":6.0,"enemies":"Looter","floor":5.0,"turns":4.0},{"damage":18.0,"enemies":"Lagavulin","floor":7.0,"turns":5.0},{"damage":7.0,"enemies":"Large Slime","floor":10.0,"turns":4.0},{"damage":0.0,"enemies":"Red Slaver","floor":12.0,"turns":4.0},{"damage":0.0,"enemies":"2 Fungi Beasts","floor":13.0,"turns":2.0},{"damage":9.0,"enemies":"Looter","floor":14.0,"turns":4.0},{"damage":37,"enemies":"Slime Boss","floor":16,"turns":8},{"damage":19,"enemies":"2 Thieves","floor":18,"turns":4},{"damage":21,"enemies":"Spheric Guardian","floor":19,"turns":4},{"damage":23,"enemies":"Colosseum Slavers","floor":21,"turns":4},{"damage":6,"enemies":"Gremlin Leader","floor":24,"turns":7},{"damage":6,"enemies":"Snecko","floor":27,"turns":2},{"damage":18,"enemies":"Snake Plant","floor":28,"turns":4},{"damage":6,"enemies":"Centurion and Healer","floor":30,"turns":6},{"damage":69,"enemies":"Champ","floor":33,"turns":10}],"seed_played":"-5851794707845438974","potions_obtained":[{"floor":2.0,"key":"Strength Potion"},{"floor":4.0,"key":"FearPotion"},{"floor":7.0,"key":"SteroidPotion"},{"floor":18,"key":"LiquidBronze"},{"floor":24,"key":"Strength Potion"},{"floor":30,"key":"SkillPotion"}],"is_trial":false,"path_per_floor":["M","M","M","M","M","R","E","R","T","M","?","M","M","M","R","B",null,"M","M","?","?","?","R","E","?","T","M","M","R","M","$","R","B"],"character_chosen":"IRONCLAD","items_purchased":["Warcry","True Grit","Evolve+1","FairyPotion"],"campfire_rested":2,"item_purchase_floors":[31,31,31,31],"current_hp_per_floor":[64,68,68,59,59,59,47,47,47,46,46,52,58,55,55,24,57,44,29,29,12,12,32,32,32,32,32,20,40,40,40,40,0],"gold":13,"neow_bonus":"THREE_RARE_CARDS","is_prod":false,"is_daily":false,"chose_seed":false,"campfire_upgraded":4,"win_rate":0,"timestamp":1548286459,"path_taken":["M","M","M","M","M","R","E","R","T","M","?","?","M","M","R","BOSS","M","M","?","?","?","R","E","?","T","M","M","R","?","$","R","BOSS"],"build_version":"2019-01-23","purchased_purges":1,"victory":false,"max_hp_per_floor":[68,68,68,68,68,68,68,68,68,68,68,68,68,68,68,68,68,68,68,68,68,68,68,68,68,68,68,68,68,68,68,68,68],"card_choices":[{"not_picked":["Juggernaut","Brutality"],"picked":"Impervious","floor":0.0},{"not_picked":["Feel No Pain","Warcry"],"picked":"Body Slam","floor":1.0},{"not_picked":["Pummel","Searing Blow"],"picked":"Sword Boomerang","floor":2.0},{"not_picked":["Clash","Thunderclap"],"picked":"Iron Wave","floor":3.0},{"not_picked":["Sword Boomerang","Shockwave"],"picked":"Shrug It Off","floor":4.0},{"not_picked":["Clash","Pommel Strike"],"picked":"Offering","floor":5.0},{"not_picked":["Twin Strike","Dark Embrace","Second Wind"],"picked":"SKIP","floor":7.0},{"not_picked":["Twin Strike","Dark Embrace","Second Wind"],"picked":"SKIP","floor":7.0},{"not_picked":["Rupture","Uppercut"],"picked":"Armaments","floor":10.0},{"not_picked":["Flex","Sword Boomerang"],"picked":"Whirlwind","floor":12.0},{"not_picked":["Armaments","Havoc"],"picked":"Headbutt","floor":13.0},{"not_picked":["Blood for Blood","Warcry"],"picked":"Entrench","floor":14.0},{"not_picked":["Bludgeon","Demon Form"],"picked":"Juggernaut","floor":16},{"not_picked":["Fire Breathing","Cleave"],"picked":"Iron Wave","floor":18},{"not_picked":["Havoc","Sword Boomerang"],"picked":"Shrug It Off","floor":19},{"not_picked":["Heavy Blade","Burning Pact"],"picked":"Uppercut+1","floor":24},{"not_picked":["Headbutt","Flex+1","Twin Strike"],"picked":"SKIP","floor":27},{"not_picked":["Ghostly Armor","Sword Boomerang"],"picked":"Metallicize+1","floor":28},{"not_picked":["Sentinel","Warcry","Armaments"],"picked":"SKIP","floor":30}],"player_experience":757554,"relics_obtained":[{"floor":7.0,"key":"War Paint"},{"floor":9.0,"key":"Gremlin Horn"},{"floor":24,"key":"Oddly Smooth Stone"},{"floor":26,"key":"Frozen Egg 2"}],"event_choices":[{"damage_healed":0.0,"max_hp_gain":0.0,"max_hp_loss":0.0,"gold_gain":0.0,"event_name":"Upgrade Shrine","player_choice":"Upgraded","floor":11.0,"gold_loss":0.0,"damage_taken":0.0,"cards_upgraded":["Armaments"]},{"damage_healed":0,"gold_gain":0,"player_choice":"Obtained Relic","damage_taken":0,"relics_obtained":["Charon\u0027s Ashes"],"max_hp_gain":0,"max_hp_loss":0,"event_name":"Addict","floor":20,"gold_loss":85},{"damage_healed":0,"gold_gain":0,"player_choice":"Fight","damage_taken":0,"max_hp_gain":0,"max_hp_loss":0,"event_name":"Colosseum","floor":21,"gold_loss":0},{"damage_healed":0,"gold_gain":0,"player_choice":"Fled From Nobs","damage_taken":0,"max_hp_gain":0,"max_hp_loss":0,"event_name":"Colosseum","floor":21,"gold_loss":0},{"damage_healed":0,"gold_gain":0,"player_choice":"Ignored","damage_taken":0,"max_hp_gain":0,"max_hp_loss":0,"event_name":"The Mausoleum","floor":22,"gold_loss":0},{"damage_healed":0,"gold_gain":0,"player_choice":"Upgraded Two","damage_taken":0,"max_hp_gain":0,"max_hp_loss":0,"event_name":"Designer","floor":25,"gold_loss":50,"cards_upgraded":["Impervious","Strike_R"]}],"is_beta":false,"boss_relics":[{"not_picked":["Ectoplasm","Runic Pyramid"],"picked":"Philosopher\u0027s Stone"}],"items_purged_floors":[31],"is_endless":false,"potions_floor_spawned":[2,4,7,10,18,24,30],"killed_by":"Champ","ascension_level":20}