{"gold_per_floor":[115,115,132,132,60,94,111,146,193,205],"floor_reached":10,"playtime":256,"items_purged":[],"score":126,"play_id":"1f42876a-4e7f-4811-a34c-e9d1501e6467","local_time":"20180923180816","is_ascension_mode":true,"campfire_choices":[],"neow_cost":"NONE","seed_source_timestamp":793465380593938,"circlet_count":0,"master_deck":["Strike_B","Strike_B","Strike_B","Strike_B","Defend_B","Defend_B","Defend_B","Defend_B","Zap","Dualcast","White Noise","Regret","Self Repair","Defragment","Self Repair","Auto Shields","Auto Shields"],"relics":["Cracked Core","NeowsBlessing","Kunai","Centennial Puzzle","The Courier","Bronze Scales","MawBank"],"potions_floor_usage":[8],"damage_taken":[{"damage":0,"enemies":"Small Slimes","floor":1,"turns":1},{"damage":0,"enemies":"2 Louse","floor":3,"turns":1},{"damage":0,"enemies":"Lagavulin","floor":6,"turns":1},{"damage":18,"enemies":"Jaw Worm","floor":7,"turns":4},{"damage":50,"enemies":"3 Sentries","floor":8,"turns":11},{"damage":32,"enemies":"Gremlin Nob","floor":10,"turns":3}],"seed_played":"2423804838906869565","potions_obtained":[{"floor":7,"key":"Energy Potion"}],"is_trial":false,"path_per_floor":["M","?","M","?","$","E","M","E","T"],"character_chosen":"DEFECT","items_purchased":["Defragment"],"campfire_rested":0,"item_purchase_floors":[5],"current_hp_per_floor":[75,75,75,63,63,63,66,30,30,0],"gold":205,"neow_bonus":"THREE_ENEMY_KILL","is_prod":false,"is_daily":false,"chose_seed":false,"campfire_upgraded":0,"win_rate":0,"timestamp":1537740496,"path_taken":["M","?","?","?","?","E","?","E","T","E"],"build_version":"2018-09-20","purchased_purges":0,"victory":false,"max_hp_per_floor":[75,75,75,75,75,75,75,75,75,75],"card_choices":[{"not_picked":["Ball Lightning","Go for the Eyes"],"picked":"White Noise","floor":1},{"not_picked":["Conserve Battery","Tempest"],"picked":"Self Repair","floor":3},{"not_picked":["Hologram","Steam"],"picked":"Self Repair","floor":6},{"not_picked":["Coolheaded","Streamline"],"picked":"Auto Shields","floor":7},{"not_picked":["Stack","Chaos"],"picked":"Auto Shields","floor":8}],"player_experience":182582,"relics_obtained":[{"floor":6,"key":"The Courier"},{"floor":8,"key":"Bronze Scales"},{"floor":9,"key":"MawBank"}],"event_choices":[{"event_name":"Big Fish","player_choice":"Box","floor":2,"damage_taken":0},{"event_name":"Scrap Ooze","player_choice":"success","floor":4,"damage_taken":12}],"is_beta":false,"boss_relics":[],"items_purged_floors":[],"is_endless":false,"potions_floor_spawned":[7],"killed_by":"Gremlin Nob","ascension_level":5}