{"gold_per_floor":[111,186,186,198,208,241,241,275,275,287,307,25,37,54,54,157,207,220,231,231,231],"floor_reached":21,"playtime":1339,"items_purged":[],"score":203,"play_id":"b0524d48-333a-4a3e-95a4-3fb3615edd4d","local_time":"20190117011241","is_ascension_mode":true,"campfire_choices":[{"floor":7,"key":"REST"},{"floor":15,"key":"REST"}],"neow_cost":"NONE","seed_source_timestamp":681694742650239,"circlet_count":0,"master_deck":["Strike_R","Strike_R","Strike_R","Strike_R","Strike_R","Defend_R","Defend_R","Defend_R","Defend_R","Bash+1","Clothesline","Cleave","Heavy Blade","Power Through","Immolate","Body Slam","Spot Weakness+1","Inflame","Ghostly Armor","Heavy Blade","Demon Form","Dropkick","Flex","Dual Wield"],"relics":["Burning Blood","Gambling Chip","Darkstone Periapt","Kunai","Letter Opener","Tiny House"],"potions_floor_usage":[16,16,16,19,21],"damage_taken":[{"damage":4,"enemies":"2 Louse","floor":1,"turns":5},{"damage":3,"enemies":"Jaw Worm","floor":4,"turns":5},{"damage":0,"enemies":"Cultist","floor":5,"turns":3},{"damage":42,"enemies":"Lagavulin","floor":6,"turns":8},{"damage":44,"enemies":"3 Sentries","floor":8,"turns":8},{"damage":8,"enemies":"Lots of Slimes","floor":10,"turns":2},{"damage":0,"enemies":"2 Fungi Beasts","floor":11,"turns":1},{"damage":0,"enemies":"Gremlin Gang","floor":13,"turns":1},{"damage":1,"enemies":"Exordium Wildlife","floor":14,"turns":3},{"damage":71,"enemies":"Slime Boss","floor":16,"turns":11},{"damage":53,"enemies":"3 Byrds","floor":18,"turns":7},{"damage":17,"enemies":"Spheric Guardian","floor":19,"turns":4},{"damage":24,"enemies":"Shelled Parasite and Fungi","floor":21,"turns":3}],"seed_played":"6612499580743281075","potions_obtained":[{"floor":1,"key":"Fire Potion"},{"floor":8,"key":"BloodPotion"},{"floor":11,"key":"BloodPotion"},{"floor":13,"key":"PowerPotion"},{"floor":17,"key":"SkillPotion"},{"floor":19,"key":"Weak Potion"}],"is_trial":false,"path_per_floor":["M","?","?","M","M","E","R","E","T","M","M","$","M","M","R","B",null,"M","M","?","M"],"character_chosen":"IRONCLAD","items_purchased":["Inflame","Letter Opener"],"campfire_rested":2,"item_purchase_floors":[12,12],"current_hp_per_floor":[80,69,69,72,78,42,66,28,28,26,32,32,38,43,67,18,85,38,27,19,0],"gold":231,"neow_bonus":"UPGRADE_CARD","is_prod":false,"is_daily":false,"chose_seed":false,"campfire_upgraded":0,"win_rate":0,"timestamp":1547705561,"path_taken":["M","?","?","M","M","E","R","E","T","M","M","$","?","?","R","BOSS","M","M","?","?"],"build_version":"2019-01-10","purchased_purges":0,"victory":false,"max_hp_per_floor":[80,80,80,80,80,80,80,80,80,80,80,80,80,80,80,80,85,85,85,85,85],"card_choices":[{"not_picked":["Anger","Iron Wave"],"picked":"Clothesline","floor":1},{"not_picked":["Iron Wave","Sword Boomerang"],"picked":"Cleave","floor":4},{"not_picked":["Offering","Shrug It Off"],"picked":"Heavy Blade","floor":5},{"not_picked":["Perfected Strike","Wild Strike"],"picked":"Power Through","floor":6},{"not_picked":["Anger","Brutality"],"picked":"Immolate","floor":8},{"not_picked":["Blood for Blood","Perfected Strike"],"picked":"Body Slam","floor":10},{"not_picked":["Pommel Strike","Warcry"],"picked":"Spot Weakness","floor":11},{"not_picked":["Evolve","Sword Boomerang"],"picked":"Ghostly Armor","floor":13},{"not_picked":["Body Slam","Perfected Strike"],"picked":"Heavy Blade","floor":14},{"not_picked":["Double Tap","Brutality"],"picked":"Demon Form","floor":16},{"not_picked":["Body Slam","Twin Strike"],"picked":"Dropkick","floor":17},{"not_picked":["Anger","Pommel Strike"],"picked":"Flex","floor":18},{"not_picked":["Rage","Pommel Strike"],"picked":"Dual Wield","floor":19}],"player_experience":80716,"relics_obtained":[{"floor":3,"key":"Gambling Chip"},{"floor":6,"key":"Darkstone Periapt"},{"floor":8,"key":"Kunai"}],"event_choices":[{"damage_healed":0,"gold_gain":75,"player_choice":"Gather Gold","damage_taken":11,"max_hp_gain":0,"max_hp_loss":0,"event_name":"World of Goop","floor":2,"gold_loss":0},{"damage_healed":0,"gold_gain":0,"player_choice":"Relic","damage_taken":0,"max_hp_gain":0,"max_hp_loss":0,"event_name":"Wheel of Change","floor":3,"gold_loss":0},{"damage_healed":0,"gold_gain":0,"player_choice":"Damaged","damage_taken":8,"max_hp_gain":0,"max_hp_loss":0,"event_name":"Wheel of Change","floor":20,"gold_loss":0}],"is_beta":false,"boss_relics":[{"not_picked":["Lizard Tail","Calling Bell"],"picked":"Tiny House"}],"items_purged_floors":[],"is_endless":false,"potions_floor_spawned":[1,8,11,13,14,19],"killed_by":"Shelled Parasite and Fungi","ascension_level":1}