{"gold_per_floor":[118,138,148,163,15,15,40,40,40,58,72,47,66,86,86,86],"floor_reached":16,"playtime":1925,"items_purged":[],"score":106,"play_id":"ab20a247-3d06-48f1-978a-095499ba8b03","local_time":"20190618003941","is_ascension_mode":false,"campfire_choices":[{"data":"Flame Barrier","floor":6,"key":"SMITH"},{"data":"Feel No Pain","floor":8,"key":"SMITH"},{"floor":15,"key":"REST"}],"neow_cost":"NONE","seed_source_timestamp":129628238629600,"circlet_count":0,"master_deck":["Strike_R","Strike_R","Strike_R","Strike_R","Strike_R","Defend_R","Defend_R","Defend_R","Defend_R","Bash","Flame Barrier+1","Feel No Pain+1","Ghostly Armor","Armaments","Barricade","Headbutt"],"relics":["Burning Blood","NeowsBlessing","Vajra","FossilizedHelix","Champion Belt"],"potions_floor_usage":[7,14,14,16],"damage_taken":[{"damage":0,"enemies":"Cultist","floor":1,"turns":1},{"damage":0,"enemies":"2 Louse","floor":2,"turns":1},{"damage":0,"enemies":"Small Slimes","floor":3,"turns":1},{"damage":19,"enemies":"3 Louse","floor":4,"turns":4},{"damage":43,"enemies":"Gremlin Nob","floor":7,"turns":6},{"damage":10,"enemies":"Large Slime","floor":10,"turns":9},{"damage":5,"enemies":"Gremlin Gang","floor":11,"turns":5},{"damage":0,"enemies":"Blue Slaver","floor":13,"turns":4},{"damage":5,"enemies":"3 Louse","floor":14,"turns":4},{"damage":62,"enemies":"Hexaghost","floor":16,"turns":18}],"seed_played":"5483691059905231826","potions_obtained":[{"floor":1,"key":"LiquidBronze"},{"floor":4,"key":"PowerPotion"},{"floor":7,"key":"EssenceOfSteel"},{"floor":14,"key":"EssenceOfSteel"}],"is_trial":false,"path_per_floor":["M","M","M","M","$","R","E","R","T","M","M","?","M","M","R","B"],"character_chosen":"IRONCLAD","items_purchased":["Vajra"],"campfire_rested":1,"item_purchase_floors":[5],"current_hp_per_floor":[80,80,80,67,67,67,30,30,30,26,27,27,33,34,58,0],"gold":86,"neow_bonus":"THREE_ENEMY_KILL","is_prod":false,"is_daily":false,"chose_seed":false,"campfire_upgraded":2,"win_rate":0.0,"timestamp":1560782381,"path_taken":["M","M","?","M","$","R","E","R","T","M","M","?","M","M","R","BOSS"],"build_version":"2019-01-23","purchased_purges":0,"victory":false,"max_hp_per_floor":[80,80,80,80,80,80,80,80,80,80,80,80,80,80,80,80],"card_choices":[{"not_picked":["Inflame","Rupture"],"picked":"Flame Barrier","floor":1},{"not_picked":["Metallicize","Heavy Blade"],"picked":"Feel No Pain","floor":2},{"not_picked":["Anger","Cleave"],"picked":"Ghostly Armor","floor":3},{"not_picked":["Sword Boomerang","Anger","Wild Strike"],"picked":"SKIP","floor":4},{"not_picked":["Havoc","Intimidate","Rage"],"picked":"SKIP","floor":7},{"not_picked":["Reckless Charge","Twin Strike"],"picked":"Armaments","floor":10},{"not_picked":["Sword Boomerang","Burning Pact","Intimidate"],"picked":"SKIP","floor":11},{"not_picked":["Wild Strike","Twin Strike"],"picked":"Barricade","floor":13},{"not_picked":["True Grit","Pummel"],"picked":"Headbutt","floor":14}],"player_experience":64179,"relics_obtained":[{"floor":7,"key":"FossilizedHelix"},{"floor":9,"key":"Champion Belt"}],"event_choices":[{"damage_healed":0,"gold_gain":0,"player_choice":"Left Gold","damage_taken":0,"max_hp_gain":0,"max_hp_loss":0,"event_name":"World of Goop","floor":12,"gold_loss":25}],"is_beta":false,"boss_relics":[],"items_purged_floors":[],"is_endless":false,"potions_floor_spawned":[1,4,7,14],"killed_by":"Hexaghost","ascension_level":0}