{"gold_per_floor":[111,124,136,86,14,14,40,40,40,215,234,234,234,252,252,252],"floor_reached":16,"playtime":631,"items_purged":[],"score":115,"play_id":"83d12ddf-08fb-4769-b578-6ce4fb4ef36e","local_time":"20181017035018","is_ascension_mode":true,"campfire_choices":[{"data":"Leg Sweep","floor":6,"key":"SMITH"},{"floor":8,"key":"REST"},{"floor":12,"key":"REST"},{"floor":13,"key":"REST"},{"data":"Poisoned Stab","floor":15,"key":"SMITH"}],"neow_cost":"CURSE","seed_source_timestamp":2712605934687,"circlet_count":0,"master_deck":["Defend_G","Defend_G","Defend_G","Defend_G","Defend_G","Strike_G","Strike_G","Strike_G","Strike_G","Strike_G","Survivor","Neutralize","Leg Sweep+1","Dagger Spray","Prepared","Blur","Setup","Doubt","Poisoned Stab+1","Backflip"],"relics":["Ring of the Snake","WingedGreaves","Nunchaku","Bottled Flame"],"potions_floor_usage":[],"damage_taken":[{"damage":17,"enemies":"Jaw Worm","floor":1,"turns":5},{"damage":2,"enemies":"Small Slimes","floor":2,"turns":4},{"damage":0,"enemies":"2 Louse","floor":3,"turns":2},{"damage":45,"enemies":"3 Sentries","floor":7,"turns":11},{"damage":16,"enemies":"Exordium Wildlife","floor":11,"turns":9},{"damage":0,"enemies":"2 Fungi Beasts","floor":14,"turns":4},{"damage":55,"enemies":"Slime Boss","floor":16,"turns":10}],"seed_played":"-1148704192305658486","potions_obtained":[{"floor":3,"key":"Swift Potion"},{"floor":7,"key":"Ancient Potion"}],"is_trial":false,"path_per_floor":["M","M","M","?","$","R","E","R","T","?","M","R","R","M","R"],"character_chosen":"THE_SILENT","items_purchased":["Blur"],"campfire_rested":3,"item_purchase_floors":[5],"current_hp_per_floor":[53,51,51,51,51,51,6,27,27,27,11,32,53,53,53,0],"gold":252,"neow_bonus":"ONE_RARE_RELIC","is_prod":false,"is_daily":false,"chose_seed":false,"campfire_upgraded":2,"win_rate":0,"timestamp":1539759018,"path_taken":["M","M","M","?","$","R","E","R","T","?","M","R","R","M","R","BOSS"],"build_version":"2018-10-11","purchased_purges":0,"victory":false,"max_hp_per_floor":[70,70,70,70,70,70,70,70,70,70,70,70,70,70,70,70],"card_choices":[{"not_picked":["Sucker Punch","Dodge and Roll"],"picked":"Leg Sweep","floor":1},{"not_picked":["Outmaneuver","Masterful Stab"],"picked":"Dagger Spray","floor":2},{"not_picked":["Dagger Throw","Underhanded Strike"],"picked":"Prepared","floor":3},{"not_picked":["Night Terror","Heel Hook"],"picked":"Setup","floor":7},{"not_picked":["Catalyst","Outmaneuver"],"picked":"Poisoned Stab","floor":11},{"not_picked":["Flying Knee","Bane"],"picked":"Backflip","floor":14}],"player_experience":160747,"relics_obtained":[{"floor":7,"key":"Nunchaku"},{"floor":9,"key":"Bottled Flame"}],"event_choices":[{"event_name":"The Cleric","player_choice":"Card Removal","floor":4,"damage_taken":0},{"event_name":"Liars Game","player_choice":"agreed","floor":10,"damage_taken":0}],"is_beta":false,"boss_relics":[],"items_purged_floors":[],"is_endless":false,"potions_floor_spawned":[3,7],"killed_by":"Slime Boss","ascension_level":3}