{"gold_per_floor":[114,114,175,175,175,213,251,289,314,314,192,230,268,287,287,412,412,431,431,456,173,203,233,233],"floor_reached":24,"playtime":976,"items_purged":[],"score":266,"play_id":"34304682-0a86-43ca-9066-205610dde64c","local_time":"20190129172525","daily_mods":["Allstar","Flight","DeadlyEvents"],"is_ascension_mode":false,"campfire_choices":[{"floor":10,"key":"REST"},{"floor":15,"key":"REST"}],"neow_cost":"","seed_source_timestamp":0,"circlet_count":0,"master_deck":["Strike_R","Strike_R","Strike_R","Strike_R","Strike_R","Defend_R","Defend_R","Defend_R","Defend_R","Finesse","Madness","Master of Strategy","Enlightenment","Metamorphosis","Uppercut","Headbutt","Whirlwind","Rampage","Flame Barrier","Fire Breathing","Rampage","Berserk","Cleave","Feed","Flame Barrier","Rage","Body Slam+1","Shrug It Off"],"special_seed":17925,"relics":["Burning Blood","Bloody Idol","Oddly Smooth Stone","Turnip","Letter Opener","Boot","Unceasing Top","Pen Nib","Busted Crown","Red Mask","Molten Egg 2","Centennial Puzzle","Mummified Hand"],"potions_floor_usage":[12,12,12,13,13,13,14,20,20],"damage_taken":[{"damage":6,"enemies":"Jaw Worm","floor":1,"turns":3},{"damage":16,"enemies":"Lagavulin","floor":6,"turns":6},{"damage":16,"enemies":"Gremlin Nob","floor":7,"turns":3},{"damage":33,"enemies":"3 Sentries","floor":8,"turns":5},{"damage":23,"enemies":"Gremlin Nob","floor":12,"turns":4},{"damage":5,"enemies":"Lagavulin","floor":13,"turns":7},{"damage":4,"enemies":"Small Slimes","floor":14,"turns":2},{"damage":28,"enemies":"Hexaghost","floor":16,"turns":7},{"damage":26,"enemies":"Shell Parasite","floor":18,"turns":4},{"damage":11,"enemies":"Masked Bandits","floor":20,"turns":4},{"damage":27,"enemies":"Book of Stabbing","floor":22,"turns":5},{"damage":29,"enemies":"Gremlin Leader","floor":23,"turns":5},{"damage":28,"enemies":"Slavers","floor":24,"turns":1}],"seed_played":"-7783971571703722258","potions_obtained":[{"floor":1,"key":"SpeedPotion"},{"floor":6,"key":"Ancient Potion"},{"floor":8,"key":"GamblersBrew"},{"floor":12,"key":"EntropicBrew"},{"floor":16,"key":"LiquidBronze"},{"floor":18,"key":"AttackPotion"},{"floor":23,"key":"Fire Potion"}],"is_trial":false,"path_per_floor":["M","?","?","?","$","E","E","E","T","R","$","E","E","M","R","B",null,"M","?","?","$","E","E","E"],"character_chosen":"IRONCLAD","items_purchased":["Flame Barrier","Fire Breathing","Molten Egg 2","Rage"],"campfire_rested":2,"item_purchase_floors":[11,11,21,21],"current_hp_per_floor":[80,60,60,60,60,50,40,13,13,37,37,20,21,23,47,25,80,60,60,60,60,44,26,0],"gold":233,"neow_bonus":"","is_prod":false,"is_daily":true,"chose_seed":false,"campfire_upgraded":0,"win_rate":0,"timestamp":1548800725,"path_taken":["M","?","?","?","$","E","E","E","T","R","$","?","?","?","R","BOSS","M","?","?","?","?","E","?"],"build_version":"2019-01-23","purchased_purges":0,"victory":false,"max_hp_per_floor":[80,80,80,80,80,80,80,80,80,80,80,80,80,80,80,80,80,80,80,80,80,80,80,80],"card_choices":[{"not_picked":["Corruption","Sentinel"],"picked":"Uppercut","floor":1},{"not_picked":["Perfected Strike","Body Slam"],"picked":"Headbutt","floor":6},{"not_picked":["Carnage","Disarm"],"picked":"Whirlwind","floor":7},{"not_picked":["Clash","Iron Wave"],"picked":"Rampage","floor":8},{"not_picked":["Clothesline","Corruption"],"picked":"Rampage","floor":12},{"not_picked":["Pommel Strike","Dual Wield"],"picked":"Berserk","floor":13},{"not_picked":["Warcry","Rupture"],"picked":"Cleave","floor":14},{"not_picked":["Offering","Limit Break"],"picked":"Feed","floor":16},{"not_picked":[],"picked":"Flame Barrier","floor":18},{"not_picked":[],"picked":"Body Slam+1","floor":22},{"not_picked":[],"picked":"Shrug It Off","floor":23}],"player_experience":345452,"relics_obtained":[{"floor":6,"key":"Oddly Smooth Stone"},{"floor":7,"key":"Turnip"},{"floor":8,"key":"Letter Opener"},{"floor":9,"key":"Boot"},{"floor":12,"key":"Unceasing Top"},{"floor":13,"key":"Pen Nib"},{"floor":20,"key":"Red Mask"},{"floor":22,"key":"Centennial Puzzle"},{"floor":23,"key":"Mummified Hand"}],"event_choices":[{"damage_healed":0,"gold_gain":0,"player_choice":"Take Damage","damage_taken":20,"relics_obtained":["Golden Idol"],"max_hp_gain":0,"max_hp_loss":0,"event_name":"Golden Idol","floor":2,"gold_loss":0},{"damage_healed":0,"gold_gain":61,"player_choice":"Gained Gold","damage_taken":0,"max_hp_gain":0,"max_hp_loss":0,"event_name":"Golden Wing","floor":3,"gold_loss":0},{"cards_removed":["Bash"],"damage_healed":0,"gold_gain":0,"player_choice":"Offered Basic","damage_taken":0,"max_hp_gain":0,"max_hp_loss":0,"event_name":"Bonfire Elementals","floor":4,"gold_loss":0},{"damage_healed":0,"gold_gain":0,"player_choice":"Gave Idol","damage_taken":0,"relics_obtained":["Bloody Idol"],"max_hp_gain":0,"max_hp_loss":0,"event_name":"Forgotten Altar","floor":19,"relics_lost":["Golden Idol"],"gold_loss":0},{"damage_healed":0,"gold_gain":0,"player_choice":"Fought Bandits","damage_taken":0,"max_hp_gain":0,"max_hp_loss":0,"event_name":"Masked Bandits","floor":20,"gold_loss":0}],"is_beta":false,"boss_relics":[{"not_picked":["Orrery","Mark of Pain"],"picked":"Busted Crown"}],"items_purged_floors":[],"is_endless":false,"potions_floor_spawned":[1,6,8,12,16,18,23],"killed_by":"Slavers","ascension_level":0}