{"gold_per_floor":[117,137,137,154,124,149,110,110,110,75,75,75,108,124,124,124],"floor_reached":16,"playtime":690,"items_purged":[],"score":178,"play_id":"d86417bb-d22b-4210-8f70-06eb3155e6c0","local_time":"20190506194340","is_ascension_mode":true,"campfire_choices":[{"floor":8,"key":"REST"},{"data":"Footwork","floor":12,"key":"SMITH"},{"floor":15,"key":"REST"}],"neow_cost":"NONE","seed_source_timestamp":438424186313780,"circlet_count":0,"master_deck":["AscendersBane","Defend_G","Defend_G","Defend_G","Defend_G","Defend_G","Strike_G","Strike_G","Strike_G","Strike_G","Strike_G","Survivor","Neutralize","Riddle With Holes","Acrobatics","Backflip","Predator","Footwork+1","Caltrops","Leg Sweep"],"relics":["Ring of the Snake","Pocketwatch","The Courier","Juzu Bracelet","Bronze Scales"],"potions_floor_usage":[16],"damage_taken":[{"damage":8,"enemies":"2 Louse","floor":1,"turns":5},{"damage":7,"enemies":"Small Slimes","floor":2,"turns":3},{"damage":1,"enemies":"Cultist","floor":4,"turns":4},{"damage":3,"enemies":"Looter","floor":5,"turns":4},{"damage":36,"enemies":"3 Sentries","floor":6,"turns":14},{"damage":41,"enemies":"Lagavulin","floor":13,"turns":8},{"damage":1,"enemies":"2 Fungi Beasts","floor":14,"turns":4},{"damage":42,"enemies":"The Guardian","floor":16,"turns":13}],"seed_played":"8529035030042374636","potions_obtained":[{"floor":1,"key":"EssenceOfSteel"},{"floor":13,"key":"Poison Potion"}],"is_trial":false,"path_per_floor":["M","M","?","M","M","E","$","R","T","?","?","R","E","M","R","B"],"character_chosen":"THE_SILENT","items_purchased":["Footwork"],"campfire_rested":2,"item_purchase_floors":[7],"current_hp_per_floor":[62,55,55,54,51,15,15,38,38,57,57,57,16,15,38,0],"gold":124,"neow_bonus":"TEN_PERCENT_HP_BONUS","is_prod":false,"is_daily":false,"chose_seed":false,"campfire_upgraded":1,"win_rate":0,"timestamp":1557186220,"path_taken":["M","M","?","M","M","E","$","R","T","?","?","R","E","M","R","BOSS"],"build_version":"2019-01-23","purchased_purges":0,"victory":false,"max_hp_per_floor":[77,77,77,77,77,77,77,77,77,77,77,77,77,77,77,77],"card_choices":[{"not_picked":["Deflect","Eviscerate"],"picked":"Riddle With Holes","floor":1},{"not_picked":["Outmaneuver","Infinite Blades"],"picked":"Acrobatics","floor":2},{"not_picked":["Eviscerate","Flechettes"],"picked":"Backflip","floor":4},{"not_picked":["Distraction","Underhanded Strike","Sucker Punch"],"picked":"SKIP","floor":5},{"not_picked":["Prepared","Flying Knee"],"picked":"Predator","floor":6},{"not_picked":["Dagger Throw","Sucker Punch"],"picked":"Caltrops","floor":13},{"not_picked":["Outmaneuver","PiercingWail"],"picked":"Leg Sweep","floor":14}],"player_experience":492027,"relics_obtained":[{"floor":6,"key":"Pocketwatch"},{"floor":9,"key":"The Courier"},{"floor":13,"key":"Bronze Scales"}],"event_choices":[{"damage_healed":0,"gold_gain":0,"player_choice":"Ignored","damage_taken":0,"max_hp_gain":0,"max_hp_loss":0,"event_name":"Golden Wing","floor":3,"gold_loss":0},{"damage_healed":19,"gold_gain":0,"player_choice":"Healed","damage_taken":0,"max_hp_gain":0,"max_hp_loss":0,"event_name":"The Cleric","floor":10,"gold_loss":35},{"damage_healed":0,"gold_gain":0,"player_choice":"Searched \u00271\u0027 times","damage_taken":0,"relics_obtained":["Juzu Bracelet"],"max_hp_gain":0,"max_hp_loss":0,"event_name":"Dead Adventurer","floor":11,"gold_loss":0}],"is_beta":false,"boss_relics":[],"items_purged_floors":[],"is_endless":false,"potions_floor_spawned":[1,13],"killed_by":"The Guardian","ascension_level":13}