{"gold_per_floor":[111,111,125,200,10,43,43,72,72,103,125,164,190,202,214,322,334,357,382,412,444,476,488,15,47,47,47,47,47,63,96,96,199,199,211,211,221,32,32,61,61,87,135,168,168,202,21,21,21,21],"floor_reached":51,"playtime":2882,"items_purged":["Pain","Strike_B"],"score":1331,"play_id":"dbe79650-dd5b-40a5-b12b-e71ad2ede1e3","local_time":"20190623143947","is_ascension_mode":true,"campfire_choices":[{"data":"Zap","floor":7.0,"key":"SMITH"},{"floor":15.0,"key":"REST"},{"floor":23.0,"key":"REST"},{"data":"Barrage","floor":27.0,"key":"SMITH"},{"data":"Fission","floor":32.0,"key":"SMITH"},{"data":"Creative AI","floor":41,"key":"SMITH"},{"data":"Mayhem","floor":45,"key":"SMITH"},{"floor":49,"key":"REST"}],"neow_cost":"NONE","seed_source_timestamp":987790623198094,"circlet_count":0,"master_deck":["AscendersBane","Strike_B","Strike_B","Strike_B","Defend_B","Defend_B","Defend_B","Defend_B","Zap+1","Dualcast","Cold Snap","Sweeping Beam","Capacitor","Mind Blast","Hyperbeam","Cold Snap","Conserve Battery","Coolheaded","Compile Driver","Biased Cognition+1","Reinforced Body","FTL","Hologram","Self Repair","Defragment","Electrodynamics","Conserve Battery","Barrage+1","Fission+1","Creative AI+1","Hologram+1","Mayhem+1","Turbo","Core Surge","Coolheaded+1","Loop","Dark Shackles"],"special_seed":0,"relics":["Cracked Core","NeowsBlessing","WarpedTongs","The Courier","Regal Pillow","Meat on the Bone","MawBank","Happy Flower","Inserter","Gremlin Horn","Du-Vu Doll","Cables","Mummified Hand","Runic Pyramid","Pantograph","Dream Catcher","Bag of Preparation","Bird Faced Urn","Letter Opener","Oddly Smooth Stone"],"potions_floor_usage":[46,50,50],"damage_taken":[{"damage":0.0,"enemies":"2 Louse","floor":1.0,"turns":1.0},{"damage":0.0,"enemies":"Cultist","floor":3.0,"turns":1.0},{"damage":0.0,"enemies":"Gremlin Nob","floor":6.0,"turns":1.0},{"damage":14.0,"enemies":"3 Sentries","floor":8.0,"turns":6.0},{"damage":14.0,"enemies":"Lagavulin","floor":10.0,"turns":8.0},{"damage":10.0,"enemies":"Jaw Worm","floor":11.0,"turns":2.0},{"damage":17.0,"enemies":"3 Sentries","floor":12.0,"turns":8.0},{"damage":18.0,"enemies":"Exordium Thugs","floor":13.0,"turns":4.0},{"damage":40.0,"enemies":"Hexaghost","floor":16.0,"turns":12.0},{"damage":16.0,"enemies":"3 Byrds","floor":18.0,"turns":5.0},{"damage":2.0,"enemies":"Shell Parasite","floor":19.0,"turns":9.0},{"damage":31.0,"enemies":"Snake Plant","floor":20.0,"turns":7.0},{"damage":12.0,"enemies":"Cultist and Chosen","floor":21.0,"turns":6.0},{"damage":25.0,"enemies":"Shelled Parasite and Fungi","floor":22.0,"turns":5.0},{"damage":19.0,"enemies":"Book of Stabbing","floor":25.0,"turns":8.0},{"damage":9.0,"enemies":"Sentry and Sphere","floor":30.0,"turns":4.0},{"damage":26.0,"enemies":"Slavers","floor":31.0,"turns":5.0},{"damage":24.0,"enemies":"Automaton","floor":33.0,"turns":11.0},{"damage":5.0,"enemies":"3 Shapes","floor":35.0,"turns":4.0},{"damage":20.0,"enemies":"3 Darklings","floor":37.0,"turns":4.0},{"damage":20,"enemies":"Giant Head","floor":40,"turns":8},{"damage":22,"enemies":"Reptomancer","floor":42,"turns":7},{"damage":8,"enemies":"Giant Head","floor":44,"turns":7},{"damage":22,"enemies":"Nemesis","floor":46,"turns":7},{"damage":20,"enemies":"Donu and Deca","floor":50,"turns":5}],"seed_played":"-4679548205139372582","potions_obtained":[{"floor":3.0,"key":"Fire Potion"},{"floor":6.0,"key":"Ancient Potion"},{"floor":10.0,"key":"EssenceOfSteel"},{"floor":13.0,"key":"FocusPotion"},{"floor":16.0,"key":"SteroidPotion"},{"floor":22.0,"key":"Energy Potion"},{"floor":30.0,"key":"FearPotion"},{"floor":31.0,"key":"Strength Potion"},{"floor":33.0,"key":"Dexterity Potion"},{"floor":44,"key":"Swift Potion"},{"floor":46,"key":"Poison Potion"}],"is_trial":false,"path_per_floor":["M","?","M","?","$","E","R","E","T","E","M","E","M","$","R","B",null,"M","M","M","M","M","R","$","E","T","R","$","?","M","E","R","B",null,"M","?","M","$","?","E","R","E","T","E","R","E","$","?","R","B",null],"character_chosen":"DEFECT","items_purchased":["Capacitor","Mind Blast","Defragment","Electrodynamics","Gremlin Horn","Conserve Battery","Mayhem","Turbo","Oddly Smooth Stone","Loop"],"campfire_rested":3,"item_purchase_floors":[5,5,24,24,24,24,38,38,47,47],"current_hp_per_floor":[68,68,68,61,61,61,61,47,47,45,47,42,36,36,73,45,68,52,50,31,31,18,55,55,55,55,55,55,55,53,46,46,44,67,72,72,52,52,52,51,51,48,48,47,47,56,56,56,71,71],"gold":21,"neow_bonus":"THREE_ENEMY_KILL","is_prod":false,"is_daily":false,"chose_seed":false,"campfire_upgraded":5,"win_rate":0,"timestamp":1561315187,"path_taken":["M","?","?","?","$","E","R","E","T","E","M","E","?","$","R","BOSS","M","?","M","?","M","R","$","E","T","R","?","?","M","E","R","BOSS","M","?","M","$","?","E","R","E","T","E","R","E","$","?","R","BOSS"],"build_version":"2019-01-23","purchased_purges":2,"victory":true,"max_hp_per_floor":[75,75,75,75,75,75,75,75,75,75,75,75,75,75,75,75,75,75,75,75,75,75,75,75,75,75,75,75,75,75,75,75,75,75,75,75,75,75,71,71,71,71,71,71,71,71,71,71,71,71],"card_choices":[{"not_picked":["Scrape","Coolheaded"],"picked":"Cold Snap","floor":1.0},{"not_picked":["Streamline","Stack"],"picked":"Sweeping Beam","floor":3.0},{"not_picked":["Steam","Redo"],"picked":"Hyperbeam","floor":6.0},{"not_picked":["Beam Cell","Lockon"],"picked":"Cold Snap","floor":8.0},{"not_picked":["Leap","Stack"],"picked":"Conserve Battery","floor":10.0},{"not_picked":["Cold Snap","Barrage"],"picked":"Coolheaded","floor":11.0},{"not_picked":["Rip and Tear","Reboot"],"picked":"Compile Driver","floor":12.0},{"not_picked":["Barrage","Stack","Cold Snap"],"picked":"SKIP","floor":13.0},{"not_picked":["Multi-Cast","All For One"],"picked":"Biased Cognition","floor":16.0},{"not_picked":["Stack","Cold Snap"],"picked":"Reinforced Body","floor":18.0},{"not_picked":["Compile Driver","Double Energy","Redo"],"picked":"SKIP","floor":19.0},{"not_picked":["Leap","Steam"],"picked":"FTL","floor":20.0},{"not_picked":["Force Field","Streamline+1"],"picked":"Hologram","floor":21.0},{"not_picked":["Leap","Hologram+1"],"picked":"Self Repair","floor":22.0},{"not_picked":["Steam","Stack+1"],"picked":"Barrage","floor":25.0},{"not_picked":["Skim","Compile Driver+1","Go for the Eyes"],"picked":"SKIP","floor":30.0},{"not_picked":["Go for the Eyes","Auto Shields"],"picked":"Fission","floor":31.0},{"not_picked":["Seek","Rainbow"],"picked":"Creative AI","floor":33.0},{"not_picked":["Streamline","Gash"],"picked":"Hologram+1","floor":35.0},{"not_picked":["Undo","Steam","Gash"],"picked":"SKIP","floor":37.0},{"not_picked":["FTL","Cold Snap","Self Repair+1"],"picked":"SKIP","floor":40},{"not_picked":["Chill+1","Blizzard"],"picked":"Core Surge","floor":42},{"not_picked":["Coolheaded","Leap+1","Ball Lightning"],"picked":"SKIP","floor":44},{"not_picked":["Go for the Eyes+1","Static Discharge"],"picked":"Coolheaded+1","floor":46},{"not_picked":["Secret Technique","Dramatic Entrance"],"picked":"Dark Shackles","floor":48}],"player_experience":873888,"relics_obtained":[{"floor":6.0,"key":"The Courier"},{"floor":8.0,"key":"Regal Pillow"},{"floor":9.0,"key":"Meat on the Bone"},{"floor":10.0,"key":"MawBank"},{"floor":12.0,"key":"Happy Flower"},{"floor":25.0,"key":"Du-Vu Doll"},{"floor":26.0,"key":"Cables"},{"floor":31.0,"key":"Mummified Hand"},{"floor":40,"key":"Pantograph"},{"floor":42,"key":"Dream Catcher"},{"floor":43,"key":"Bag of Preparation"},{"floor":44,"key":"Bird Faced Urn"},{"floor":46,"key":"Letter Opener"}],"event_choices":[{"damage_healed":0.0,"max_hp_gain":0.0,"max_hp_loss":0.0,"gold_gain":0.0,"event_name":"Accursed Blacksmith","player_choice":"Rummage","floor":2.0,"gold_loss":0.0,"damage_taken":0.0,"relics_obtained":["WarpedTongs"],"cards_obtained":["Pain"]},{"damage_healed":0.0,"max_hp_gain":0.0,"max_hp_loss":0.0,"gold_gain":75.0,"event_name":"FaceTrader","player_choice":"Touch","floor":4.0,"gold_loss":0.0,"damage_taken":7.0},{"damage_healed":0.0,"max_hp_gain":0.0,"max_hp_loss":0.0,"gold_gain":0.0,"event_name":"Upgrade Shrine","player_choice":"Upgraded","floor":29.0,"gold_loss":0.0,"damage_taken":0.0,"cards_upgraded":["Biased Cognition"]},{"damage_healed":0.0,"max_hp_gain":0.0,"max_hp_loss":0.0,"gold_gain":0.0,"event_name":"Mysterious Sphere","player_choice":"Ignored","floor":36.0,"gold_loss":0.0,"damage_taken":0.0},{"damage_healed":0.0,"max_hp_gain":0.0,"max_hp_loss":4.0,"gold_gain":0.0,"event_name":"Winding Halls","player_choice":"Max HP","floor":39.0,"gold_loss":0.0,"damage_taken":0.0},{"damage_healed":0,"gold_gain":0,"player_choice":"Memory 1","damage_taken":0,"max_hp_gain":0,"max_hp_loss":0,"event_name":"SensoryStone","floor":48,"gold_loss":0}],"is_beta":false,"boss_relics":[{"not_picked":["Snecko Eye","FrozenCore"],"picked":"Inserter"},{"not_picked":["Empty Cage","Busted Crown"],"picked":"Runic Pyramid"}],"items_purged_floors":[5,24],"is_endless":false,"potions_floor_spawned":[3,6,10,13,16,21,22,30,31,33,44,46],"ascension_level":10}