{"gold_per_floor":[114,189,208,223,188,218,218,218,218,230,241,60,83,93,93,195,195,209,209,224,224,224,257,268,51,119,138,138,138,166,176,176,273,273,284,284,295,313,313,313,338,356,356,11,59,159,0,0,0,0],"floor_reached":51,"playtime":1580,"items_purged":[],"score":815,"play_id":"807a75e6-5ac1-45db-9278-5d087962b7ea","local_time":"20190124200957","is_ascension_mode":false,"campfire_choices":[{"data":"Demon Form","floor":7,"key":"SMITH"},{"data":"Fire Breathing","floor":15,"key":"SMITH"},{"floor":28,"key":"REST"},{"floor":32,"key":"REST"},{"data":"Offering","floor":40,"key":"SMITH"},{"data":"Mind Blast","floor":49,"key":"SMITH"}],"neow_cost":"PERCENT_DAMAGE","seed_source_timestamp":1669287881683596,"circlet_count":0,"master_deck":["Strike_R+1","Strike_R+1","Strike_R+1","Strike_R+1","Strike_R+1","Defend_R+1","Defend_R+1","Defend_R+1","Defend_R+1","Bash","Cleave","Power Through","Demon Form+1","Anger","Dropkick","Spot Weakness","Fire Breathing+1","Bludgeon","Offering+1","Metallicize+1","Anger","Heavy Blade+1","Ghostly Armor","Cleave","Anger","Immolate","Power Through","Exhume","Heavy Blade","Mind Blast+1","Bandage Up","Secret Weapon","Iron Wave+1","Armaments+1","Flex","Thunderclap+1","Seeing Red+1"],"relics":["Burning Blood","Bottled Tornado","Boot","Happy Flower","Ancient Tea Set","Lizard Tail","Blood Vial","FossilizedHelix","MealTicket","Bottled Lightning","Art of War","Mark of Pain","Dream Catcher","Mercury Hourglass","Lee\u0027s Waffle","Pen Nib","Oddly Smooth Stone","Champion Belt","Red Mask"],"potions_floor_usage":[16,23,23,24,31,33,38,41,50],"damage_taken":[{"damage":0,"enemies":"Small Slimes","floor":1,"turns":3},{"damage":1,"enemies":"2 Louse","floor":3,"turns":2},{"damage":11,"enemies":"Jaw Worm","floor":4,"turns":5},{"damage":16,"enemies":"Lagavulin","floor":6,"turns":7},{"damage":11,"enemies":"Large Slime","floor":10,"turns":4},{"damage":22,"enemies":"Exordium Wildlife","floor":11,"turns":7},{"damage":7,"enemies":"2 Fungi Beasts","floor":14,"turns":4},{"damage":12,"enemies":"The Guardian","floor":16,"turns":7},{"damage":27,"enemies":"2 Thieves","floor":18,"turns":4},{"damage":6,"enemies":"Chosen","floor":20,"turns":5},{"damage":29,"enemies":"Book of Stabbing","floor":23,"turns":4},{"damage":15,"enemies":"Snake Plant","floor":24,"turns":4},{"damage":18,"enemies":"Centurion and Healer","floor":27,"turns":5},{"damage":27,"enemies":"Gremlin Leader","floor":30,"turns":4},{"damage":12,"enemies":"Shelled Parasite and Fungi","floor":31,"turns":2},{"damage":13,"enemies":"Champ","floor":33,"turns":8},{"damage":15,"enemies":"3 Shapes","floor":35,"turns":3},{"damage":18,"enemies":"3 Darklings","floor":37,"turns":4},{"damage":34,"enemies":"Jaw Worm Horde","floor":38,"turns":3},{"damage":26,"enemies":"Reptomancer","floor":41,"turns":5},{"damage":6,"enemies":"Transient","floor":42,"turns":5},{"damage":27,"enemies":"Mind Bloom Boss Battle","floor":46,"turns":5},{"damage":85,"enemies":"Time Eater","floor":50,"turns":9}],"seed_played":"2139853240754653886","potions_obtained":[{"floor":3,"key":"GamblersBrew"},{"floor":6,"key":"GamblersBrew"},{"floor":14,"key":"Strength Potion"},{"floor":20,"key":"Strength Potion"},{"floor":24,"key":"Energy Potion"},{"floor":27,"key":"Explosive Potion"},{"floor":31,"key":"Regen Potion"},{"floor":37,"key":"SteroidPotion"},{"floor":38,"key":"GamblersBrew"}],"is_trial":false,"path_per_floor":["M","?","M","M","?","E","R","?","T","M","M","$","T","M","R","B",null,"M","?","M","?","?","E","M","$","T","M","R","?","E","M","R","B",null,"M","?","M","M","?","R","E","M","T","$","T","?","?","$","R","B",null],"character_chosen":"IRONCLAD","items_purchased":["Happy Flower","Fire Breathing","Cleave","MealTicket","Lee\u0027s Waffle","Pen Nib"],"campfire_rested":2,"item_purchase_floors":[12,12,25,25,44,44],"current_hp_per_floor":[78,67,72,67,91,81,81,81,81,76,60,60,60,59,59,53,96,75,75,75,75,75,54,47,47,47,37,65,46,27,23,53,63,101,92,82,80,62,62,62,48,54,54,108,108,91,91,106,106,29],"gold":0,"neow_bonus":"TWENTY_PERCENT_HP_BONUS","is_prod":false,"is_daily":false,"chose_seed":false,"campfire_upgraded":4,"win_rate":0,"timestamp":1548378597,"path_taken":["M","?","M","M","?","E","R","?","T","M","M","$","?","M","R","BOSS","M","?","M","?","?","E","M","$","T","M","R","?","E","M","R","BOSS","M","?","M","M","?","R","E","?","T","?","?","?","?","$","R","BOSS"],"build_version":"2019-01-23","purchased_purges":0,"victory":true,"max_hp_per_floor":[96,96,96,96,96,96,96,96,96,96,96,96,96,96,96,96,96,96,96,96,96,96,96,96,96,96,96,96,101,101,101,101,101,101,101,101,101,101,101,101,101,101,101,108,108,108,108,108,108,108],"card_choices":[{"not_picked":["Perfected Strike","Whirlwind"],"picked":"Cleave","floor":1},{"not_picked":["Corruption","Twin Strike"],"picked":"Power Through","floor":3},{"not_picked":["Anger","Rupture"],"picked":"Demon Form","floor":4},{"not_picked":["Power Through","Sentinel"],"picked":"Anger","floor":6},{"not_picked":["Second Wind","Bloodletting"],"picked":"Dropkick","floor":10},{"not_picked":["Warcry","Fire Breathing"],"picked":"Spot Weakness","floor":11},{"not_picked":["Flex","Sword Boomerang"],"picked":"Bludgeon","floor":14},{"not_picked":["Impervious","Brutality"],"picked":"Offering","floor":16},{"not_picked":["Blood for Blood","Carnage"],"picked":"Metallicize+1","floor":18},{"not_picked":["Fire Breathing+1","Heavy Blade"],"picked":"Anger","floor":20},{"not_picked":["Clothesline","Power Through"],"picked":"Heavy Blade+1","floor":23},{"not_picked":["Burning Pact","Cleave+1"],"picked":"Ghostly Armor","floor":24},{"not_picked":["Heavy Blade","Clash"],"picked":"Anger","floor":27},{"not_picked":["Feed","Pommel Strike"],"picked":"Immolate","floor":30},{"not_picked":["Metallicize","Anger"],"picked":"Power Through","floor":31},{"not_picked":["Barricade","Immolate"],"picked":"Exhume","floor":33},{"not_picked":["Whirlwind","Clash+1"],"picked":"Heavy Blade","floor":35},{"not_picked":["Dark Shackles","Sadistic Nature"],"picked":"Mind Blast","floor":36},{"not_picked":["Jack Of All Trades","Secret Weapon"],"picked":"Bandage Up","floor":36},{"not_picked":["Swift Strike","Flash of Steel"],"picked":"Secret Weapon","floor":36},{"not_picked":["Warcry+1","Blood for Blood"],"picked":"Iron Wave+1","floor":37},{"not_picked":["Iron Wave","Anger"],"picked":"Armaments+1","floor":38},{"not_picked":["Perfected Strike+1","Headbutt"],"picked":"Flex","floor":41},{"not_picked":["Sword Boomerang","Shrug It Off"],"picked":"Thunderclap+1","floor":42},{"not_picked":["Evolve","Clothesline+1"],"picked":"Seeing Red+1","floor":46}],"player_experience":342387,"relics_obtained":[{"floor":6,"key":"Bottled Tornado"},{"floor":9,"key":"Boot"},{"floor":13,"key":"Ancient Tea Set"},{"floor":23,"key":"FossilizedHelix"},{"floor":26,"key":"Bottled Lightning"},{"floor":30,"key":"Art of War"},{"floor":41,"key":"Dream Catcher"},{"floor":43,"key":"Mercury Hourglass"},{"floor":45,"key":"Oddly Smooth Stone"},{"floor":46,"key":"Champion Belt"}],"event_choices":[{"damage_healed":0,"gold_gain":75,"player_choice":"Gather Gold","damage_taken":11,"max_hp_gain":0,"max_hp_loss":0,"event_name":"World of Goop","floor":2,"gold_loss":0},{"damage_healed":24,"gold_gain":0,"player_choice":"Healed","damage_taken":0,"max_hp_gain":0,"max_hp_loss":0,"event_name":"The Cleric","floor":5,"gold_loss":35},{"damage_healed":0,"gold_gain":0,"player_choice":"Ignored","damage_taken":0,"max_hp_gain":0,"max_hp_loss":0,"event_name":"Golden Wing","floor":8,"gold_loss":0},{"damage_healed":0,"gold_gain":0,"player_choice":"Simplicity","damage_taken":0,"max_hp_gain":0,"max_hp_loss":0,"event_name":"Back to Basics","floor":19,"gold_loss":0,"cards_upgraded":["Strike_R","Strike_R","Strike_R","Strike_R","Strike_R","Defend_R","Defend_R","Defend_R","Defend_R"]},{"damage_healed":0,"gold_gain":0,"player_choice":"Opened","damage_taken":0,"relics_obtained":["Blood Vial"],"max_hp_gain":0,"max_hp_loss":0,"event_name":"The Mausoleum","floor":21,"gold_loss":0},{"damage_healed":0,"gold_gain":0,"player_choice":"Ignored","damage_taken":0,"max_hp_gain":0,"max_hp_loss":0,"event_name":"Beggar","floor":22,"gold_loss":0},{"damage_healed":0,"gold_gain":0,"player_choice":"Shed Blood","damage_taken":24,"max_hp_gain":5,"max_hp_loss":0,"event_name":"Forgotten Altar","floor":29,"gold_loss":0},{"damage_healed":0,"gold_gain":0,"player_choice":"Memory 3","damage_taken":10,"max_hp_gain":0,"max_hp_loss":0,"event_name":"SensoryStone","floor":36,"gold_loss":0},{"damage_healed":0,"gold_gain":0,"player_choice":"Ignored","damage_taken":0,"max_hp_gain":0,"max_hp_loss":0,"event_name":"NoteForYourself","floor":39,"gold_loss":0},{"damage_healed":0,"gold_gain":0,"player_choice":"Fight","damage_taken":0,"max_hp_gain":0,"max_hp_loss":0,"event_name":"MindBloom","floor":46,"gold_loss":0},{"damage_healed":0,"gold_gain":0,"player_choice":"Paid","damage_taken":0,"relics_obtained":["Red Mask"],"max_hp_gain":0,"max_hp_loss":0,"event_name":"Tomb of Lord Red Mask","floor":47,"gold_loss":159}],"is_beta":false,"boss_relics":[{"not_picked":["Coffee Dripper","Runic Dome"],"picked":"Lizard Tail"},{"not_picked":["Philosopher\u0027s Stone","Cursed Key"],"picked":"Mark of Pain"}],"items_purged_floors":[],"is_endless":false,"potions_floor_spawned":[3,6,14,20,24,27,31,37,38],"ascension_level":0}