{"gold_per_floor":[119,119,44,44,56,56,90,109,109,123,157,157,157,177,177,277,277,289,318,328,243,260,288,288,28,104,115,115,148,148,248,248,343,343,360,360,360,270,34,34,52,52,52,70,70,20,38,55,55,55],"floor_reached":50,"playtime":4566,"items_purged":["Strike_G","Regret"],"score":641,"play_id":"7aac617d-c28f-4d0d-a853-de9071d369f5","local_time":"20190614215237","is_ascension_mode":true,"campfire_choices":[{"data":"Dagger Spray","floor":6.0,"key":"SMITH"},{"data":"Poisoned Stab","floor":15.0,"key":"SMITH"},{"floor":24,"key":"REST"},{"floor":28,"key":"REST"},{"floor":30,"key":"REST"},{"floor":32,"key":"REST"},{"data":"Well Laid Plans","floor":40,"key":"SMITH"},{"floor":42,"key":"REST"},{"floor":49,"key":"REST"}],"neow_cost":"NONE","seed_source_timestamp":0,"circlet_count":0,"master_deck":["Defend_G+1","Defend_G","Defend_G","Defend_G","Defend_G+1","Strike_G+1","Strike_G","Strike_G","Strike_G+1","Survivor","Neutralize","Dagger Spray+1","Quick Slash","Riddle With Holes+1","Dagger Throw","Well Laid Plans+1","Poisoned Stab+1","Dagger Spray","Corpse Explosion+1","Heel Hook+1","Caltrops+1","Reflex","Expertise+1","Footwork","Good Instincts","PiercingWail","Backflip","PiercingWail","Malaise","Crippling Poison","Sadistic Nature","Quick Slash","Tactician","Impatience","Underhanded Strike","PiercingWail+1","Bouncing Flask+1"],"special_seed":0,"relics":["Ring of the Snake","NeowsBlessing","StoneCalendar","Matryoshka","Oddly Smooth Stone","Ginger","Pantograph","Centennial Puzzle","HoveringKite","Red Mask","FossilizedHelix","Whetstone","War Paint","Letter Opener","Mango","Pocketwatch","Ninja Scroll","Black Star"],"potions_floor_usage":[22,22,27,31,33,48,48,50],"damage_taken":[{"damage":0.0,"enemies":"2 Louse","floor":1.0,"turns":1.0},{"damage":0.0,"enemies":"Cultist","floor":5.0,"turns":1.0},{"damage":0.0,"enemies":"Gremlin Nob","floor":7.0,"turns":1.0},{"damage":0.0,"enemies":"Jaw Worm","floor":8.0,"turns":3.0},{"damage":0.0,"enemies":"Large Slime","floor":10.0,"turns":5.0},{"damage":1.0,"enemies":"Lagavulin","floor":11.0,"turns":7.0},{"damage":0.0,"enemies":"Looter","floor":14.0,"turns":2.0},{"damage":29.0,"enemies":"Hexaghost","floor":16.0,"turns":8.0},{"damage":1.0,"enemies":"Chosen","floor":18.0,"turns":4.0},{"damage":12,"enemies":"Masked Bandits","floor":19,"turns":2},{"damage":16,"enemies":"Shell Parasite","floor":20,"turns":5},{"damage":11,"enemies":"Centurion and Healer","floor":22,"turns":5},{"damage":15,"enemies":"Slavers","floor":23,"turns":2},{"damage":6,"enemies":"Snake Plant","floor":27,"turns":4},{"damage":40,"enemies":"Book of Stabbing","floor":29,"turns":7},{"damage":10,"enemies":"Colosseum Slavers","floor":31,"turns":2},{"damage":4,"enemies":"Colosseum Nobs","floor":31,"turns":4},{"damage":75,"enemies":"Automaton","floor":33,"turns":12},{"damage":15,"enemies":"Orb Walker","floor":35,"turns":4},{"damage":30,"enemies":"3 Darklings","floor":41,"turns":3},{"damage":53,"enemies":"Spire Growth","floor":44,"turns":6},{"damage":0,"enemies":"Sphere and 2 Shapes","floor":47,"turns":3},{"damage":22,"enemies":"Transient","floor":48,"turns":5},{"damage":58,"enemies":"Time Eater","floor":50,"turns":11}],"seed_played":"5371435450108716055","potions_obtained":[{"floor":4.0,"key":"Weak Potion"},{"floor":4.0,"key":"Swift Potion"},{"floor":4.0,"key":"GhostInAJar"},{"floor":10.0,"key":"LiquidBronze"},{"floor":14.0,"key":"SteroidPotion"},{"floor":16.0,"key":"Swift Potion"},{"floor":29,"key":"SkillPotion"},{"floor":31,"key":"Explosive Potion"},{"floor":44,"key":"Weak Potion"},{"floor":48,"key":"Block Potion"}],"is_trial":false,"path_per_floor":["M","?","$","?","M","R","E","M","T","M","E","?","?","M","R","B",null,"M","?","M","?","M","E","R","$","T","M","R","E","R","?","R","B",null,"M","?","?","?","$","R","M","R","T","M","?","$","M","M","R","B"],"character_chosen":"THE_SILENT","items_purchased":["Footwork","Good Instincts","Sadistic Nature","Swift Potion","Underhanded Strike"],"campfire_rested":6,"item_purchase_floors":[25,25,39,39,46],"current_hp_per_floor":[70,63,63,63,63,63,63,63,63,63,62,48,48,48,48,41,70,69,57,41,41,30,15,36,36,36,30,51,25,50,36,61,9,84,69,84,84,84,84,84,54,79,79,26,26,26,26,4,29,0],"gold":55,"neow_bonus":"THREE_ENEMY_KILL","is_prod":false,"is_daily":false,"chose_seed":false,"campfire_upgraded":3,"win_rate":0,"timestamp":1560574357,"path_taken":["M","?","$","?","?","R","E","M","T","M","E","?","?","M","R","BOSS","M","?","M","?","M","E","R","$","T","M","R","E","R","?","R","BOSS","M","?","?","?","$","R","?","R","T","M","?","?","M","M","R","BOSS"],"build_version":"2019-01-23","purchased_purges":2,"victory":false,"max_hp_per_floor":[70,70,70,70,70,70,70,70,70,70,70,70,70,70,70,70,70,70,70,70,70,70,70,70,70,70,70,70,84,84,84,84,84,84,84,84,84,84,84,84,84,84,84,84,84,84,84,84,84,84],"card_choices":[{"not_picked":["Deflect","Slice"],"picked":"Dagger Spray","floor":1.0},{"not_picked":["Blade Dance","Acrobatics"],"picked":"Quick Slash","floor":5.0},{"not_picked":["Accuracy","Prepared"],"picked":"Riddle With Holes","floor":7.0},{"not_picked":["Tactician","Bouncing Flask"],"picked":"Dagger Throw","floor":8.0},{"not_picked":["Cloak And Dagger","Noxious Fumes"],"picked":"Well Laid Plans","floor":10.0},{"not_picked":["Flying Knee","Well Laid Plans"],"picked":"Poisoned Stab","floor":11.0},{"not_picked":["Blade Dance","Escape Plan"],"picked":"Dagger Spray","floor":14.0},{"not_picked":["Phantasmal Killer","After Image"],"picked":"Corpse Explosion","floor":16.0},{"not_picked":["Riddle With Holes","Well Laid Plans"],"picked":"Heel Hook+1","floor":18.0},{"not_picked":["Dodge and Roll","Finisher"],"picked":"Distraction","floor":19},{"not_picked":["Quick Slash","Sucker Punch"],"picked":"Caltrops+1","floor":20},{"not_picked":["Dodge and Roll+1","Prepared+1"],"picked":"Reflex","floor":22},{"not_picked":["Infinite Blades","Masterful Stab"],"picked":"Expertise+1","floor":23},{"not_picked":["Well Laid Plans","Calculated Gamble"],"picked":"PiercingWail","floor":27},{"not_picked":["Skewer+1","Prepared"],"picked":"Backflip","floor":29},{"not_picked":["Storm of Steel","Cloak And Dagger+1"],"picked":"PiercingWail","floor":31},{"not_picked":["Wraith Form v2","Phantasmal Killer"],"picked":"Malaise","floor":33},{"not_picked":["Dagger Throw+1","Calculated Gamble"],"picked":"Crippling Poison","floor":35},{"not_picked":["Poisoned Stab","Flying Knee+1"],"picked":"Quick Slash","floor":41},{"not_picked":["Setup+1","Slice"],"picked":"Tactician","floor":44},{"not_picked":["Forethought","Blind"],"picked":"Impatience","floor":45},{"not_picked":["Sucker Punch+1","Deflect"],"picked":"PiercingWail+1","floor":47},{"not_picked":["Flechettes","Corpse Explosion"],"picked":"Bouncing Flask+1","floor":48}],"player_experience":256263,"relics_obtained":[{"floor":7.0,"key":"Matryoshka"},{"floor":9.0,"key":"Oddly Smooth Stone"},{"floor":9.0,"key":"Ginger"},{"floor":11.0,"key":"Pantograph"},{"floor":19,"key":"Red Mask"},{"floor":23,"key":"Whetstone"},{"floor":26,"key":"War Paint"},{"floor":26,"key":"Letter Opener"},{"floor":29,"key":"Mango"},{"floor":31,"key":"Pocketwatch"},{"floor":31,"key":"Ninja Scroll"}],"event_choices":[{"damage_healed":0.0,"max_hp_gain":0.0,"max_hp_loss":0.0,"gold_gain":0.0,"event_name":"Scrap Ooze","player_choice":"Success","floor":2.0,"gold_loss":0.0,"damage_taken":7.0,"relics_obtained":["StoneCalendar"]},{"damage_healed":0.0,"max_hp_gain":0.0,"max_hp_loss":0.0,"gold_gain":0.0,"event_name":"Lab","player_choice":"Got Potions","floor":4.0,"gold_loss":0.0,"damage_taken":0.0},{"damage_healed":0.0,"max_hp_gain":0.0,"max_hp_loss":0.0,"gold_gain":0.0,"event_name":"Shining Light","player_choice":"Entered Light","floor":12.0,"gold_loss":0.0,"damage_taken":14.0,"cards_upgraded":["Defend_G","Riddle With Holes"]},{"damage_healed":0.0,"max_hp_gain":0.0,"max_hp_loss":0.0,"gold_gain":0.0,"event_name":"Big Fish","player_choice":"Box","floor":13.0,"gold_loss":0.0,"damage_taken":0.0,"relics_obtained":["Centennial Puzzle"],"cards_obtained":["Regret"]},{"damage_healed":0,"gold_gain":0,"player_choice":"Fought Bandits","damage_taken":0,"max_hp_gain":0,"max_hp_loss":0,"event_name":"Masked Bandits","floor":19,"gold_loss":0},{"damage_healed":0,"gold_gain":0,"player_choice":"Obtained Relic","damage_taken":0,"relics_obtained":["FossilizedHelix"],"max_hp_gain":0,"max_hp_loss":0,"event_name":"Addict","floor":21,"gold_loss":85},{"damage_healed":0,"gold_gain":0,"player_choice":"Fight","damage_taken":0,"max_hp_gain":0,"max_hp_loss":0,"event_name":"Colosseum","floor":31,"gold_loss":0},{"damage_healed":0,"gold_gain":0,"player_choice":"Fought Nobs","damage_taken":0,"max_hp_gain":0,"max_hp_loss":0,"event_name":"Colosseum","floor":31,"gold_loss":0},{"damage_healed":21,"gold_gain":0,"player_choice":"Writhe","damage_taken":0,"max_hp_gain":0,"max_hp_loss":0,"event_name":"Winding Halls","floor":36,"gold_loss":0,"cards_obtained":["Writhe"]},{"cards_removed":["Distraction"],"damage_healed":0,"gold_gain":0,"player_choice":"Removed Skill","damage_taken":0,"max_hp_gain":0,"max_hp_loss":0,"event_name":"Falling","floor":37,"gold_loss":0},{"cards_removed":["Writhe"],"damage_healed":0,"gold_gain":0,"player_choice":"Upgrade and Remove","damage_taken":0,"max_hp_gain":0,"max_hp_loss":0,"event_name":"Designer","floor":38,"gold_loss":90,"cards_upgraded":["Corpse Explosion"]},{"damage_healed":0,"gold_gain":0,"player_choice":"Memory 1","damage_taken":0,"max_hp_gain":0,"max_hp_loss":0,"event_name":"SensoryStone","floor":45,"gold_loss":0}],"is_beta":false,"boss_relics":[{"not_picked":["Lizard Tail","Velvet Choker"],"picked":"HoveringKite"},{"not_picked":["Coffee Dripper","White Beast Statue"],"picked":"Black Star"}],"items_purged_floors":[3,25],"is_endless":false,"potions_floor_spawned":[5,10,14,16,18,20,29,31,44,48],"killed_by":"Time Eater","ascension_level":4}