{"gold_per_floor":[115,115,115,215,229,255,255,290,313,342,342,342,174,191,191,296,296,315,315,60,71,82,82,93,93,119,119,32,52,52,52,52,154,154,169,187,187,187,206,238,238,70,93,93,0,35,35,35,35,35,35,35,35,63,63],"floor_reached":55,"playtime":4677,"items_purged":["Strike_G"],"score":804,"play_id":"0071a772-3fa6-45ed-ab57-28fbe981ed04","local_time":"20181225184927","is_ascension_mode":true,"campfire_choices":[{"floor":7,"key":"REST"},{"floor":11,"key":"REST"},{"data":"Deadly Poison","floor":15,"key":"SMITH"},{"data":"Malaise","floor":23,"key":"SMITH"},{"data":"Noxious Fumes","floor":25,"key":"SMITH"},{"data":"Blind","floor":30,"key":"SMITH"},{"floor":32,"key":"REST"},{"floor":41,"key":"REST"},{"data":"Catalyst","floor":44,"key":"SMITH"},{"floor":49,"key":"RECALL"},{"data":"Madness","floor":52,"key":"SMITH"}],"neow_cost":"NONE","seed_source_timestamp":277763218467089,"circlet_count":0,"master_deck":["Defend_G","Defend_G","Defend_G","Defend_G","Strike_G","Strike_G","Survivor","Neutralize+1","Poisoned Stab","Cloak And Dagger","PiercingWail","Deadly Poison+1","Acrobatics","Backflip","Malaise+1","Noxious Fumes+1","Poisoned Stab","Dodge and Roll","Dagger Spray+1","Blur","Blind+1","After Image","Leg Sweep+1","Infinite Blades+1","Dark Shackles","Catalyst+1","Good Instincts","Madness+1","Madness","Adrenaline"],"relics":["Ring of the Snake","PreservedInsect","Boot","Calipers","Lantern","Incense Burner","Oddly Smooth Stone","Empty Cage","Ancient Tea Set","Eternal Feather","Juzu Bracelet","Red Mask","Dodecahedron","Anchor"],"potions_floor_usage":[10,16,33,33,40,50,55],"damage_taken":[{"damage":0,"enemies":"Small Slimes","floor":1,"turns":3},{"damage":2,"enemies":"Jaw Worm","floor":5,"turns":4},{"damage":42,"enemies":"Gremlin Nob","floor":6,"turns":5},{"damage":15,"enemies":"3 Sentries","floor":8,"turns":10},{"damage":14,"enemies":"Gremlin Nob","floor":10,"turns":3},{"damage":0,"enemies":"Cultist","floor":14,"turns":3},{"damage":9,"enemies":"The Guardian","floor":16,"turns":10},{"damage":12,"enemies":"3 Byrds","floor":18,"turns":7},{"damage":2,"enemies":"Shell Parasite","floor":21,"turns":5},{"damage":13,"enemies":"Snake Plant","floor":22,"turns":5},{"damage":10,"enemies":"Shelled Parasite and Fungi","floor":24,"turns":8},{"damage":0,"enemies":"Cultist and Chosen","floor":29,"turns":6},{"damage":45,"enemies":"Automaton","floor":33,"turns":14},{"damage":0,"enemies":"3 Shapes","floor":35,"turns":7},{"damage":1,"enemies":"3 Darklings","floor":36,"turns":7},{"damage":30,"enemies":"Jaw Worm Horde","floor":39,"turns":5},{"damage":44,"enemies":"Giant Head","floor":40,"turns":11},{"damage":7,"enemies":"Nemesis","floor":46,"turns":7},{"damage":32,"enemies":"Time Eater","floor":50,"turns":21},{"damage":0,"enemies":"Shield and Spear","floor":54,"turns":7},{"damage":73,"enemies":"The Heart","floor":55,"turns":8}],"seed_played":"1360669139597921768","potions_obtained":[{"floor":8,"key":"AttackPotion"},{"floor":10,"key":"EssenceOfSteel"},{"floor":18,"key":"SteroidPotion"},{"floor":24,"key":"AttackPotion"},{"floor":27,"key":"FairyPotion"},{"floor":35,"key":"LiquidBronze"},{"floor":39,"key":"GhostInAJar"},{"floor":46,"key":"Dexterity Potion"}],"is_trial":false,"path_per_floor":["M","?","?","?","M","E","R","E","T","E","R","?","$","M","R","B",null,"M","?","$","M","M","R","M","R","T","?","$","M","R","?","R","B",null,"M","M","?","?","M","E","R","$","T","R","?","E","$","?","R","B",null,"R","$","E","B"],"character_chosen":"THE_SILENT","items_purchased":["Oddly Smooth Stone","Acrobatics","Noxious Fumes","Poisoned Stab","PowerPotion","Blind","Catalyst","Good Instincts"],"campfire_rested":4,"item_purchase_floors":[13,13,20,20,20,28,42,42],"current_hp_per_floor":[70,70,70,70,68,26,47,32,32,18,39,32,32,32,32,23,70,58,51,51,49,36,36,26,26,26,26,26,26,26,26,47,2,70,70,69,69,69,39,7,43,43,43,58,58,51,51,42,57,25,70,70,70,70,0],"gold":63,"neow_bonus":"UPGRADE_CARD","is_prod":false,"is_daily":false,"chose_seed":false,"campfire_upgraded":6,"win_rate":0,"timestamp":1545792567,"path_taken":["M","?","?","?","?","E","R","E","T","E","R","?","$","M","R","BOSS","M","?","$","M","?","R","M","R","T","?","?","M","R","?","R","BOSS","M","M","?","?","M","E","R","?","T","R","?","E","$","?","R","BOSS","R","$","E","BOSS"],"build_version":"2018-12-20","purchased_purges":1,"victory":false,"max_hp_per_floor":[70,70,70,70,70,70,70,70,70,70,70,70,70,70,70,70,70,70,70,70,70,70,70,70,70,70,70,70,70,70,70,70,70,70,70,70,70,70,70,70,70,70,70,70,70,70,70,70,70,70,70,70,70,70,70],"card_choices":[{"not_picked":["PiercingWail","Blur"],"picked":"Poisoned Stab","floor":1},{"not_picked":["Reflex","Predator"],"picked":"Cloak And Dagger","floor":5},{"not_picked":["Eviscerate","Flechettes"],"picked":"Slice","floor":6},{"not_picked":["Underhanded Strike","Blur"],"picked":"PiercingWail","floor":8},{"not_picked":["Outmaneuver","Flechettes"],"picked":"Deadly Poison","floor":10},{"not_picked":["Blade Dance","Slice"],"picked":"Backflip","floor":14},{"not_picked":["Bullet Time","Night Terror"],"picked":"Malaise","floor":16},{"not_picked":["Expertise","Slice","Underhanded Strike+1"],"picked":"SKIP","floor":18},{"not_picked":["Slice","Sucker Punch"],"picked":"Dodge and Roll","floor":21},{"not_picked":["Heel Hook+1","Accuracy"],"picked":"Dagger Spray+1","floor":22},{"not_picked":["Predator","Outmaneuver"],"picked":"Blur","floor":24},{"not_picked":["Dodge and Roll","Tactician","Expertise"],"picked":"SKIP","floor":29},{"not_picked":["Glass Knife","A Thousand Cuts"],"picked":"After Image","floor":33},{"not_picked":["Acrobatics","Flying Knee+1"],"picked":"Leg Sweep+1","floor":35},{"not_picked":["Dagger Spray","Eviscerate"],"picked":"Infinite Blades+1","floor":36},{"not_picked":["Trip","Purity"],"picked":"Dark Shackles","floor":37},{"not_picked":["Flying Knee+1","Dagger Spray","Tactician"],"picked":"SKIP","floor":39},{"not_picked":["Quick Slash","Dagger Spray","Acrobatics+1"],"picked":"SKIP","floor":40},{"not_picked":["Acrobatics","Underhanded Strike+1","Eviscerate"],"picked":"SKIP","floor":46},{"not_picked":["Dodge and Roll+1","Crippling Poison"],"picked":"Adrenaline","floor":54}],"player_experience":87656,"relics_obtained":[{"floor":6,"key":"Boot"},{"floor":8,"key":"Calipers"},{"floor":9,"key":"Lantern"},{"floor":10,"key":"Incense Burner"},{"floor":26,"key":"Ancient Tea Set"},{"floor":40,"key":"Juzu Bracelet"},{"floor":46,"key":"Dodecahedron"},{"floor":54,"key":"Anchor"}],"event_choices":[{"damage_healed":0,"gold_gain":0,"player_choice":"Box","damage_taken":0,"relics_obtained":["PreservedInsect"],"max_hp_gain":0,"max_hp_loss":0,"event_name":"Big Fish","floor":2,"gold_loss":0,"cards_obtained":["Regret"]},{"cards_removed":["Strike_G"],"damage_healed":0,"gold_gain":0,"player_choice":"Forget","damage_taken":0,"max_hp_gain":0,"max_hp_loss":0,"event_name":"Living Wall","floor":3,"gold_loss":0},{"damage_healed":0,"gold_gain":100,"player_choice":"Pray","damage_taken":0,"max_hp_gain":0,"max_hp_loss":0,"event_name":"Golden Shrine","floor":4,"gold_loss":0},{"cards_removed":["Regret"],"damage_healed":0,"gold_gain":0,"player_choice":"Card Removal","damage_taken":7,"max_hp_gain":0,"max_hp_loss":0,"event_name":"Golden Wing","floor":12,"gold_loss":0},{"damage_healed":0,"gold_gain":0,"player_choice":"Damaged","damage_taken":7,"max_hp_gain":0,"max_hp_loss":0,"event_name":"Wheel of Change","floor":19,"gold_loss":0},{"damage_healed":0,"gold_gain":0,"player_choice":"Got Potions","damage_taken":0,"max_hp_gain":0,"max_hp_loss":0,"event_name":"Lab","floor":27,"gold_loss":0},{"damage_healed":0,"gold_gain":0,"player_choice":"Ignored","damage_taken":0,"max_hp_gain":0,"max_hp_loss":0,"event_name":"Vampires","floor":31,"gold_loss":0},{"damage_healed":0,"gold_gain":0,"player_choice":"Memory 1","damage_taken":0,"max_hp_gain":0,"max_hp_loss":0,"event_name":"SensoryStone","floor":37,"gold_loss":0},{"cards_removed":["Slice"],"damage_healed":0,"gold_gain":0,"player_choice":"Removed Attack","damage_taken":0,"max_hp_gain":0,"max_hp_loss":0,"event_name":"Falling","floor":38,"gold_loss":0},{"damage_healed":0,"gold_gain":0,"player_choice":"Paid","damage_taken":0,"relics_obtained":["Red Mask"],"max_hp_gain":0,"max_hp_loss":0,"event_name":"Tomb of Lord Red Mask","floor":45,"gold_loss":93},{"damage_healed":0,"gold_gain":0,"player_choice":"Embrace Madness","damage_taken":9,"max_hp_gain":0,"max_hp_loss":0,"event_name":"Winding Halls","floor":48,"gold_loss":0,"cards_obtained":["Madness","Madness"]}],"is_beta":false,"boss_relics":[{"not_picked":["Philosopher\u0027s Stone","Ring of the Serpent"],"picked":"Empty Cage"},{"not_picked":["White Beast Statue","Coffee Dripper"],"picked":"Eternal Feather"}],"items_purged_floors":[20],"is_endless":false,"potions_floor_spawned":[8,10,18,24,29,35,39,46],"killed_by":"The Heart","ascension_level":1}