{"gold_per_floor":[219,230,36,50,70,70,97,97,97,114,141,158,158,175,175,175],"floor_reached":16,"playtime":1497,"items_purged":[],"score":228,"play_id":"76dba754-1530-4336-8e02-47298a191056","local_time":"20190103004207","is_ascension_mode":true,"campfire_choices":[{"data":"Finisher","floor":6,"key":"SMITH"},{"floor":8,"key":"REST"},{"floor":13,"key":"REST"},{"data":"Neutralize","floor":15,"key":"SMITH"}],"neow_cost":"NONE","seed_source_timestamp":32959905084962,"circlet_count":0,"master_deck":["AscendersBane","Defend_G","Defend_G","Defend_G","Defend_G","Defend_G","Strike_G","Strike_G","Strike_G+1","Strike_G","Strike_G","Survivor","Neutralize+1","Riddle With Holes+1","Backflip","Finisher+1","Deadly Poison","Slice","Acrobatics","PiercingWail","Deadly Poison"],"relics":["Ring of the Snake","Whetstone","Pocketwatch","Letter Opener"],"potions_floor_usage":[11,11,16],"damage_taken":[{"damage":3,"enemies":"Cultist","floor":1,"turns":5},{"damage":0,"enemies":"2 Louse","floor":2,"turns":4},{"damage":4,"enemies":"Jaw Worm","floor":4,"turns":3},{"damage":3,"enemies":"Blue Slaver","floor":5,"turns":3},{"damage":22,"enemies":"3 Sentries","floor":7,"turns":9},{"damage":2,"enemies":"Red Slaver","floor":10,"turns":3},{"damage":30,"enemies":"Lagavulin","floor":11,"turns":5},{"damage":9,"enemies":"Exordium Thugs","floor":12,"turns":4},{"damage":0,"enemies":"Exordium Wildlife","floor":14,"turns":3},{"damage":27,"enemies":"Hexaghost","floor":16,"turns":9}],"seed_played":"292711035204705587","potions_obtained":[{"floor":2,"key":"PowerPotion"},{"floor":4,"key":"SkillPotion"},{"floor":12,"key":"SpeedPotion"}],"is_trial":false,"path_per_floor":["M","M","$","M","M","R","E","R","T","M","E","M","R","M","R","B"],"character_chosen":"THE_SILENT","items_purchased":["Finisher","Whetstone"],"campfire_rested":2,"item_purchase_floors":[3,3],"current_hp_per_floor":[56,56,56,52,49,49,27,46,46,44,14,5,24,24,24,0],"gold":175,"neow_bonus":"HUNDRED_GOLD","is_prod":false,"is_daily":false,"chose_seed":false,"campfire_upgraded":2,"win_rate":0,"timestamp":1546486927,"path_taken":["M","M","$","M","M","R","E","R","T","M","E","M","R","M","R","BOSS"],"build_version":"2018-12-20","purchased_purges":0,"victory":false,"max_hp_per_floor":[66,66,66,66,66,66,66,66,66,66,66,66,66,66,66,66],"card_choices":[{"not_picked":["Underhanded Strike","Slice"],"picked":"Riddle With Holes","floor":1},{"not_picked":["Dodge and Roll","PiercingWail"],"picked":"Backflip","floor":2},{"not_picked":["Flechettes","PiercingWail"],"picked":"Deadly Poison","floor":4},{"not_picked":["Predator","Choke"],"picked":"Slice","floor":5},{"not_picked":["Setup","Poisoned Stab"],"picked":"Acrobatics","floor":7},{"not_picked":["Eviscerate","Backflip"],"picked":"PiercingWail","floor":10},{"not_picked":["Bane","Heel Hook"],"picked":"Deadly Poison","floor":11},{"not_picked":["Burst","Sucker Punch","Outmaneuver"],"picked":"SKIP","floor":12},{"not_picked":["All Out Attack","PiercingWail","Eviscerate"],"picked":"SKIP","floor":14}],"player_experience":672745,"relics_obtained":[{"floor":7,"key":"Pocketwatch"},{"floor":11,"key":"Letter Opener"}],"event_choices":[],"is_beta":false,"boss_relics":[],"items_purged_floors":[],"is_endless":false,"potions_floor_spawned":[2,4,5,12],"killed_by":"Hexaghost","ascension_level":20}