{"gold_per_floor":[115,115,115,128,152,195,195,236,315,334,334,354,354,379,379,509,509,532,447,460,5,24,24,40,60,86,86,86,86,96,50,50,148,148,162,173,76,76,87,87,104,104,128,128,144,163,181,30,30,30],"floor_reached":50,"playtime":2199,"items_purged":["Parasite"],"score":458,"play_id":"7e70779c-e2cd-4e0d-816a-309a4f240570","local_time":"20181002200726","is_ascension_mode":false,"campfire_choices":[{"data":"Crippling Poison","floor":7,"key":"SMITH"},{"floor":11,"key":"REST"},{"data":"Crippling Poison","floor":15,"key":"SMITH"},{"data":"Venomology","floor":23,"key":"SMITH"},{"floor":27,"key":"REST"},{"data":"Bouncing Flask","floor":29,"key":"SMITH"},{"floor":32,"key":"REST"},{"data":"Deadly Poison","floor":40,"key":"SMITH"},{"data":"Deadly Poison","floor":42,"key":"SMITH"},{"data":"Burst","floor":49,"key":"SMITH"}],"neow_cost":"","seed_source_timestamp":17775948964641,"circlet_count":0,"master_deck":["Defend_G","Defend_G","Defend_G","Defend_G","Defend_G","Strike_G+1","Strike_G","Strike_G","Strike_G","Strike_G+1","Survivor","Neutralize","Crippling Poison+1","Backflip","Crippling Poison+1","Backflip","Cloak And Dagger","Slice+1","Slice+1","Venomology+1","Bane+1","Bouncing Flask+1","Well Laid Plans","Deadly Poison+1","Poisoned Stab+1","Outmaneuver","Burst+1","Quick Slash+1","Poisoned Stab+1","Deadly Poison+1","Deadly Poison"],"relics":["Ring of the Serpent","Incense Burner","Bloody Idol","Potion Belt","Mercury Hourglass","Molten Egg 2","Bag of Marbles","Whetstone","Vajra","Art of War","Coffee Dripper","Blood Vial","Oddly Smooth Stone"],"potions_floor_usage":[18,20,20,25,30,33,33,33,33,33,33,33,33,33,33,33,33,33,33,39,39,39,45,47,47,47,50,50,50],"damage_taken":[{"damage":0,"enemies":"Jaw Worm","floor":1,"turns":4},{"damage":1,"enemies":"Cultist","floor":4,"turns":5},{"damage":1,"enemies":"Small Slimes","floor":5,"turns":4},{"damage":23,"enemies":"Lagavulin","floor":6,"turns":10},{"damage":23,"enemies":"3 Sentries","floor":8,"turns":12},{"damage":2,"enemies":"Looter","floor":10,"turns":4},{"damage":0,"enemies":"2 Fungi Beasts","floor":12,"turns":2},{"damage":7,"enemies":"Exordium Thugs","floor":14,"turns":3},{"damage":17,"enemies":"The Guardian","floor":16,"turns":13},{"damage":8,"enemies":"3 Byrds","floor":18,"turns":3},{"damage":10,"enemies":"2 Thieves","floor":20,"turns":4},{"damage":1,"enemies":"Snecko","floor":22,"turns":3},{"damage":5,"enemies":"Snake Plant","floor":24,"turns":3},{"damage":11,"enemies":"Centurion and Healer","floor":25,"turns":4},{"damage":9,"enemies":"3 Cultists","floor":30,"turns":5},{"damage":9,"enemies":"Champ","floor":33,"turns":7},{"damage":1,"enemies":"Orb Walker","floor":35,"turns":3},{"damage":9,"enemies":"3 Shapes","floor":36,"turns":3},{"damage":0,"enemies":"Maw","floor":39,"turns":5},{"damage":28,"enemies":"3 Darklings","floor":41,"turns":3},{"damage":0,"enemies":"Reptomancer","floor":45,"turns":4},{"damage":6,"enemies":"Transient","floor":46,"turns":5},{"damage":29,"enemies":"3 Darklings","floor":47,"turns":3},{"damage":40,"enemies":"Donu and Deca","floor":50,"turns":5}],"seed_played":"7496399468055269416","potions_obtained":[{"floor":1,"key":"SmokeBomb"},{"floor":8,"key":"Swift Potion"},{"floor":12,"key":"Explosive Potion"},{"floor":16,"key":"Swift Potion"},{"floor":18,"key":"GamblersBrew"},{"floor":25,"key":"Swift Potion"},{"floor":30,"key":"Regen Potion"},{"floor":38,"key":"Swift Potion"},{"floor":38,"key":"Block Potion"},{"floor":38,"key":"AttackPotion"},{"floor":39,"key":"GhostInAJar"},{"floor":45,"key":"GamblersBrew"},{"floor":46,"key":"Fire Potion"}],"is_trial":false,"path_per_floor":["M","?","?","M","M","E","R","E","T","M","R","M","?","M","R","B",null,"M","?","M","$","M","R","M","M","T","R","?","R","M","$","R","B",null,"M","M","$","?","M","R","M","R","T","$","M","M","M","$","R"],"character_chosen":"THE_SILENT","items_purchased":["Whetstone","Vajra","Well Laid Plans","Outmaneuver","Poisoned Stab+1","Deadly Poison","Oddly Smooth Stone"],"campfire_rested":3,"item_purchase_floors":[21,21,21,31,37,37,48],"current_hp_per_floor":[70,70,65,64,63,40,40,17,17,15,34,34,50,43,43,26,65,57,57,47,47,46,46,41,30,30,48,48,48,44,44,62,62,62,62,58,58,58,62,62,39,39,44,44,51,52,30,30,30,0],"gold":30,"neow_bonus":"","is_prod":false,"is_daily":false,"chose_seed":false,"campfire_upgraded":7,"win_rate":0.0,"timestamp":1538521646,"path_taken":["M","?","?","M","M","E","R","E","T","?","R","M","?","?","R","BOSS","M","?","M","$","M","R","M","M","T","R","?","R","M","$","R","BOSS","M","?","$","?","M","R","M","R","T","?","M","?","M","$","R","BOSS"],"build_version":"2018-09-27","purchased_purges":1,"victory":false,"max_hp_per_floor":[70,70,65,65,65,65,65,65,65,65,65,65,65,65,65,65,65,65,65,65,62,62,62,62,62,62,62,62,62,62,62,62,62,62,62,62,62,62,62,62,62,62,62,62,62,62,62,62,62,62],"card_choices":[{"not_picked":["Reflex","Setup"],"picked":"Crippling Poison","floor":1},{"not_picked":["Quick Slash","Dash"],"picked":"Backflip","floor":4},{"not_picked":["Leg Sweep","Footwork"],"picked":"Crippling Poison","floor":5},{"not_picked":["Reflex","Finisher","Acrobatics"],"picked":"SKIP","floor":6},{"not_picked":["Underhanded Strike","Flechettes"],"picked":"Backflip","floor":8},{"not_picked":["Flechettes+1","All Out Attack+1"],"picked":"Cloak And Dagger","floor":10},{"not_picked":["Dodge and Roll","Backflip"],"picked":"Slice+1","floor":12},{"not_picked":["Bane+1","Eviscerate+1"],"picked":"Slice+1","floor":14},{"not_picked":["Phantasmal Killer","Tools of the Trade"],"picked":"Venomology","floor":16},{"not_picked":["Masterful Stab+1","Deflect"],"picked":"Bane+1","floor":18},{"not_picked":["Heel Hook+1","Footwork"],"picked":"Bouncing Flask","floor":20},{"not_picked":["Skewer+1","Underhanded Strike+1","Acrobatics"],"picked":"SKIP","floor":22},{"not_picked":["Skewer+1","Underhanded Strike+1","Acrobatics"],"picked":"SKIP","floor":22},{"not_picked":["Flechettes+1","Dodge and Roll","Backflip"],"picked":"SKIP","floor":24},{"not_picked":["Outmaneuver","Distraction+1"],"picked":"Deadly Poison","floor":25},{"not_picked":["Dagger Spray+1","Bouncing Flask+1"],"picked":"Poisoned Stab+1","floor":30},{"not_picked":["Corpse Explosion","Bullet Time"],"picked":"Burst","floor":33},{"not_picked":["Reflex","Dodge and Roll"],"picked":"Quick Slash+1","floor":35},{"not_picked":["Blade Dance+1","Backflip+1","Finisher+1"],"picked":"SKIP","floor":36},{"not_picked":["Expertise","Concentrate"],"picked":"Deadly Poison","floor":39},{"not_picked":["Dagger Throw+1","Deadly Poison","Wraith Form v2"],"picked":"SKIP","floor":41},{"not_picked":["Blade Dance+1","Acrobatics+1","Well Laid Plans"],"picked":"SKIP","floor":45},{"not_picked":["Eviscerate+1","Finisher+1","Blade Dance+1"],"picked":"SKIP","floor":46},{"not_picked":["Acrobatics","Endless Agony+1","Backflip+1"],"picked":"SKIP","floor":47}],"player_experience":96809,"relics_obtained":[{"floor":6,"key":"Potion Belt"},{"floor":8,"key":"Mercury Hourglass"},{"floor":9,"key":"Molten Egg 2"},{"floor":26,"key":"Art of War"},{"floor":43,"key":"Blood Vial"}],"event_choices":[{"event_name":"WeMeetAgain","player_choice":"Potion","floor":2,"damage_taken":0},{"event_name":"Golden Idol","player_choice":"Lose Max HP","floor":3,"damage_taken":0},{"event_name":"Mushrooms","player_choice":"Healed and dodged fight","floor":13,"damage_taken":0},{"event_name":"Addict","player_choice":"Obtained Relic","floor":19,"damage_taken":0},{"event_name":"Forgotten Altar","player_choice":"Gave Idol","floor":28,"damage_taken":0},{"event_name":"The Lab","player_choice":"Got Potions","floor":38,"damage_taken":0}],"is_beta":false,"boss_relics":[{"not_picked":["Philosopher\u0027s Stone","Pandora\u0027s Box"],"picked":"Ring of the Serpent"},{"not_picked":["Eternal Feather","Snecko Eye"],"picked":"Coffee Dripper"}],"items_purged_floors":[21],"is_endless":false,"potions_floor_spawned":[1,8,12,16,18,25,30,39,45,46],"killed_by":"Donu and Deca","ascension_level":0}