{"gold_per_floor":[113,113,113,126,136,136,236,236,236,236,251,269,98,98,98,229,229,244,258,357,357],"floor_reached":21,"playtime":831,"items_purged":["Defend_B"],"score":262,"play_id":"a786eace-b50d-42f5-bc98-40c493695e87","local_time":"20181116175312","is_ascension_mode":true,"campfire_choices":[{"data":"Fusion","floor":6,"key":"SMITH"},{"data":"Zap","floor":8,"key":"SMITH"},{"data":"Dualcast","floor":10,"key":"SMITH"},{"data":"Rainbow","floor":15,"key":"SMITH"}],"neow_cost":"NONE","seed_source_timestamp":0,"circlet_count":0,"master_deck":["AscendersBane","Strike_B","Strike_B","Strike_B","Strike_B","Defend_B","Defend_B","Zap+1","Dualcast+1","Forethought","Fusion+1","Conserve Battery","Glacier","Rainbow+1","Capacitor","Cold Snap","Reboot","Chaos"],"special_seed":0,"relics":["Cracked Core","Bag of Marbles","Golden Idol","White Beast Statue"],"potions_floor_usage":[11,16,21,21],"damage_taken":[{"damage":7.0,"enemies":"2 Louse","floor":1.0,"turns":3.0},{"damage":7,"enemies":"Jaw Worm","floor":4,"turns":3},{"damage":4,"enemies":"Small Slimes","floor":5,"turns":3},{"damage":0,"enemies":"Exordium Wildlife","floor":11,"turns":5},{"damage":7,"enemies":"Looter","floor":12,"turns":3},{"damage":28,"enemies":"The Guardian","floor":16,"turns":11},{"damage":21,"enemies":"Shell Parasite","floor":18,"turns":5},{"damage":5,"enemies":"Chosen","floor":19,"turns":5},{"damage":34,"enemies":"Snake Plant","floor":21,"turns":3}],"seed_played":"3987835211949179193","potions_obtained":[{"floor":4,"key":"SpeedPotion"},{"floor":11,"key":"Weak Potion"},{"floor":16,"key":"Fire Potion"},{"floor":18,"key":"Swift Potion"}],"is_trial":false,"path_per_floor":["M","?","?","M","M","R","?","R","T","R","M","M","$","?","R","B",null,"M","M","?","M"],"character_chosen":"DEFECT","items_purchased":["Capacitor","Cold Snap"],"campfire_rested":0,"item_purchase_floors":[13,13],"current_hp_per_floor":[61,58,51,44,40,40,40,40,40,40,40,33,33,33,33,5,53,32,27,27,0],"gold":357,"neow_bonus":"RANDOM_COLORLESS","is_prod":false,"is_daily":false,"chose_seed":false,"campfire_upgraded":4,"win_rate":0,"timestamp":1542401592,"path_taken":["M","?","?","M","M","R","?","R","T","R","?","M","$","?","R","BOSS","M","M","?","M"],"build_version":"2018-11-15","purchased_purges":1,"victory":false,"max_hp_per_floor":[75,75,75,75,75,75,75,75,75,75,75,75,75,69,69,69,69,69,69,69,69],"card_choices":[{"not_picked":["Ball Lightning","FTL"],"picked":"Fusion","floor":1.0},{"not_picked":["Compile Driver","Leap"],"picked":"Conserve Battery","floor":4},{"not_picked":["Turbo","Go for the Eyes"],"picked":"Glacier","floor":5},{"not_picked":["Go for the Eyes","Barrage","Beam Cell"],"picked":"SKIP","floor":11},{"not_picked":["Go for the Eyes","Compile Driver"],"picked":"Rainbow","floor":12},{"not_picked":["Hyperbeam","Amplify"],"picked":"Reboot","floor":16},{"not_picked":["Steam","Turbo","Beam Cell"],"picked":"SKIP","floor":18},{"not_picked":["Beam Cell+1","Compile Driver"],"picked":"Chaos","floor":19}],"player_experience":386328,"relics_obtained":[],"event_choices":[{"damage_healed":0.0,"max_hp_gain":0.0,"max_hp_loss":0.0,"gold_gain":0.0,"event_name":"Scrap Ooze","player_choice":"Success","floor":2.0,"gold_loss":0.0,"damage_taken":3.0,"relics_obtained":["Bag of Marbles"]},{"cards_removed":["Defend_B"],"damage_healed":0.0,"max_hp_gain":0.0,"max_hp_loss":0.0,"gold_gain":0.0,"event_name":"Golden Wing","player_choice":"Card Removal","floor":3.0,"gold_loss":0.0,"damage_taken":7.0},{"damage_healed":0,"gold_gain":100,"player_choice":"Pray","damage_taken":0,"max_hp_gain":0,"max_hp_loss":0,"event_name":"Golden Shrine","floor":7,"gold_loss":0},{"damage_healed":0,"gold_gain":0,"player_choice":"Lose Max HP","damage_taken":0,"relics_obtained":["Golden Idol"],"max_hp_gain":0,"max_hp_loss":6,"event_name":"Golden Idol","floor":14,"gold_loss":0},{"damage_healed":0,"gold_gain":99,"player_choice":"Stole From Cult","damage_taken":0,"max_hp_gain":0,"max_hp_loss":0,"event_name":"Nest","floor":20,"gold_loss":0}],"is_beta":false,"boss_relics":[{"not_picked":["Fusion Hammer","Lizard Tail"],"picked":"White Beast Statue"}],"items_purged_floors":[13],"is_endless":false,"potions_floor_spawned":[4,11,16,18,19],"killed_by":"Snake Plant","ascension_level":11}