{"gold_per_floor":[114,129,144,144,31,31,46,61,111,141,141,156,156,156,156,256,256,271,321,321,336,351,351,381,396,396,411,26,26],"floor_reached":29,"playtime":1188,"items_purged":[],"score":272,"play_id":"41d2e9b4-e303-4199-9ece-fba1b348a94b","local_time":"20180926211328","daily_mods":["Allstar","Uncertain Future","Lethality"],"is_ascension_mode":false,"campfire_choices":[{"data":"White Noise","floor":6,"key":"SMITH"},{"floor":11,"key":"REST"},{"data":"Madness","floor":15,"key":"SMITH"},{"data":"Jack Of All Trades","floor":23,"key":"SMITH"}],"neow_cost":"","seed_source_timestamp":0,"circlet_count":0,"master_deck":["Strike_B+1","Strike_B+1","Strike_B+1","Strike_B+1","Defend_B+1","Defend_B+1","Defend_B+1","Defend_B+1","Zap","Dualcast","PanicButton","Swift Strike","Jack Of All Trades+1","The Bomb","Madness+1","Hologram","White Noise+1","Compile Driver","Darkness","Self Repair","Barrage","Self Repair","Redo","FTL","Electrodynamics","Leap+1","Conserve Battery+1","Auto Shields+1","White Noise+1","Sunder","Turbo","Barrage","BootSequence","Conserve Battery","Static Discharge"],"special_seed":17801,"relics":["Cracked Core","Anchor","Regal Pillow","WarpedTongs","Black Star","Blood Vial","Pen Nib","Shovel","Art of War"],"potions_floor_usage":[3,10,10,18,24,27],"damage_taken":[{"damage":0,"enemies":"2 Louse","floor":1,"turns":1},{"damage":1,"enemies":"Cultist","floor":2,"turns":3},{"damage":5,"enemies":"Jaw Worm","floor":3,"turns":3},{"damage":13,"enemies":"Looter","floor":7,"turns":3},{"damage":11,"enemies":"Red Slaver","floor":8,"turns":3},{"damage":21,"enemies":"3 Sentries","floor":10,"turns":8},{"damage":0,"enemies":"2 Fungi Beasts","floor":12,"turns":1},{"damage":52,"enemies":"The Guardian","floor":16,"turns":8},{"damage":0,"enemies":"2 Thieves","floor":18,"turns":3},{"damage":14,"enemies":"Shell Parasite","floor":21,"turns":5},{"damage":8,"enemies":"Shelled Parasite and Fungi","floor":22,"turns":5},{"damage":49,"enemies":"Slavers","floor":24,"turns":3},{"damage":34,"enemies":"Snecko","floor":25,"turns":5},{"damage":12,"enemies":"Snake Plant","floor":27,"turns":3},{"damage":39,"enemies":"3 Cultists","floor":29,"turns":4}],"seed_played":"-5863381733931304207","potions_obtained":[{"floor":2,"key":"EssenceOfSteel"},{"floor":3,"key":"Ancient Potion"},{"floor":8,"key":"EssenceOfSteel"},{"floor":16,"key":"AttackPotion"},{"floor":22,"key":"Weak Potion"},{"floor":25,"key":"Poison Potion"}],"is_trial":false,"path_per_floor":["M","M","M","?","$","R","M","M","T","E","R","M","?","?","R","B",null,"M","?","?","M","M","R","E","M","T","M","$"],"character_chosen":"DEFECT","items_purchased":["Darkness","Self Repair","Art of War","Barrage","BootSequence","Conserve Battery","Static Discharge"],"campfire_rested":1,"item_purchase_floors":[5,5,28,28,28,28,28],"current_hp_per_floor":[75,74,69,69,69,69,63,52,52,45,75,75,75,75,75,30,75,75,75,75,75,75,75,33,21,21,25,25,0],"gold":26,"neow_bonus":"","is_prod":false,"is_daily":true,"chose_seed":false,"campfire_upgraded":3,"win_rate":0,"timestamp":1538010808,"path_taken":["M","M","M","?","$","R","M","M","T","E","R","M","?","?","R","BOSS","M","?","?","M","M","R","E","M","T","M","$","M"],"build_version":"2018-09-20","purchased_purges":0,"victory":false,"max_hp_per_floor":[75,75,75,75,75,75,75,75,75,75,75,75,75,75,75,75,75,75,75,75,75,75,75,75,75,75,75,75,75],"card_choices":[{"not_picked":["Barrage","Storm"],"picked":"Hologram","floor":1},{"not_picked":["Aggregate","Cold Snap"],"picked":"White Noise","floor":2},{"not_picked":["Hologram","Storm"],"picked":"Compile Driver","floor":3},{"not_picked":["Skim","Scrape"],"picked":"Barrage","floor":7},{"not_picked":["Recycle","Beam Cell"],"picked":"Self Repair","floor":8},{"not_picked":["Coolheaded","Undo"],"picked":"Redo","floor":10},{"not_picked":["Redo","Turbo"],"picked":"FTL","floor":12},{"not_picked":["Rainbow","Creative AI"],"picked":"Electrodynamics","floor":16},{"not_picked":["Turbo","Lockon+1"],"picked":"Leap+1","floor":18},{"not_picked":["Darkness+1","Turbo"],"picked":"Conserve Battery+1","floor":21},{"not_picked":["Beam Cell+1","Darkness"],"picked":"Auto Shields+1","floor":22},{"not_picked":["Cold Snap","Gash"],"picked":"White Noise+1","floor":24},{"not_picked":["Coolheaded+1","Turbo"],"picked":"Sunder","floor":25},{"not_picked":["Steam","Barrage+1"],"picked":"Turbo","floor":27}],"player_experience":188963,"relics_obtained":[{"floor":9,"key":"Anchor"},{"floor":10,"key":"Regal Pillow"},{"floor":24,"key":"Blood Vial"},{"floor":24,"key":"Pen Nib"},{"floor":26,"key":"Shovel"}],"event_choices":[{"event_name":"Golden Wing","player_choice":"Ignored","floor":4,"damage_taken":0},{"event_name":"Accursed Blacksmith","player_choice":"Rummage","floor":13,"damage_taken":0},{"event_name":"Living Wall","player_choice":"Forget","floor":14,"damage_taken":0},{"event_name":"The Joust","player_choice":"Bet on Murderer","floor":19,"damage_taken":0},{"event_name":"Back to Basics","player_choice":"Simplicity","floor":20,"damage_taken":0}],"is_beta":false,"boss_relics":[{"not_picked":["Eternal Feather","Snecko Eye"],"picked":"Black Star"}],"items_purged_floors":[],"is_endless":false,"potions_floor_spawned":[2,3,8,16,22,25],"killed_by":"3 Cultists","ascension_level":0}