{"gold_per_floor":[115,67,84,84,84,84,9,9,9,9,24,39,58,58,58,183,183,203,128,76,97,97,97,24,24,50,50,63,75,174,194,194,295,345,365,61,73,19,19,50,50,50,50,50,0,0,0,12,12,12],"floor_reached":50,"playtime":2632,"items_purged":["Strike_R","Infernal Blade","Dual Wield"],"score":625,"play_id":"cec7f9f5-9e1a-4542-95de-03bf811dd581","local_time":"20181105035647","is_ascension_mode":true,"campfire_choices":[{"data":"Blood for Blood","floor":6,"key":"SMITH"},{"data":"True Grit","floor":8,"key":"SMITH"},{"data":"Offering","floor":10,"key":"SMITH"},{"data":"Bash","floor":15,"key":"SMITH"},{"data":"Armaments","floor":23,"key":"SMITH"},{"data":"Demon Form","floor":25,"key":"SMITH"},{"data":"Havoc","floor":27,"key":"SMITH"},{"floor":32,"key":"REST"},{"floor":41,"key":"REST"},{"data":"True Grit","floor":46,"key":"SMITH"},{"floor":49,"key":"REST"}],"neow_cost":"NONE","seed_source_timestamp":44289833981888,"circlet_count":0,"master_deck":["Bash+1","Offering+1","True Grit+1","Shrug It Off","Blood for Blood+1","Headbutt","Demon Form+1","Warcry","Headbutt","Iron Wave","Thunderclap","Havoc+1","Armaments+1","Seeing Red+1","Rage+1","Flex+1","Clothesline","Heavy Blade+1","Fiend Fire","Pommel Strike","True Grit+1","Dark Shackles","Warcry+1","Pummel"],"relics":["Burning Blood","Bloody Idol","Self Forming Clay","Pandora\u0027s Box","Juzu Bracelet","Tiny House","Brimstone","Gambling Chip","Smiling Mask","Red Mask"],"potions_floor_usage":[28,29,33,34,40,50],"damage_taken":[{"damage":8,"enemies":"2 Louse","floor":1,"turns":3},{"damage":9,"enemies":"Small Slimes","floor":3,"turns":4},{"damage":6,"enemies":"Jaw Worm","floor":11,"turns":2},{"damage":6,"enemies":"3 Louse","floor":12,"turns":3},{"damage":6,"enemies":"Blue Slaver","floor":13,"turns":2},{"damage":20,"enemies":"The Guardian","floor":16,"turns":10},{"damage":15,"enemies":"Shell Parasite","floor":18,"turns":5},{"damage":12,"enemies":"Spheric Guardian","floor":21,"turns":3},{"damage":22,"enemies":"Centurion and Healer","floor":28,"turns":2},{"damage":24,"enemies":"Snake Plant","floor":29,"turns":3},{"damage":7,"enemies":"Cultist and Chosen","floor":31,"turns":4},{"damage":29,"enemies":"Champ","floor":33,"turns":10},{"damage":17,"enemies":"Orb Walker","floor":35,"turns":3},{"damage":42,"enemies":"3 Darklings","floor":37,"turns":5},{"damage":24,"enemies":"Giant Head","floor":40,"turns":6},{"damage":18,"enemies":"Writhing Mass","floor":48,"turns":4},{"damage":84,"enemies":"Time Eater","floor":50,"turns":5}],"seed_played":"-2108581052785809450","potions_obtained":[{"floor":3,"key":"SkillPotion"},{"floor":12,"key":"SteroidPotion"},{"floor":16,"key":"Ancient Potion"},{"floor":18,"key":"PowerPotion"},{"floor":28,"key":"Poison Potion"},{"floor":29,"key":"Fruit Juice"},{"floor":34,"key":"Fruit Juice"},{"floor":37,"key":"SpeedPotion"},{"floor":40,"key":"Fire Potion"}],"is_trial":false,"path_per_floor":["M","$","M","?","?","R","$","R","T","R","M","M","M","$","R","B",null,"M","?","$","M","?","R","$","R","T","R","M","M","?","M","R","B",null,"M","$","M","$","?","E","R","?","T","?","$","R","?","M","R","B"],"character_chosen":"IRONCLAD","items_purchased":["Shrug It Off","Armaments","Rage","Brimstone","True Grit"],"campfire_rested":3,"item_purchase_floors":[2,20,24,36,38],"current_hp_per_floor":[70,70,67,60,60,60,60,60,60,60,60,60,60,60,60,46,67,58,58,58,52,52,52,52,52,57,57,46,38,43,47,70,52,84,78,78,47,47,47,34,60,60,60,52,52,52,52,45,71,0],"gold":12,"neow_bonus":"ONE_RANDOM_RARE_CARD","is_prod":false,"is_daily":false,"chose_seed":false,"campfire_upgraded":8,"win_rate":0,"timestamp":1541401007,"path_taken":["M","$","M","?","?","R","?","R","T","R","M","M","M","$","R","BOSS","M","?","$","M","?","R","?","R","T","R","M","M","?","M","R","BOSS","M","$","M","$","?","E","R","?","T","?","?","R","?","M","R","BOSS"],"build_version":"2018-11-01","purchased_purges":3,"victory":false,"max_hp_per_floor":[80,80,80,80,74,74,74,74,74,74,74,74,74,74,74,74,74,74,74,74,74,74,74,74,74,74,74,74,79,79,79,79,79,89,89,89,89,89,89,89,89,89,89,89,89,89,89,89,89,89],"card_choices":[{"not_picked":["Warcry","Reckless Charge"],"picked":"True Grit","floor":1},{"not_picked":["Clash","Whirlwind"],"picked":"Blood for Blood","floor":3},{"not_picked":["Fire Breathing","Sever Soul","Wild Strike"],"picked":"SKIP","floor":11},{"not_picked":["Pommel Strike","Sword Boomerang"],"picked":"Headbutt","floor":12},{"not_picked":["Havoc","Clash","Fire Breathing"],"picked":"SKIP","floor":13},{"not_picked":["Bludgeon","Immolate"],"picked":"Demon Form","floor":16},{"not_picked":["Clothesline+1","Iron Wave"],"picked":"Havoc","floor":18},{"not_picked":["Dropkick","Pummel"],"picked":"Seeing Red+1","floor":21},{"not_picked":["Havoc","Cleave"],"picked":"Flex+1","floor":28},{"not_picked":["Cleave+1","Second Wind"],"picked":"Clothesline","floor":29},{"not_picked":["Hemokinesis+1","Second Wind+1"],"picked":"Heavy Blade","floor":31},{"not_picked":["Exhume","Impervious"],"picked":"Fiend Fire","floor":33},{"not_picked":["Warcry","Rampage+1"],"picked":"Pommel Strike","floor":34},{"not_picked":["Thunderclap+1","Havoc","Anger+1"],"picked":"SKIP","floor":35},{"not_picked":["Iron Wave+1","Heavy Blade","Body Slam"],"picked":"SKIP","floor":37},{"not_picked":["Chrysalis","Apotheosis"],"picked":"Dark Shackles","floor":39},{"not_picked":["Havoc","Iron Wave"],"picked":"Warcry+1","floor":40},{"not_picked":["Sever Soul","Clothesline"],"picked":"Pummel","floor":48}],"player_experience":286638,"relics_obtained":[{"floor":9,"key":"Self Forming Clay"},{"floor":26,"key":"Juzu Bracelet"},{"floor":40,"key":"Gambling Chip"},{"floor":43,"key":"Smiling Mask"}],"event_choices":[{"cards_removed":["Defend_R"],"damage_healed":0,"gold_gain":0,"player_choice":"Card Removal","damage_taken":7,"max_hp_gain":0,"max_hp_loss":0,"event_name":"Golden Wing","floor":4,"gold_loss":0},{"damage_healed":0,"gold_gain":0,"player_choice":"Lose Max HP","damage_taken":0,"relics_obtained":["Golden Idol"],"max_hp_gain":0,"max_hp_loss":6,"event_name":"Golden Idol","floor":5,"gold_loss":0},{"cards_removed":["Wild Strike"],"damage_healed":0,"gold_gain":0,"player_choice":"Gave Gold","damage_taken":0,"max_hp_gain":0,"max_hp_loss":0,"event_name":"Beggar","floor":19,"gold_loss":75},{"damage_healed":0,"gold_gain":0,"player_choice":"Gave Idol","damage_taken":0,"relics_obtained":["Bloody Idol"],"max_hp_gain":0,"max_hp_loss":0,"event_name":"Forgotten Altar","floor":22,"relics_lost":["Golden Idol"],"gold_loss":0},{"damage_healed":0,"gold_gain":99,"player_choice":"Stole From Cult","damage_taken":0,"max_hp_gain":0,"max_hp_loss":0,"event_name":"Nest","floor":30,"gold_loss":0},{"damage_healed":0,"gold_gain":0,"player_choice":"Memory 1","damage_taken":0,"max_hp_gain":0,"max_hp_loss":0,"event_name":"SensoryStone","floor":39,"gold_loss":0},{"damage_healed":0,"gold_gain":0,"player_choice":"Upgraded","damage_taken":0,"max_hp_gain":0,"max_hp_loss":0,"event_name":"Upgrade Shrine","floor":42,"gold_loss":0,"cards_upgraded":["Rage"]},{"damage_healed":0,"gold_gain":0,"player_choice":"Damaged","damage_taken":8,"max_hp_gain":0,"max_hp_loss":0,"event_name":"Wheel of Change","floor":44,"gold_loss":0},{"damage_healed":0,"gold_gain":0,"player_choice":"Paid","damage_taken":0,"relics_obtained":["Red Mask"],"max_hp_gain":0,"max_hp_loss":0,"event_name":"Tomb of Lord Red Mask","floor":47,"gold_loss":0}],"is_beta":false,"boss_relics":[{"not_picked":["Lizard Tail","Fusion Hammer"],"picked":"Pandora\u0027s Box"},{"not_picked":["Runic Cube","Philosopher\u0027s Stone"],"picked":"Tiny House"}],"items_purged_floors":[7,36,45],"is_endless":false,"potions_floor_spawned":[3,12,16,18,28,29,37,40],"killed_by":"Time Eater","ascension_level":6}