{"gold_per_floor":[114,114,129,57,57,87,87,102,102,102,177,192,192,222,222,322,322,337,337,37,37],"floor_reached":21,"playtime":591,"items_purged":[],"score":235,"play_id":"1abcfdd4-98ac-47f3-830c-1872f1c80a34","local_time":"20181207171251","daily_mods":["Allstar","ControlledChaos","Lethality"],"is_ascension_mode":false,"campfire_choices":[{"data":"Mayhem","floor":7,"key":"SMITH"},{"floor":15,"key":"REST"}],"neow_cost":"","seed_source_timestamp":0,"circlet_count":0,"master_deck":["Strike_B","Strike_B","Strike_B","Strike_B","Defend_B","Defend_B","Defend_B","Defend_B","Zap","Dualcast","Violence+1","Impatience","Mayhem+1","Panacea","Enlightenment","Gash","Compile Driver","Defragment","Double Energy","Leap","Parasite","Recycle","Gash","Seek","Leap+1"],"special_seed":17872,"relics":["Cracked Core","Frozen Eye","Pear","Mummified Hand","Smiling Mask","Turnip","Regal Pillow","Black Star","Prayer Wheel"],"potions_floor_usage":[14,14,18,21],"damage_taken":[{"damage":18,"enemies":"Small Slimes","floor":1,"turns":2},{"damage":4,"enemies":"Cultist","floor":3,"turns":3},{"damage":7,"enemies":"3 Sentries","floor":6,"turns":2},{"damage":13,"enemies":"2 Louse","floor":8,"turns":3},{"damage":4,"enemies":"2 Fungi Beasts","floor":12,"turns":3},{"damage":2,"enemies":"Gremlin Nob","floor":14,"turns":3},{"damage":0,"enemies":"Slime Boss","floor":16,"turns":6},{"damage":74,"enemies":"3 Byrds","floor":18,"turns":4},{"damage":22,"enemies":"Shell Parasite","floor":21,"turns":2}],"seed_played":"-1452955457845597649","potions_obtained":[{"floor":8,"key":"Ancient Potion"},{"floor":12,"key":"LiquidBronze"},{"floor":14,"key":"Dexterity Potion"},{"floor":18,"key":"Regen Potion"}],"is_trial":false,"path_per_floor":["M","?","M","$","T","E","R","M","T","?","?","M","?","E","R","B",null,"M","?","$","M"],"character_chosen":"DEFECT","items_purchased":["Defragment","Prayer Wheel"],"campfire_rested":1,"item_purchase_floors":[4,20],"current_hp_per_floor":[57,57,53,53,63,56,56,43,43,64,53,49,31,29,69,69,85,11,11,11,0],"gold":37,"neow_bonus":"","is_prod":false,"is_daily":true,"chose_seed":false,"campfire_upgraded":1,"win_rate":0,"timestamp":1544220771,"path_taken":["M","?","M","$","?","E","R","M","T","?","?","?","?","E","R","BOSS","M","?","$","M"],"build_version":"2018-12-06","purchased_purges":0,"victory":false,"max_hp_per_floor":[75,75,75,75,85,85,85,85,85,85,85,85,85,85,85,85,85,85,85,85,85],"card_choices":[{"not_picked":["Cold Snap","Redo"],"picked":"Gash","floor":1},{"not_picked":["Sweeping Beam","Force Field"],"picked":"Compile Driver","floor":3},{"not_picked":["Consume","Steam"],"picked":"Double Energy","floor":6},{"not_picked":["Reinforced Body","Thunder Strike"],"picked":"Leap","floor":8},{"not_picked":["Reprogram","Cold Snap"],"picked":"Recycle","floor":12},{"not_picked":["Stack","Chill"],"picked":"Gash","floor":14},{"not_picked":["Buffer","All For One"],"picked":"Seek","floor":16},{"not_picked":["Hologram","Gash"],"picked":"Leap+1","floor":18}],"player_experience":254722,"relics_obtained":[{"floor":5,"key":"Pear"},{"floor":6,"key":"Mummified Hand"},{"floor":9,"key":"Smiling Mask"},{"floor":14,"key":"Regal Pillow"}],"event_choices":[{"damage_healed":0,"gold_gain":0,"player_choice":"Upgraded","damage_taken":0,"max_hp_gain":0,"max_hp_loss":0,"event_name":"Upgrade Shrine","floor":2,"gold_loss":0,"cards_upgraded":["Violence"]},{"damage_healed":21,"gold_gain":0,"player_choice":"Healed and dodged fight","damage_taken":0,"max_hp_gain":0,"max_hp_loss":0,"event_name":"Mushrooms","floor":10,"gold_loss":0,"cards_obtained":["Parasite"]},{"damage_healed":0,"gold_gain":75,"player_choice":"Gather Gold","damage_taken":11,"max_hp_gain":0,"max_hp_loss":0,"event_name":"World of Goop","floor":11,"gold_loss":0},{"damage_healed":0,"gold_gain":0,"player_choice":"Success","damage_taken":18,"relics_obtained":["Turnip"],"max_hp_gain":0,"max_hp_loss":0,"event_name":"Scrap Ooze","floor":13,"gold_loss":0},{"damage_healed":0,"gold_gain":0,"player_choice":"Ignored","damage_taken":0,"max_hp_gain":0,"max_hp_loss":0,"event_name":"Ghosts","floor":19,"gold_loss":0}],"is_beta":false,"boss_relics":[{"not_picked":["Sozu","Coffee Dripper"],"picked":"Black Star"}],"items_purged_floors":[],"is_endless":false,"potions_floor_spawned":[8,12,14,18],"killed_by":"Shell Parasite","ascension_level":0}