{"gold_per_floor":[18,18,18,18,37,69,69,85,110,83,83,83,117,129,129,224,224,236,250,99,99,99,116,116],"floor_reached":24,"playtime":841,"items_purged":[],"score":304,"play_id":"49ece6af-96fe-4c10-93f1-3c7ab9205f87","local_time":"20180914231415","is_ascension_mode":false,"campfire_choices":[{"floor":7,"key":"REST"},{"floor":11,"key":"REST"},{"floor":15,"key":"REST"}],"neow_cost":"NO_GOLD","seed_source_timestamp":33642681557851,"circlet_count":0,"master_deck":["Strike_B","Strike_B","Strike_B+1","Strike_B","Defend_B","Defend_B","Defend_B","Defend_B","Zap","Dualcast","Loop","Regret","Sweeping Beam","Defragment+1","Storm+1","Conserve Battery","Pain","Fission","Doom and Gloom","Echo Form+1","Pain","Decay","Normality","Steam","FTL","Melter","Storm+1","Force Field"],"relics":["Cracked Core","Torii","Happy Flower","Frozen Egg 2","Bag of Marbles","Anchor","WarpedTongs","The Courier","Calling Bell","Pen Nib","Darkstone Periapt","Dead Branch","Blood Vial"],"potions_floor_usage":[6,6,19],"damage_taken":[{"damage":1,"enemies":"Jaw Worm","floor":1,"turns":3},{"damage":10,"enemies":"Small Slimes","floor":5,"turns":3},{"damage":21,"enemies":"Gremlin Nob","floor":6,"turns":4},{"damage":3,"enemies":"2 Louse","floor":8,"turns":3},{"damage":6,"enemies":"3 Sentries","floor":13,"turns":4},{"damage":12,"enemies":"Large Slime","floor":14,"turns":5},{"damage":48,"enemies":"The Guardian","floor":16,"turns":7},{"damage":28,"enemies":"2 Thieves","floor":18,"turns":4},{"damage":12,"enemies":"3 Byrds","floor":19,"turns":3},{"damage":31,"enemies":"Centurion and Healer","floor":23,"turns":6},{"damage":19,"enemies":"Gremlin Leader","floor":24,"turns":2}],"seed_played":"-8639656708409914592","potions_obtained":[{"floor":1,"key":"Regen Potion"},{"floor":5,"key":"Block Potion"},{"floor":13,"key":"Dexterity Potion"},{"floor":18,"key":"SkillPotion"}],"is_trial":false,"path_per_floor":["M","?","?","?","M","E","R","M","T","$","R","?","E","M","R","B",null,"M","M","$","?","?","M"],"character_chosen":"DEFECT","items_purchased":["Conserve Battery","Blood Vial","Melter"],"campfire_rested":3,"item_purchase_floors":[10,20,20],"current_hp_per_floor":[74,41,41,41,31,22,44,41,41,41,63,63,57,45,67,19,75,47,42,42,42,42,13,0],"gold":116,"neow_bonus":"ONE_RARE_RELIC","is_prod":false,"is_daily":false,"chose_seed":false,"campfire_upgraded":0,"win_rate":0.0,"timestamp":1536981255,"path_taken":["M","?","?","?","M","E","R","?","T","?","R","?","E","M","R","BOSS","M","M","$","?","?","M","E"],"build_version":"2018-09-06","purchased_purges":0,"victory":false,"max_hp_per_floor":[75,75,75,75,75,75,75,75,75,75,75,75,75,75,75,75,75,75,75,75,75,75,75,75],"card_choices":[{"not_picked":["Redo","Scrape"],"picked":"Loop","floor":1},{"not_picked":["Blizzard","Go for the Eyes"],"picked":"Sweeping Beam","floor":5},{"not_picked":["Steam","Redo"],"picked":"Defragment+1","floor":6},{"not_picked":["Steam","Sweeping Beam"],"picked":"Storm+1","floor":8},{"not_picked":["Rebound","Cold Snap"],"picked":"Fission","floor":13},{"not_picked":["Go for the Eyes","Beam Cell"],"picked":"Doom and Gloom","floor":14},{"not_picked":["Biased Cognition+1","Meteor Strike"],"picked":"Echo Form+1","floor":16},{"not_picked":["Redo","Sweeping Beam"],"picked":"Steam","floor":18},{"not_picked":["Rip and Tear","Redo"],"picked":"FTL","floor":19},{"not_picked":["Compile Driver","Tempest"],"picked":"Force Field","floor":23}],"player_experience":99288,"relics_obtained":[{"floor":6,"key":"Bag of Marbles"},{"floor":9,"key":"Anchor"},{"floor":13,"key":"The Courier"},{"floor":17,"key":"Pen Nib"},{"floor":17,"key":"Darkstone Periapt"},{"floor":17,"key":"Dead Branch"}],"event_choices":[{"event_name":"Scrap Ooze","player_choice":"success","floor":2,"damage_taken":33},{"event_name":"Living Wall","player_choice":"Grow","floor":3,"damage_taken":0},{"event_name":"Big Fish","player_choice":"Box","floor":4,"damage_taken":0},{"event_name":"Accursed Blacksmith","player_choice":"Rummage","floor":12,"damage_taken":0},{"event_name":"Ghosts","player_choice":"Ignored","floor":21,"damage_taken":0},{"event_name":"Duplicator","player_choice":"One dupe","floor":22,"damage_taken":0}],"is_beta":false,"boss_relics":[{"not_picked":["Eternal Feather","Runic Pyramid"],"picked":"Calling Bell"}],"items_purged_floors":[],"is_endless":false,"potions_floor_spawned":[1,5,13,18],"killed_by":"Gremlin Leader","ascension_level":0}