{"gold_per_floor":[119,139,151,151,166,166,179,179,179,2,2,12,12,12,12,83,83,59,59,76,76],"floor_reached":21,"playtime":1797,"items_purged":[],"score":342,"play_id":"7c896418-e1c5-4a05-a334-46f10d343485","local_time":"20190103131349","is_ascension_mode":true,"campfire_choices":[{"data":"Bouncing Flask","floor":6,"key":"SMITH"},{"data":"Catalyst","floor":8,"key":"SMITH"},{"floor":15,"key":"REST"}],"neow_cost":"NONE","seed_source_timestamp":3093820671131,"circlet_count":0,"master_deck":["AscendersBane","Defend_G","Defend_G","Defend_G","Defend_G","Defend_G","Strike_G","Strike_G","Strike_G","Strike_G","Survivor","Neutralize","Blind","Catalyst+1","Poisoned Stab","Poisoned Stab","Bouncing Flask+1","Footwork","Good Instincts","Wraith Form v2","Catalyst+1","Dash"],"relics":["Ring of the Snake","Sundial","Velvet Choker"],"potions_floor_usage":[7],"damage_taken":[{"damage":12,"enemies":"Small Slimes","floor":1,"turns":6},{"damage":3,"enemies":"Cultist","floor":2,"turns":5},{"damage":3,"enemies":"Jaw Worm","floor":3,"turns":4},{"damage":11,"enemies":"Exordium Wildlife","floor":5,"turns":6},{"damage":5,"enemies":"Exordium Thugs","floor":7,"turns":4},{"damage":4,"enemies":"Looter","floor":12,"turns":3},{"damage":2,"enemies":"The Guardian","floor":16,"turns":7},{"damage":20,"enemies":"2 Thieves","floor":18,"turns":5},{"damage":18,"enemies":"3 Byrds","floor":20,"turns":5},{"damage":19,"enemies":"Centurion and Healer","floor":21,"turns":2}],"seed_played":"8940044299550369666","potions_obtained":[{"floor":2,"key":"SteroidPotion"},{"floor":3,"key":"Ancient Potion"}],"is_trial":false,"path_per_floor":["M","M","M","?","M","R","M","R","T","$","$","M","?","$","R","B",null,"M","?","M","M"],"character_chosen":"THE_SILENT","items_purchased":["Footwork","Good Instincts"],"campfire_rested":1,"item_purchase_floors":[10,10],"current_hp_per_floor":[47,44,41,41,30,30,25,25,25,25,25,21,21,21,40,38,59,39,33,15,0],"gold":76,"neow_bonus":"RANDOM_COLORLESS","is_prod":false,"is_daily":false,"chose_seed":false,"campfire_upgraded":2,"win_rate":0,"timestamp":1546532029,"path_taken":["M","M","M","?","M","R","M","R","T","?","$","M","?","$","R","BOSS","M","?","M","M"],"build_version":"2018-12-20","purchased_purges":0,"victory":false,"max_hp_per_floor":[66,66,66,66,66,66,66,66,66,66,66,66,66,66,66,66,66,66,66,66,66],"card_choices":[{"not_picked":["Cloak And Dagger","Deflect"],"picked":"Catalyst","floor":1},{"not_picked":["Outmaneuver","Leg Sweep"],"picked":"Poisoned Stab","floor":2},{"not_picked":["Masterful Stab","Acrobatics","Dodge and Roll"],"picked":"SKIP","floor":3},{"not_picked":["Leg Sweep","Dodge and Roll"],"picked":"Bouncing Flask","floor":5},{"not_picked":["Caltrops","Poisoned Stab","Phantasmal Killer"],"picked":"SKIP","floor":7},{"not_picked":["Skewer","Blade Dance","Slice"],"picked":"SKIP","floor":12},{"not_picked":["Glass Knife","A Thousand Cuts"],"picked":"Wraith Form v2","floor":16},{"not_picked":["PiercingWail","Heel Hook"],"picked":"Catalyst+1","floor":18},{"not_picked":["Distraction","Deflect"],"picked":"Dash","floor":20}],"player_experience":676507,"relics_obtained":[{"floor":9,"key":"Sundial"}],"event_choices":[{"damage_healed":0,"gold_gain":0,"cards_transformed":["Strike_G"],"player_choice":"Transformed","damage_taken":0,"max_hp_gain":0,"max_hp_loss":0,"event_name":"Transmorgrifier","floor":4,"gold_loss":0,"cards_obtained":["Poisoned Stab"]},{"damage_healed":0,"gold_gain":0,"player_choice":"Ignored","damage_taken":0,"max_hp_gain":0,"max_hp_loss":0,"event_name":"Golden Idol","floor":13,"gold_loss":0},{"damage_healed":0,"gold_gain":0,"player_choice":"","damage_taken":6,"max_hp_gain":0,"max_hp_loss":0,"event_name":"Knowing Skull","floor":19,"potions_obtained":[],"gold_loss":0,"cards_obtained":[]}],"is_beta":false,"boss_relics":[{"not_picked":["Empty Cage","Orrery"],"picked":"Velvet Choker"}],"items_purged_floors":[],"is_endless":false,"potions_floor_spawned":[2,3],"killed_by":"Centurion and Healer","ascension_level":20}