{"gold_per_floor":[110,126,136,155,169,169,169,169,215,44,117,131,163,163,163,260,260,271,14,24,36,55,55,29,29,52,67,67,67,79,97,97,192,192,204,204,223,19,33,66,66,80,80,80,91,91],"floor_reached":46,"playtime":6354,"items_purged":["Regret"],"score":581,"play_id":"1786faf0-61d5-42a3-9844-670a00432042","local_time":"20190616172632","is_ascension_mode":false,"campfire_choices":[{"data":"Pommel Strike","floor":6,"key":"SMITH"},{"floor":15,"key":"REST"},{"data":"Barricade","floor":23,"key":"SMITH"},{"data":"Apotheosis","floor":25,"key":"SMITH"},{"floor":32,"key":"REST"},{"floor":41,"key":"REST"},{"floor":44,"key":"REST"}],"neow_cost":"NONE","seed_source_timestamp":12823710670000,"circlet_count":0,"master_deck":["Strike_R","Strike_R","Strike_R","Strike_R+1","Strike_R","Defend_R","Defend_R","Defend_R","Defend_R","Bash","Pommel Strike+1","Shrug It Off+1","Rampage","Impervious","Cleave","Whirlwind","Flame Barrier","Barricade+1","Injury","Normality","Rampage","Uppercut","Apotheosis+1","Rage","Shrug It Off+1","Fire Breathing","Entrench","Armaments","Barricade","Shockwave","Shame","Thunderclap+1","Battle Trance+1","Immolate","Evolve","Blood for Blood","Second Wind+1","Shrug It Off+1","Shrug It Off","Blood for Blood+1"],"relics":["Black Blood","Meat on the Bone","Ancient Tea Set","Happy Flower","Bottled Lightning","Potion Belt","Calling Bell","Regal Pillow","Mercury Hourglass","Prayer Wheel","Centennial Puzzle","Unceasing Top","Girya","Lee\u0027s Waffle","Boot","Dodecahedron"],"potions_floor_usage":[16,21,33,33,37,39,39,42,45,46],"damage_taken":[{"damage":12,"enemies":"Cultist","floor":1,"turns":5},{"damage":1,"enemies":"Jaw Worm","floor":2,"turns":4},{"damage":8,"enemies":"Small Slimes","floor":3,"turns":3},{"damage":2,"enemies":"Looter","floor":4,"turns":4},{"damage":0,"enemies":"Exordium Wildlife","floor":5,"turns":3},{"damage":12,"enemies":"Gremlin Gang","floor":12,"turns":4},{"damage":13,"enemies":"Lagavulin","floor":13,"turns":5},{"damage":70,"enemies":"Hexaghost","floor":16,"turns":13},{"damage":13,"enemies":"Chosen","floor":18,"turns":7},{"damage":20,"enemies":"3 Byrds","floor":20,"turns":4},{"damage":23,"enemies":"Centurion and Healer","floor":21,"turns":8},{"damage":8,"enemies":"Snecko","floor":22,"turns":6},{"damage":0,"enemies":"Cultist and Chosen","floor":27,"turns":6},{"damage":16,"enemies":"Snake Plant","floor":30,"turns":6},{"damage":22,"enemies":"Snecko","floor":31,"turns":6},{"damage":0,"enemies":"Champ","floor":33,"turns":16},{"damage":22,"enemies":"Orb Walker","floor":35,"turns":6},{"damage":25,"enemies":"3 Shapes","floor":37,"turns":6},{"damage":42,"enemies":"Sphere and 2 Shapes","floor":39,"turns":6},{"damage":35,"enemies":"Nemesis","floor":40,"turns":11},{"damage":52,"enemies":"Maw","floor":42,"turns":13},{"damage":27,"enemies":"3 Darklings","floor":45,"turns":5},{"damage":88,"enemies":"Transient","floor":46,"turns":5}],"seed_played":"-6332949308081501705","potions_obtained":[{"floor":2,"key":"FearPotion"},{"floor":5,"key":"BloodPotion"},{"floor":13,"key":"Swift Potion"},{"floor":14,"key":"Explosive Potion"},{"floor":14,"key":"Explosive Potion"},{"floor":21,"key":"Energy Potion"},{"floor":31,"key":"SpeedPotion"},{"floor":33,"key":"SneckoOil"},{"floor":37,"key":"PowerPotion"},{"floor":39,"key":"LiquidBronze"},{"floor":40,"key":"Fire Potion"}],"is_trial":false,"path_per_floor":["M","M","M","M","M","R","?","?","T","$","T","M","E","?","R","B",null,"M","$","M","M","M","R","$","R","T","M","?","?","M","M","R","B",null,"M","?","M","$","M","E","R","M","T","R","M","M"],"character_chosen":"IRONCLAD","items_purchased":["Happy Flower","Cleave","Apotheosis","Armaments","Lee\u0027s Waffle"],"campfire_rested":4,"item_purchase_floors":[10,10,19,24,38],"current_hp_per_floor":[82,87,85,88,88,88,70,52,52,52,52,58,51,51,77,25,88,81,81,67,62,60,60,60,60,60,66,66,66,56,52,88,88,88,76,76,61,95,66,53,95,65,65,95,78,0],"gold":91,"neow_bonus":"TEN_PERCENT_HP_BONUS","is_prod":false,"is_daily":false,"chose_seed":false,"campfire_upgraded":3,"win_rate":0.0,"timestamp":1560669992,"path_taken":["M","?","M","M","M","R","?","?","T","$","?","?","E","?","R","BOSS","M","$","M","M","M","R","?","R","T","?","?","?","M","M","R","BOSS","M","?","?","$","M","E","R","M","T","R","M","M"],"build_version":"2019-01-23","purchased_purges":1,"victory":false,"max_hp_per_floor":[88,88,88,88,88,88,88,88,88,88,88,88,88,88,88,88,88,88,88,88,88,88,88,88,88,88,88,88,88,88,88,88,88,88,88,88,88,95,95,95,95,95,95,95,95,95],"card_choices":[{"not_picked":["Cleave","Heavy Blade"],"picked":"Pommel Strike","floor":1},{"not_picked":["Perfected Strike","True Grit","Clash"],"picked":"SKIP","floor":2},{"not_picked":["Second Wind","Heavy Blade"],"picked":"Shrug It Off","floor":3},{"not_picked":["Twin Strike","Anger"],"picked":"Rampage","floor":4},{"not_picked":["Twin Strike","Anger"],"picked":"Impervious","floor":5},{"not_picked":["Wild Strike","Headbutt"],"picked":"Whirlwind","floor":12},{"not_picked":["Perfected Strike","Wild Strike"],"picked":"Flame Barrier","floor":13},{"not_picked":["Offering","Reaper"],"picked":"Barricade","floor":16},{"not_picked":["Heavy Blade","Perfected Strike"],"picked":"Rampage","floor":18},{"not_picked":["Perfected Strike","Iron Wave+1"],"picked":"Uppercut","floor":18},{"not_picked":["Heavy Blade+1","Reckless Charge"],"picked":"Rage","floor":20},{"not_picked":["Iron Wave","Anger","Twin Strike+1"],"picked":"SKIP","floor":20},{"not_picked":["Wild Strike","Heavy Blade"],"picked":"Shrug It Off+1","floor":21},{"not_picked":["Feel No Pain","Second Wind","Wild Strike"],"picked":"SKIP","floor":21},{"not_picked":["Shockwave","Carnage"],"picked":"Fire Breathing","floor":22},{"not_picked":["Sentinel","Rage"],"picked":"Entrench","floor":22},{"not_picked":["Warcry+1","Shrug It Off"],"picked":"Barricade","floor":27},{"not_picked":["Intimidate","Flex"],"picked":"Shockwave","floor":27},{"not_picked":["Ghostly Armor","Flex+1"],"picked":"Thunderclap+1","floor":30},{"not_picked":["True Grit","Rupture","Rage"],"picked":"SKIP","floor":30},{"not_picked":["Shrug It Off","Flex+1"],"picked":"Battle Trance+1","floor":31},{"not_picked":["Reckless Charge","Clash","Heavy Blade"],"picked":"SKIP","floor":31},{"not_picked":["Barricade","Double Tap"],"picked":"Immolate","floor":33},{"not_picked":["Clothesline","Iron Wave"],"picked":"Evolve","floor":35},{"not_picked":["Inflame","Pommel Strike","Warcry"],"picked":"SKIP","floor":35},{"not_picked":["Spot Weakness+1","Clothesline+1"],"picked":"Blood for Blood","floor":37},{"not_picked":["Armaments+1","Clash+1"],"picked":"Second Wind+1","floor":37},{"not_picked":["Disarm","Shrug It Off","Pommel Strike"],"picked":"SKIP","floor":39},{"not_picked":["Flex+1","Anger","Inflame"],"picked":"SKIP","floor":39},{"not_picked":["Perfected Strike","Immolate"],"picked":"Shrug It Off+1","floor":40},{"not_picked":["Immolate","Rampage+1"],"picked":"Shrug It Off","floor":42},{"not_picked":["Cleave+1","True Grit+1","Warcry+1"],"picked":"SKIP","floor":42},{"not_picked":["Thunderclap","Evolve"],"picked":"Blood for Blood+1","floor":45},{"not_picked":["Sword Boomerang+1","Inflame+1","True Grit+1"],"picked":"SKIP","floor":45}],"player_experience":47994,"relics_obtained":[{"floor":9,"key":"Ancient Tea Set"},{"floor":11,"key":"Bottled Lightning"},{"floor":13,"key":"Potion Belt"},{"floor":17,"key":"Regal Pillow"},{"floor":17,"key":"Mercury Hourglass"},{"floor":17,"key":"Prayer Wheel"},{"floor":26,"key":"Centennial Puzzle"},{"floor":40,"key":"Boot"},{"floor":43,"key":"Dodecahedron"}],"event_choices":[{"damage_healed":0,"gold_gain":0,"player_choice":"Success","damage_taken":18,"relics_obtained":["Meat on the Bone"],"max_hp_gain":0,"max_hp_loss":0,"event_name":"Scrap Ooze","floor":7,"gold_loss":0},{"damage_healed":0,"gold_gain":0,"player_choice":"Entered Light","damage_taken":18,"max_hp_gain":0,"max_hp_loss":0,"event_name":"Shining Light","floor":8,"gold_loss":0,"cards_upgraded":["Shrug It Off","Strike_R"]},{"damage_healed":0,"gold_gain":0,"player_choice":"Got Potions","damage_taken":0,"max_hp_gain":0,"max_hp_loss":0,"event_name":"Lab","floor":14,"gold_loss":0},{"damage_healed":0,"gold_gain":0,"player_choice":"Stole Relic","damage_taken":0,"relics_obtained":["Unceasing Top"],"max_hp_gain":0,"max_hp_loss":0,"event_name":"Addict","floor":28,"gold_loss":0,"cards_obtained":["Shame"]},{"damage_healed":0,"gold_gain":0,"player_choice":"Ignored","damage_taken":0,"max_hp_gain":0,"max_hp_loss":0,"event_name":"Beggar","floor":29,"gold_loss":0},{"damage_healed":0,"gold_gain":0,"player_choice":"Gave Potion","damage_taken":0,"relics_obtained":["Girya"],"max_hp_gain":0,"max_hp_loss":0,"event_name":"WeMeetAgain","floor":36,"gold_loss":0}],"is_beta":false,"boss_relics":[{"not_picked":["Snecko Eye","Empty Cage"],"picked":"Calling Bell"},{"not_picked":["Sozu","Philosopher\u0027s Stone"],"picked":"Black Blood"}],"items_purged_floors":[19],"is_endless":false,"potions_floor_spawned":[2,5,13,21,31,33,37,39,40],"killed_by":"Transient","ascension_level":0}