{"gold_per_floor":[111,122,122,142,142,173,173,173,173,183,211,228,258,270,270,371,371,382,382],"floor_reached":19,"playtime":1259,"items_purged":[],"score":208,"play_id":"78749bae-f4d9-478e-a68a-2a3f5db4c88d","local_time":"20190329000412","is_ascension_mode":true,"campfire_choices":[{"data":"Redo","floor":7,"key":"SMITH"},{"floor":15,"key":"REST"}],"neow_cost":"NONE","seed_source_timestamp":1320570097907238,"circlet_count":0,"master_deck":["Strike_B","Strike_B","Strike_B+1","Defend_B","Defend_B","Defend_B","Defend_B","Zap","Dualcast","Thunder Strike","Skim+1","FTL","Chill+1","Redo+1","Reinforced Body","Conserve Battery","Compile Driver","Machine Learning","Self Repair","Core Surge","Coolheaded+1"],"relics":["Cracked Core","Ancient Tea Set","Pantograph","Anchor","Orichalcum","Inserter"],"potions_floor_usage":[6,6,11,19],"damage_taken":[{"damage":1,"enemies":"Cultist","floor":1,"turns":4},{"damage":2,"enemies":"Small Slimes","floor":2,"turns":4},{"damage":4,"enemies":"2 Louse","floor":4,"turns":3},{"damage":6,"enemies":"Gremlin Nob","floor":6,"turns":3},{"damage":0,"enemies":"Exordium Wildlife","floor":10,"turns":2},{"damage":9,"enemies":"3 Sentries","floor":11,"turns":8},{"damage":0,"enemies":"3 Louse","floor":12,"turns":4},{"damage":7,"enemies":"Lagavulin","floor":13,"turns":5},{"damage":0,"enemies":"Blue Slaver","floor":14,"turns":3},{"damage":54,"enemies":"Slime Boss","floor":16,"turns":9},{"damage":0,"enemies":"Chosen","floor":18,"turns":4},{"damage":31,"enemies":"Colosseum Slavers","floor":19,"turns":6},{"damage":56,"enemies":"Colosseum Nobs","floor":19,"turns":5}],"seed_played":"-2603600580678202523","potions_obtained":[{"floor":1,"key":"Poison Potion"},{"floor":4,"key":"Poison Potion"},{"floor":6,"key":"AttackPotion"},{"floor":18,"key":"Dexterity Potion"}],"is_trial":false,"path_per_floor":["M","M","?","M","?","E","R","?","T","M","E","M","E","M","R","B",null,"M","?"],"character_chosen":"DEFECT","items_purchased":[],"campfire_rested":1,"item_purchase_floors":[],"current_hp_per_floor":[74,72,57,53,53,47,47,40,40,40,31,31,24,24,46,17,75,75,0],"gold":382,"neow_bonus":"ONE_RANDOM_RARE_CARD","is_prod":false,"is_daily":false,"chose_seed":false,"campfire_upgraded":1,"win_rate":0,"timestamp":1553832252,"path_taken":["M","M","?","M","?","E","R","?","T","M","E","?","E","M","R","BOSS","M","?"],"build_version":"2019-01-23","purchased_purges":0,"victory":false,"max_hp_per_floor":[75,75,75,75,75,75,75,75,75,75,75,75,75,75,75,75,75,75,75],"card_choices":[{"not_picked":["Beam Cell","Steam"],"picked":"Skim","floor":1},{"not_picked":["Tempest","Chaos"],"picked":"FTL","floor":2},{"not_picked":["Sweeping Beam","Conserve Battery"],"picked":"Chill","floor":4},{"not_picked":["Chaos","Steam"],"picked":"Redo","floor":6},{"not_picked":["Reprogram","Streamline"],"picked":"Reinforced Body","floor":10},{"not_picked":["Heatsinks","Steam Power"],"picked":"Conserve Battery","floor":11},{"not_picked":["Stack","Steam"],"picked":"Compile Driver","floor":12},{"not_picked":["Go for the Eyes","Doom and Gloom"],"picked":"Machine Learning","floor":13},{"not_picked":["Chill","Melter"],"picked":"Self Repair","floor":14},{"not_picked":["Machine Learning","Rainbow"],"picked":"Core Surge","floor":16},{"not_picked":["Streamline","Go for the Eyes"],"picked":"Coolheaded+1","floor":18}],"player_experience":422855,"relics_obtained":[{"floor":6,"key":"Ancient Tea Set"},{"floor":9,"key":"Pantograph"},{"floor":11,"key":"Anchor"},{"floor":13,"key":"Orichalcum"}],"event_choices":[{"damage_healed":0,"gold_gain":0,"player_choice":"Entered Light","damage_taken":15,"max_hp_gain":0,"max_hp_loss":0,"event_name":"Shining Light","floor":3,"gold_loss":0,"cards_upgraded":["Strike_B","Skim"]},{"damage_healed":0,"gold_gain":0,"player_choice":"Grow","damage_taken":0,"max_hp_gain":0,"max_hp_loss":0,"event_name":"Living Wall","floor":5,"gold_loss":0,"cards_upgraded":["Chill"]},{"cards_removed":["Strike_B"],"damage_healed":0,"gold_gain":0,"player_choice":"Card Removal","damage_taken":7,"max_hp_gain":0,"max_hp_loss":0,"event_name":"Golden Wing","floor":8,"gold_loss":0},{"damage_healed":0,"gold_gain":0,"player_choice":"Fight","damage_taken":0,"max_hp_gain":0,"max_hp_loss":0,"event_name":"Colosseum","floor":19,"gold_loss":0},{"damage_healed":0,"gold_gain":0,"player_choice":"Fought Nobs","damage_taken":0,"max_hp_gain":0,"max_hp_loss":0,"event_name":"Colosseum","floor":19,"gold_loss":0}],"is_beta":false,"boss_relics":[{"not_picked":["Nuclear Battery","Velvet Choker"],"picked":"Inserter"}],"items_purged_floors":[],"is_endless":false,"potions_floor_spawned":[1,4,6,18],"killed_by":"Colosseum Nobs","ascension_level":2}