{"gold_per_floor":[164,184,198,215,235,235,262,262,262,324,324,340,365,339,339,444,444,464,130,130,130,15,40,40,56,83,95,142,154,166,194,206,323,335,358,370,382,413,440,452,21,21,21,21,39,39,0,0,0,0],"floor_reached":50,"playtime":2987,"items_purged":["Decay"],"score":853,"play_id":"624ecce6-ac17-4ee0-9e92-ecb6ea95774d","local_time":"20190326222639","is_ascension_mode":true,"campfire_choices":[{"data":"Neutralize","floor":6,"key":"SMITH"},{"floor":8,"key":"REST"},{"floor":11,"key":"REST"},{"floor":15,"key":"REST"},{"floor":24,"key":"REST"},{"floor":27,"key":"REST"},{"floor":30,"key":"REST"},{"floor":32,"key":"REST"},{"floor":40,"key":"REST"},{"floor":42,"key":"REST"},{"floor":46,"key":"REST"},{"floor":49,"key":"REST"}],"neow_cost":"NONE","seed_source_timestamp":1140194305878453,"circlet_count":0,"master_deck":["AscendersBane","Defend_G","Defend_G","Defend_G","Defend_G","Defend_G","Strike_G","Strike_G+1","Strike_G+1","Strike_G","Survivor+1","Neutralize+1","Poisoned Stab","Venomology","Sucker Punch","Dagger Throw","PiercingWail","Well Laid Plans","Predator","Deadly Poison","All Out Attack","After Image","Dagger Spray","Footwork","Well Laid Plans","Bouncing Flask","Noxious Fumes","Calculated Gamble","Burst","Quick Slash","Acrobatics+1","Envenom","Poisoned Stab","Writhe","Prepared+1","Leg Sweep","Die Die Die","Noxious Fumes","Injury","Parasite","Acrobatics"],"relics":["Tiny House","Juzu Bracelet","Whetstone","Centennial Puzzle","Cursed Key","Calipers","Darkstone Periapt","MawBank","WingedGreaves","White Beast Statue","FaceOfCleric","Happy Flower","Paper Crane","Red Mask"],"potions_floor_usage":[2,4,4,7,7,12,13,13,16,16,23,23,28,31,33,35,35,35,38,39,39,45,50,50,50],"damage_taken":[{"damage":5,"enemies":"Small Slimes","floor":1,"turns":4},{"damage":3,"enemies":"Jaw Worm","floor":2,"turns":6},{"damage":0,"enemies":"2 Louse","floor":3,"turns":3},{"damage":9,"enemies":"Exordium Thugs","floor":4,"turns":5},{"damage":14,"enemies":"3 Louse","floor":5,"turns":4},{"damage":29,"enemies":"Lagavulin","floor":7,"turns":8},{"damage":30,"enemies":"Gremlin Gang","floor":12,"turns":6},{"damage":9,"enemies":"Gremlin Nob","floor":13,"turns":4},{"damage":30,"enemies":"The Guardian","floor":16,"turns":10},{"damage":14,"enemies":"Shell Parasite","floor":18,"turns":5},{"damage":42,"enemies":"Book of Stabbing","floor":23,"turns":6},{"damage":7,"enemies":"Chosen","floor":25,"turns":3},{"damage":22,"enemies":"Slavers","floor":28,"turns":7},{"damage":3,"enemies":"Snake Plant","floor":31,"turns":5},{"damage":66,"enemies":"Collector","floor":33,"turns":10},{"damage":19,"enemies":"Orb Walker","floor":35,"turns":5},{"damage":16,"enemies":"3 Shapes","floor":38,"turns":5},{"damage":67,"enemies":"Jaw Worm Horde","floor":39,"turns":6},{"damage":32,"enemies":"Writhing Mass","floor":45,"turns":8},{"damage":98,"enemies":"Donu and Deca","floor":50,"turns":6}],"seed_played":"1794632313060296684","potions_obtained":[{"floor":0,"key":"EssenceOfSteel"},{"floor":3,"key":"Energy Potion"},{"floor":4,"key":"Poison Potion"},{"floor":12,"key":"Weak Potion"},{"floor":18,"key":"Strength Potion"},{"floor":28,"key":"LiquidBronze"},{"floor":33,"key":"SpeedPotion"},{"floor":35,"key":"SteroidPotion"},{"floor":38,"key":"Poison Potion"},{"floor":39,"key":"SkillPotion"},{"floor":45,"key":"Fire Potion"}],"is_trial":false,"path_per_floor":["M","M","M","M","M","R","E","R","T","?","R","M","E","?","R","B",null,"M","$","?","?","$","E","R","M","T","R","E","?","R","M","R","B",null,"M","?","?","M","M","R","$","R","T","?","M","R","?","$","R","B"],"character_chosen":"THE_SILENT","items_purchased":["Footwork","Calipers","Well Laid Plans","Bouncing Flask","Die Die Die","Noxious Fumes","Happy Flower"],"campfire_rested":11,"item_purchase_floors":[19,19,22,22,41,41,41],"current_hp_per_floor":[63,60,60,51,37,37,8,30,30,30,52,22,13,13,35,5,58,44,44,44,44,44,2,24,17,23,47,25,25,49,46,70,4,62,43,69,69,54,3,29,29,55,61,61,36,66,66,66,96,0],"gold":0,"neow_bonus":"BOSS_RELIC","is_prod":false,"is_daily":false,"chose_seed":false,"campfire_upgraded":1,"win_rate":0,"timestamp":1553653599,"path_taken":["M","M","M","M","M","R","E","R","T","?","R","M","E","?","R","BOSS","M","$","?","?","$","E","R","M","T","R","E","?","R","M","R","BOSS","M","?","?","M","M","R","$","R","T","?","M","R","?","$","R","BOSS"],"build_version":"2019-01-23","purchased_purges":1,"victory":false,"max_hp_per_floor":[75,75,75,75,75,75,75,75,75,75,75,75,75,75,75,75,75,75,75,75,75,75,75,75,75,81,81,81,81,81,81,81,81,81,81,87,87,88,89,89,89,89,95,95,102,102,102,102,102,102],"card_choices":[{"not_picked":["Sucker Punch","Cloak And Dagger"],"picked":"Poisoned Stab","floor":0},{"not_picked":["PiercingWail","Heel Hook"],"picked":"Venomology","floor":1},{"not_picked":["Flying Knee","Acrobatics"],"picked":"Sucker Punch","floor":2},{"not_picked":["Dodge and Roll","Eviscerate"],"picked":"Dagger Throw","floor":3},{"not_picked":["Phantasmal Killer","Cloak And Dagger"],"picked":"PiercingWail","floor":4},{"not_picked":["Finisher","Cloak And Dagger"],"picked":"Well Laid Plans","floor":5},{"not_picked":["Bane","Endless Agony"],"picked":"Predator","floor":7},{"not_picked":["Well Laid Plans","Sucker Punch"],"picked":"Deadly Poison","floor":12},{"not_picked":["PiercingWail","Heel Hook"],"picked":"All Out Attack","floor":13},{"not_picked":["Doppelganger","Burst"],"picked":"After Image","floor":16},{"not_picked":["Deflect","Deadly Poison"],"picked":"Dagger Spray","floor":18},{"not_picked":["Dagger Spray","Prepared"],"picked":"Noxious Fumes","floor":23},{"not_picked":["All Out Attack","Acrobatics"],"picked":"Calculated Gamble","floor":25},{"not_picked":["Dodge and Roll","PiercingWail"],"picked":"Burst","floor":28},{"not_picked":["Slice","Dagger Spray"],"picked":"Acrobatics+1","floor":31},{"not_picked":["Storm of Steel","A Thousand Cuts"],"picked":"Envenom","floor":33},{"not_picked":["Slice","Dagger Spray"],"picked":"Poisoned Stab","floor":35},{"not_picked":["Bane","Expertise"],"picked":"Prepared+1","floor":38},{"not_picked":["Infinite Blades","Prepared"],"picked":"Leg Sweep","floor":39},{"not_picked":["Underhanded Strike","Sucker Punch"],"picked":"Acrobatics","floor":45}],"player_experience":389539,"relics_obtained":[{"floor":7,"key":"Juzu Bracelet"},{"floor":9,"key":"Whetstone"},{"floor":13,"key":"Centennial Puzzle"},{"floor":23,"key":"Darkstone Periapt"},{"floor":26,"key":"MawBank"},{"floor":28,"key":"WingedGreaves"},{"floor":43,"key":"Paper Crane"}],"event_choices":[{"damage_healed":0,"gold_gain":62,"player_choice":"Gained Gold","damage_taken":0,"max_hp_gain":0,"max_hp_loss":0,"event_name":"Golden Wing","floor":10,"gold_loss":0},{"damage_healed":0,"gold_gain":0,"player_choice":"Left Gold","damage_taken":0,"max_hp_gain":0,"max_hp_loss":0,"event_name":"World of Goop","floor":14,"gold_loss":26},{"damage_healed":0,"gold_gain":0,"player_choice":"Ignored","damage_taken":0,"max_hp_gain":0,"max_hp_loss":0,"event_name":"Vampires","floor":20,"gold_loss":0},{"damage_healed":0,"gold_gain":0,"player_choice":"Ignored","damage_taken":0,"max_hp_gain":0,"max_hp_loss":0,"event_name":"Ghosts","floor":21,"gold_loss":0},{"damage_healed":0,"gold_gain":0,"cards_transformed":["Strike_G"],"player_choice":"Transformed","damage_taken":0,"max_hp_gain":0,"max_hp_loss":0,"event_name":"Transmorgrifier","floor":29,"gold_loss":0,"cards_obtained":["Quick Slash"]},{"damage_healed":20,"gold_gain":0,"player_choice":"Writhe","damage_taken":0,"max_hp_gain":0,"max_hp_loss":0,"event_name":"Winding Halls","floor":36,"gold_loss":0,"cards_obtained":["Writhe"]},{"damage_healed":0,"gold_gain":0,"player_choice":"Trade","damage_taken":0,"relics_obtained":["FaceOfCleric"],"max_hp_gain":0,"max_hp_loss":0,"event_name":"FaceTrader","floor":37,"gold_loss":0},{"damage_healed":0,"gold_gain":0,"player_choice":"Ignored","damage_taken":0,"max_hp_gain":0,"max_hp_loss":0,"event_name":"Mysterious Sphere","floor":44,"gold_loss":0},{"damage_healed":0,"gold_gain":0,"player_choice":"Paid","damage_taken":0,"relics_obtained":["Red Mask"],"max_hp_gain":0,"max_hp_loss":0,"event_name":"Tomb of Lord Red Mask","floor":47,"gold_loss":39}],"is_beta":false,"boss_relics":[{"not_picked":["Ectoplasm","Sozu"],"picked":"Cursed Key"},{"not_picked":["Runic Pyramid","Eternal Feather"],"picked":"White Beast Statue"}],"items_purged_floors":[41],"is_endless":false,"potions_floor_spawned":[3,4,12,18,28,33,35,38,39,45],"killed_by":"Donu and Deca","ascension_level":12}