{"gold_per_floor":[115,115,132,151,165,165,198,198],"floor_reached":8,"playtime":352,"items_purged":[],"score":93,"play_id":"73e3e053-608e-4d2d-b2b6-060b4a2e57b2","local_time":"20190325202842","is_ascension_mode":true,"campfire_choices":[{"data":"Neutralize","floor":6,"key":"SMITH"}],"neow_cost":"NONE","seed_source_timestamp":1049352108357756,"circlet_count":0,"master_deck":["AscendersBane","Defend_G","Defend_G","Defend_G","Defend_G","Defend_G","Strike_G","Strike_G","Strike_G","Strike_G","Strike_G","Survivor","Neutralize+1","Dagger Throw","Skewer","Catalyst","Backstab","Dagger Spray"],"relics":["White Beast Statue","Pantograph","Mummified Hand"],"potions_floor_usage":[4,5,7,8],"damage_taken":[{"damage":1,"enemies":"Small Slimes","floor":1,"turns":6},{"damage":0,"enemies":"Jaw Worm","floor":3,"turns":5},{"damage":1,"enemies":"Cultist","floor":4,"turns":4},{"damage":12,"enemies":"3 Louse","floor":5,"turns":5},{"damage":40,"enemies":"3 Sentries","floor":7,"turns":6},{"damage":6,"enemies":"Blue Slaver","floor":8,"turns":1}],"seed_played":"403739088612858959","potions_obtained":[{"floor":1,"key":"Block Potion"},{"floor":3,"key":"Strength Potion"},{"floor":4,"key":"Regen Potion"},{"floor":5,"key":"Poison Potion"},{"floor":7,"key":"Ancient Potion"}],"is_trial":false,"path_per_floor":["M","?","M","M","M","R","E","M"],"character_chosen":"THE_SILENT","items_purchased":[],"campfire_rested":0,"item_purchase_floors":[],"current_hp_per_floor":[62,44,44,43,45,45,5,0],"gold":198,"neow_bonus":"BOSS_RELIC","is_prod":false,"is_daily":false,"chose_seed":false,"campfire_upgraded":1,"win_rate":0,"timestamp":1553560122,"path_taken":["M","?","M","M","M","R","E","M"],"build_version":"2019-01-23","purchased_purges":0,"victory":false,"max_hp_per_floor":[70,70,70,70,70,70,70,70],"card_choices":[{"not_picked":["Slice","Sucker Punch"],"picked":"Dagger Throw","floor":1},{"not_picked":["Backflip","Tactician"],"picked":"Skewer","floor":3},{"not_picked":["Quick Slash","Escape Plan"],"picked":"Catalyst","floor":4},{"not_picked":["PiercingWail","Poisoned Stab"],"picked":"Backstab","floor":5},{"not_picked":["Concentrate","Bouncing Flask"],"picked":"Dagger Spray","floor":7}],"player_experience":381342,"relics_obtained":[{"floor":7,"key":"Mummified Hand"}],"event_choices":[{"damage_healed":0,"gold_gain":0,"player_choice":"Success","damage_taken":18,"relics_obtained":["Pantograph"],"max_hp_gain":0,"max_hp_loss":0,"event_name":"Scrap Ooze","floor":2,"gold_loss":0}],"is_beta":false,"boss_relics":[],"items_purged_floors":[],"is_endless":false,"potions_floor_spawned":[1,3,4,5,7],"killed_by":"Blue Slaver","ascension_level":12}