{"gold_per_floor":[114,114,131,144,144,162,176,176,202,217,217,217,217,238,238,238],"floor_reached":16,"playtime":555,"items_purged":[],"score":188,"play_id":"aa4fe878-545a-4814-87fb-2186a1aa3cc8","local_time":"20190106011934","is_ascension_mode":true,"campfire_choices":[{"data":"Defragment","floor":8,"key":"SMITH"},{"data":"Fission","floor":12,"key":"SMITH"},{"data":"Zap","floor":15,"key":"SMITH"}],"neow_cost":"PERCENT_DAMAGE","seed_source_timestamp":6350523068185,"circlet_count":0,"master_deck":["AscendersBane","Strike_B","Strike_B","Strike_B","Defend_B","Defend_B","Defend_B","Defend_B","Zap+1","Dualcast","Lockon","Self Repair","Defragment+1","Cold Snap","Sweeping Beam","Fission+1","Parasite","White Noise"],"relics":["Cracked Core","Mango","Juzu Bracelet","Golden Idol"],"potions_floor_usage":[16],"damage_taken":[{"damage":2,"enemies":"Jaw Worm","floor":1,"turns":3},{"damage":3,"enemies":"2 Louse","floor":3,"turns":4},{"damage":5,"enemies":"Small Slimes","floor":4,"turns":3},{"damage":12,"enemies":"Looter","floor":6,"turns":3},{"damage":23,"enemies":"Large Slime","floor":7,"turns":6},{"damage":13,"enemies":"2 Fungi Beasts","floor":10,"turns":3},{"damage":19,"enemies":"Exordium Wildlife","floor":14,"turns":7},{"damage":36,"enemies":"Hexaghost","floor":16,"turns":9}],"seed_played":"-825920354453216446","potions_obtained":[{"floor":1,"key":"LiquidBronze"},{"floor":4,"key":"Ancient Potion"}],"is_trial":false,"path_per_floor":["M","?","M","M","?","M","M","R","T","M","?","R","?","M","R","B"],"character_chosen":"DEFECT","items_purchased":[],"campfire_rested":0,"item_purchase_floors":[],"current_hp_per_floor":[58,51,48,50,55,50,34,34,34,28,28,28,48,36,36,0],"gold":238,"neow_bonus":"ONE_RARE_RELIC","is_prod":false,"is_daily":false,"chose_seed":false,"campfire_upgraded":3,"win_rate":0,"timestamp":1546748374,"path_taken":["M","?","M","M","?","M","M","R","T","M","?","R","?","M","R","BOSS"],"build_version":"2019-01-03v4","purchased_purges":0,"victory":false,"max_hp_per_floor":[85,85,85,85,90,90,90,90,90,90,81,81,81,81,81,81],"card_choices":[{"not_picked":["Consume","Heatsinks"],"picked":"Lockon","floor":1},{"not_picked":["Fusion","White Noise"],"picked":"Self Repair","floor":3},{"not_picked":["Coolheaded","Ball Lightning"],"picked":"Defragment","floor":4},{"not_picked":["Hologram","Darkness"],"picked":"Cold Snap","floor":6},{"not_picked":["Turbo","Aggregate"],"picked":"Sweeping Beam","floor":7},{"not_picked":["Streamline","Go for the Eyes"],"picked":"Fission","floor":10},{"not_picked":["Go for the Eyes","Auto Shields"],"picked":"White Noise","floor":14}],"player_experience":729710,"relics_obtained":[{"floor":9,"key":"Juzu Bracelet"}],"event_choices":[{"cards_removed":["Strike_B"],"damage_healed":0,"gold_gain":0,"player_choice":"Card Removal","damage_taken":7,"max_hp_gain":0,"max_hp_loss":0,"event_name":"Golden Wing","floor":2,"gold_loss":0},{"damage_healed":0,"gold_gain":0,"player_choice":"Donut","damage_taken":0,"max_hp_gain":5,"max_hp_loss":0,"event_name":"Big Fish","floor":5,"gold_loss":0},{"damage_healed":0,"gold_gain":0,"player_choice":"Lose Max HP","damage_taken":0,"relics_obtained":["Golden Idol"],"max_hp_gain":0,"max_hp_loss":9,"event_name":"Golden Idol","floor":11,"gold_loss":0},{"damage_healed":20,"gold_gain":0,"player_choice":"Healed and dodged fight","damage_taken":0,"max_hp_gain":0,"max_hp_loss":0,"event_name":"Mushrooms","floor":13,"gold_loss":0,"cards_obtained":["Parasite"]}],"is_beta":false,"boss_relics":[],"items_purged_floors":[],"is_endless":false,"potions_floor_spawned":[1,4,7],"killed_by":"Hexaghost","ascension_level":20}