{"gold_per_floor":[109,126,301,144,144,144,175,194,194,210,210,227,227,241,241,344,344,355,372,154,154,4,4,4,4,4,32,32,49,59,59,59,164,164,175,175,191,15,15,49,62,62,62,87,107,107,126,160,160,160],"floor_reached":51,"playtime":2899,"items_purged":["Doubt"],"score":792,"play_id":"2320654e-aa36-4781-a2ce-f59a24ecf352","local_time":"20181007003109","is_ascension_mode":true,"campfire_choices":[{"data":"Noxious Fumes","floor":6,"key":"SMITH"},{"data":"Malaise","floor":11,"key":"SMITH"},{"data":"Crippling Poison","floor":15,"key":"SMITH"},{"data":"A Thousand Cuts","floor":23,"key":"SMITH"},{"data":"Footwork","floor":24,"key":"SMITH"},{"data":"Dash","floor":25,"key":"SMITH"},{"floor":28,"key":"REST"},{"data":"Cloak And Dagger","floor":32,"key":"SMITH"},{"data":"Neutralize","floor":42,"key":"SMITH"},{"data":"Defend_G","floor":46,"key":"SMITH"},{"floor":49,"key":"REST"}],"neow_cost":"NONE","seed_source_timestamp":13492292123315,"circlet_count":0,"master_deck":["Defend_G","Defend_G","Defend_G","Defend_G","Defend_G+1","Strike_G","Strike_G+1","Strike_G","Strike_G","Survivor+1","Neutralize+1","Malaise+1","Footwork+1","Cloak And Dagger+1","Noxious Fumes+1","Crippling Poison+1","Dash+1","Distraction+1","Outmaneuver+1","Dodge and Roll+1","A Thousand Cuts+1","Backflip+1","Setup+1","Noxious Fumes+1","Cloak And Dagger+1","Cloak And Dagger+1","Doppelganger+1","Thinking Ahead+1","Escape Plan+1"],"relics":["Ring of the Snake","Calipers","Toxic Egg 2","WingedGreaves","Lizard Tail","Lantern","Happy Flower","Kunai","Bird Faced Urn","Orichalcum","Busted Crown","Snake Skull","Bottled Flame","Frozen Egg 2","Blood Vial"],"potions_floor_usage":[16,16,16,19,27,47,50,50,50],"damage_taken":[{"damage":2,"enemies":"Jaw Worm","floor":1,"turns":6},{"damage":0,"enemies":"Small Slimes","floor":2,"turns":5},{"damage":11,"enemies":"Lagavulin","floor":7,"turns":8},{"damage":0,"enemies":"2 Louse","floor":8,"turns":2},{"damage":3,"enemies":"Blue Slaver","floor":10,"turns":5},{"damage":1,"enemies":"2 Fungi Beasts","floor":12,"turns":5},{"damage":1,"enemies":"3 Louse","floor":14,"turns":3},{"damage":1,"enemies":"The Guardian","floor":16,"turns":9},{"damage":0,"enemies":"3 Byrds","floor":18,"turns":4},{"damage":3,"enemies":"Chosen","floor":19,"turns":6},{"damage":18,"enemies":"Book of Stabbing","floor":27,"turns":7},{"damage":2,"enemies":"Snecko","floor":29,"turns":6},{"damage":8,"enemies":"Snake Plant","floor":30,"turns":5},{"damage":32,"enemies":"Collector","floor":33,"turns":8},{"damage":0,"enemies":"3 Darklings","floor":35,"turns":4},{"damage":0,"enemies":"Orb Walker","floor":37,"turns":4},{"damage":8,"enemies":"Nemesis","floor":40,"turns":7},{"damage":0,"enemies":"3 Darklings","floor":41,"turns":5},{"damage":0,"enemies":"Giant Head","floor":44,"turns":11},{"damage":2,"enemies":"Transient","floor":45,"turns":5},{"damage":1,"enemies":"Sphere and 2 Shapes","floor":47,"turns":4},{"damage":30,"enemies":"2 Orb Walkers","floor":48,"turns":5},{"damage":4,"enemies":"Awakened One","floor":50,"turns":15}],"seed_played":"-1680691874573504493","potions_obtained":[{"floor":1,"key":"GhostInAJar"},{"floor":7,"key":"LiquidBronze"},{"floor":14,"key":"Dexterity Potion"},{"floor":16,"key":"Explosive Potion"},{"floor":19,"key":"FearPotion"},{"floor":35,"key":"Poison Potion"},{"floor":44,"key":"Ancient Potion"},{"floor":45,"key":"Block Potion"},{"floor":47,"key":"FearPotion"}],"is_trial":false,"path_per_floor":["M","M","?","$","?","R","E","M","T","M","R","M","?","M","R","B",null,"M","M","$","?","$","R","R","R","T","E","R","M","M","T","R","B",null,"M","?","M","$","?","E","M","R","T","E","M","R","M","E","R","B"],"character_chosen":"THE_SILENT","items_purchased":["Noxious Fumes","Crippling Poison","Lantern","Happy Flower","Thinking Ahead+1"],"campfire_rested":2,"item_purchase_floors":[4,4,20,22,38],"current_hp_per_floor":[68,68,68,68,50,50,39,39,39,36,36,35,21,20,20,19,70,70,67,67,67,67,67,67,67,67,49,70,70,68,68,68,40,70,70,66,66,66,66,62,66,66,66,66,66,66,66,44,63,64],"gold":160,"neow_bonus":"ONE_RANDOM_RARE_CARD","is_prod":false,"is_daily":false,"chose_seed":false,"campfire_upgraded":9,"win_rate":0,"timestamp":1538883069,"path_taken":["M","M","?","$","?","R","E","M","T","?","R","M","?","M","R","BOSS","M","M","$","?","?","R","R","R","T","E","R","M","M","?","R","BOSS","M","?","?","$","?","E","?","R","T","E","?","R","?","E","R","BOSS"],"build_version":"2018-10-04v2","purchased_purges":1,"victory":true,"max_hp_per_floor":[70,70,70,70,70,70,70,70,70,70,70,70,70,70,70,70,70,70,70,70,70,70,70,70,70,70,70,70,70,70,70,70,70,70,70,66,66,66,66,66,66,66,66,66,66,66,66,66,66,66],"card_choices":[{"not_picked":["Underhanded Strike","Sucker Punch"],"picked":"Footwork","floor":1},{"not_picked":["Poisoned Stab","Outmaneuver"],"picked":"Cloak And Dagger","floor":2},{"not_picked":["Sucker Punch","Poisoned Stab"],"picked":"Dash","floor":7},{"not_picked":["Choke","Poisoned Stab"],"picked":"Distraction+1","floor":8},{"not_picked":["Poisoned Stab","Unload"],"picked":"Outmaneuver+1","floor":10},{"not_picked":["Quick Slash","Dagger Throw","Bane"],"picked":"SKIP","floor":12},{"not_picked":["Flying Knee","Poisoned Stab"],"picked":"Dodge and Roll+1","floor":14},{"not_picked":["Adrenaline+1","Glass Knife"],"picked":"A Thousand Cuts","floor":16},{"not_picked":["Sucker Punch","Quick Slash"],"picked":"Backflip+1","floor":18},{"not_picked":["Dash+1","Backflip+1"],"picked":"Setup+1","floor":19},{"not_picked":["PiercingWail+1","Glass Knife","Dagger Spray"],"picked":"SKIP","floor":27},{"not_picked":["PiercingWail+1","Glass Knife","Dagger Spray"],"picked":"SKIP","floor":27},{"not_picked":["Prepared+1","PiercingWail+1"],"picked":"Cloak And Dagger+1","floor":29},{"not_picked":["Sucker Punch+1","Dodge and Roll+1"],"picked":"Cloak And Dagger+1","floor":30},{"not_picked":["Venomology+1","Storm of Steel+1"],"picked":"Doppelganger+1","floor":33},{"not_picked":["Slice"],"picked":"SKIP","floor":35},{"not_picked":["Bane"],"picked":"SKIP","floor":37},{"not_picked":["Bane+1"],"picked":"SKIP","floor":40},{"not_picked":[],"picked":"Escape Plan+1","floor":41},{"not_picked":["PiercingWail+1"],"picked":"SKIP","floor":44},{"not_picked":["Deflect+1"],"picked":"SKIP","floor":45},{"not_picked":["Tactician+1"],"picked":"SKIP","floor":47},{"not_picked":["Dagger Throw+1"],"picked":"SKIP","floor":48}],"player_experience":114976,"relics_obtained":[{"floor":7,"key":"Toxic Egg 2"},{"floor":9,"key":"WingedGreaves"},{"floor":26,"key":"Kunai"},{"floor":27,"key":"Bird Faced Urn"},{"floor":31,"key":"Orichalcum"},{"floor":40,"key":"Snake Skull"},{"floor":43,"key":"Bottled Flame"},{"floor":44,"key":"Frozen Egg 2"},{"floor":48,"key":"Blood Vial"}],"event_choices":[{"event_name":"Liars Game","player_choice":"agreed","floor":3,"damage_taken":0},{"event_name":"Scrap Ooze","player_choice":"success","floor":5,"damage_taken":18},{"event_name":"Shining Light","player_choice":"Entered Light","floor":13,"damage_taken":0},{"event_name":"Duplicator","player_choice":"One dupe","floor":21,"damage_taken":0},{"event_name":"Winding Halls","player_choice":"Max HP","floor":36,"damage_taken":0},{"event_name":"Falling","player_choice":"Removed Attack","floor":39,"damage_taken":0}],"is_beta":false,"boss_relics":[{"not_picked":["Calling Bell","HoveringKite"],"picked":"Lizard Tail"},{"not_picked":["Cursed Key","Runic Dome"],"picked":"Busted Crown"}],"items_purged_floors":[20],"is_endless":false,"potions_floor_spawned":[1,7,14,16,19,35,44,45,47],"ascension_level":1}