{"gold_per_floor":[14,26,26,26,36,36,111,111,111,36,53,53,72,85,85,160,160,172,187,205,205],"floor_reached":21,"playtime":949,"items_purged":["Strike_B"],"score":320,"play_id":"3cf25321-9f86-42a4-aa30-e55b7a6a6fab","local_time":"20181221195049","is_ascension_mode":true,"campfire_choices":[{"data":"Biased Cognition","floor":6,"key":"SMITH"},{"data":"Zap","floor":8,"key":"SMITH"},{"data":"Hologram","floor":12,"key":"SMITH"},{"data":"Darkness","floor":15,"key":"SMITH"}],"neow_cost":"NO_GOLD","seed_source_timestamp":14322307230293,"circlet_count":0,"master_deck":["AscendersBane","Strike_B","Strike_B","Strike_B","Defend_B","Defend_B","Defend_B","Defend_B","Zap+1","Dualcast","Biased Cognition+1","Go for the Eyes","Rip and Tear","Rebound","Static Discharge","Undo","Hologram+1","Darkness+1","White Noise","Echo Form","Compile Driver+1","Leap"],"relics":["Cracked Core","Meat on the Bone","Sozu"],"potions_floor_usage":[16,20],"damage_taken":[{"damage":2,"enemies":"Jaw Worm","floor":1,"turns":3},{"damage":2,"enemies":"2 Louse","floor":2,"turns":3},{"damage":1,"enemies":"Cultist","floor":5,"turns":3},{"damage":0,"enemies":"Large Slime","floor":11,"turns":5},{"damage":4,"enemies":"3 Louse","floor":13,"turns":3},{"damage":9,"enemies":"Exordium Wildlife","floor":14,"turns":4},{"damage":20,"enemies":"The Guardian","floor":16,"turns":7},{"damage":6,"enemies":"Spheric Guardian","floor":18,"turns":3},{"damage":26,"enemies":"2 Thieves","floor":19,"turns":4},{"damage":44,"enemies":"Cultist and Chosen","floor":20,"turns":5},{"damage":19,"enemies":"Sentry and Sphere","floor":21,"turns":3}],"seed_played":"3586184072544509518","potions_obtained":[{"floor":2,"key":"Explosive Potion"},{"floor":11,"key":"GamblersBrew"},{"floor":13,"key":"FocusPotion"}],"is_trial":false,"path_per_floor":["M","M","?","?","M","R","?","R","T","$","M","R","M","M","R","B",null,"M","M","M","M"],"character_chosen":"DEFECT","items_purchased":[],"campfire_rested":0,"item_purchase_floors":[],"current_hp_per_floor":[62,60,65,65,64,64,53,53,53,53,53,53,49,40,40,32,65,59,45,13,0],"gold":205,"neow_bonus":"THREE_RARE_CARDS","is_prod":false,"is_daily":false,"chose_seed":false,"campfire_upgraded":4,"win_rate":0,"timestamp":1545432649,"path_taken":["M","M","?","?","?","R","?","R","T","$","M","R","M","M","R","BOSS","M","M","M","M"],"build_version":"2018-12-20","purchased_purges":1,"victory":false,"max_hp_per_floor":[71,71,76,76,76,76,76,76,76,76,76,76,76,76,76,76,76,76,76,76,76],"card_choices":[{"not_picked":["Reboot","Thunder Strike"],"picked":"Biased Cognition","floor":0},{"not_picked":["Rebound","Aggregate"],"picked":"Go for the Eyes","floor":1},{"not_picked":["Hologram","Steam"],"picked":"Rip and Tear","floor":2},{"not_picked":["Lockon","Gash"],"picked":"Undo","floor":5},{"not_picked":["Barrage","Steam"],"picked":"Hologram","floor":11},{"not_picked":["Beam Cell","Stack"],"picked":"Darkness","floor":13},{"not_picked":["Doom and Gloom","FTL"],"picked":"White Noise","floor":14},{"not_picked":["Biased Cognition","Reboot"],"picked":"Echo Form","floor":16},{"not_picked":["Rip and Tear","Rebound","Turbo"],"picked":"SKIP","floor":18},{"not_picked":["Go for the Eyes","Beam Cell"],"picked":"Compile Driver+1","floor":19},{"not_picked":["Gash","Stack"],"picked":"Leap","floor":20}],"player_experience":597144,"relics_obtained":[{"floor":9,"key":"Meat on the Bone"}],"event_choices":[{"damage_healed":0,"gold_gain":0,"player_choice":"Donut","damage_taken":0,"max_hp_gain":5,"max_hp_loss":0,"event_name":"Big Fish","floor":3,"gold_loss":0},{"damage_healed":0,"gold_gain":0,"player_choice":"2 cards matched","damage_taken":0,"max_hp_gain":0,"max_hp_loss":0,"event_name":"Match and Keep!","floor":4,"gold_loss":0,"cards_obtained":["Rebound","Static Discharge"]},{"damage_healed":0,"gold_gain":75,"player_choice":"Gather Gold","damage_taken":11,"max_hp_gain":0,"max_hp_loss":0,"event_name":"World of Goop","floor":7,"gold_loss":0}],"is_beta":false,"boss_relics":[{"not_picked":["Ectoplasm","Empty Cage"],"picked":"Sozu"}],"items_purged_floors":[10],"is_endless":false,"potions_floor_spawned":[2,11,13,19,20],"killed_by":"Sentry and Sphere","ascension_level":17}