{"gold_per_floor":[115,135,55,55,55,85,96,110,110,110,136,136,136,168,168,246,246,264,264,209,259,278,311,328,328,381,381,381,397,432,432,432,432],"floor_reached":33,"playtime":1945,"items_purged":[],"score":632,"play_id":"5b03afde-d32d-41d7-8874-3b32da5409f0","local_time":"20190616115717","is_ascension_mode":true,"campfire_choices":[{"data":"Neutralize","floor":10,"key":"SMITH"},{"floor":13,"key":"REST"},{"data":"Caltrops","floor":15,"key":"SMITH"},{"floor":25,"key":"REST"},{"data":"Blur","floor":28,"key":"SMITH"},{"floor":32,"key":"REST"}],"neow_cost":"NONE","seed_source_timestamp":323189864216621,"circlet_count":0,"master_deck":["AscendersBane","Defend_G","Defend_G","Defend_G","Defend_G","Defend_G","Strike_G","Strike_G","Strike_G","Strike_G","Strike_G","Survivor+1","Neutralize+1","Cloak And Dagger","Footwork+1","Crippling Poison+1","Caltrops+1","Deadly Poison","Poisoned Stab","Blur+1","Corpse Explosion","PiercingWail","Backflip","Decay"],"relics":["Ring of the Snake","NeowsBlessing","Girya","Mercury Hourglass","Pear","Nunchaku","Busted Crown","Tiny Chest","Bottled Lightning","Anchor","Molten Egg 2","Juzu Bracelet"],"potions_floor_usage":[14,22,24,30,33],"damage_taken":[{"damage":0,"enemies":"Cultist","floor":1,"turns":1},{"damage":0,"enemies":"Small Slimes","floor":2,"turns":1},{"damage":0,"enemies":"3 Sentries","floor":6,"turns":2},{"damage":1,"enemies":"Jaw Worm","floor":7,"turns":7},{"damage":5,"enemies":"Looter","floor":8,"turns":4},{"damage":25,"enemies":"Gremlin Nob","floor":11,"turns":5},{"damage":8,"enemies":"3 Sentries","floor":14,"turns":6},{"damage":7,"enemies":"The Guardian","floor":16,"turns":10},{"damage":14,"enemies":"2 Thieves","floor":18,"turns":4},{"damage":10,"enemies":"Spheric Guardian","floor":22,"turns":4},{"damage":20,"enemies":"Slavers","floor":23,"turns":4},{"damage":10,"enemies":"Snake Plant","floor":24,"turns":4},{"damage":13,"enemies":"Sentry and Sphere","floor":29,"turns":3},{"damage":0,"enemies":"Book of Stabbing","floor":30,"turns":5},{"damage":55,"enemies":"Collector","floor":33,"turns":7}],"seed_played":"1019477120878266378","potions_obtained":[{"floor":1,"key":"LiquidBronze"},{"floor":7,"key":"Weak Potion"},{"floor":14,"key":"SteroidPotion"},{"floor":16,"key":"SkillPotion"},{"floor":29,"key":"PowerPotion"},{"floor":30,"key":"Ancient Potion"}],"is_trial":false,"path_per_floor":["M","M","$","?","?","E","M","M","T","R","E","?","R","E","R","B",null,"M","?","?","?","M","E","M","R","T","T","R","M","E","?","R","B"],"character_chosen":"THE_SILENT","items_purchased":["Crippling Poison"],"campfire_rested":3,"item_purchase_floors":[3],"current_hp_per_floor":[59,59,59,64,64,64,63,58,58,58,43,19,43,35,35,28,68,54,54,54,54,44,24,14,38,38,38,38,25,25,25,49,0],"gold":432,"neow_bonus":"THREE_ENEMY_KILL","is_prod":false,"is_daily":false,"chose_seed":false,"campfire_upgraded":3,"win_rate":0,"timestamp":1560657437,"path_taken":["M","M","$","?","?","E","?","M","T","R","E","?","R","E","R","BOSS","M","?","?","?","M","E","M","R","T","?","R","M","E","?","R","BOSS"],"build_version":"2019-01-23","purchased_purges":0,"victory":false,"max_hp_per_floor":[66,66,66,71,71,71,71,71,71,71,81,81,81,81,81,81,81,81,81,81,81,81,81,81,81,81,81,81,81,81,81,81,81],"card_choices":[{"not_picked":["Riddle With Holes","PiercingWail"],"picked":"Cloak And Dagger","floor":1},{"not_picked":["Slice","Poisoned Stab"],"picked":"Footwork","floor":2},{"not_picked":["Doppelganger","Storm of Steel"],"picked":"Caltrops","floor":6},{"not_picked":["Predator","Eviscerate","Bane"],"picked":"SKIP","floor":7},{"not_picked":["Blade Dance","Prepared"],"picked":"Deadly Poison","floor":8},{"not_picked":["Riddle With Holes","PiercingWail"],"picked":"Poisoned Stab","floor":11},{"not_picked":["Backflip","Poisoned Stab"],"picked":"Blur","floor":14},{"not_picked":["Venomology","Grand Finale"],"picked":"Corpse Explosion","floor":16},{"not_picked":["Blade Dance"],"picked":"SKIP","floor":18},{"not_picked":[],"picked":"PiercingWail","floor":22},{"not_picked":["PiercingWail"],"picked":"SKIP","floor":23},{"not_picked":["PiercingWail"],"picked":"SKIP","floor":23},{"not_picked":["Dagger Spray"],"picked":"SKIP","floor":24},{"not_picked":[],"picked":"Backflip","floor":29},{"not_picked":["Outmaneuver"],"picked":"SKIP","floor":30}],"player_experience":875527,"relics_obtained":[{"floor":6,"key":"Girya"},{"floor":9,"key":"Mercury Hourglass"},{"floor":11,"key":"Pear"},{"floor":14,"key":"Nunchaku"},{"floor":23,"key":"Bottled Lightning"},{"floor":26,"key":"Anchor"},{"floor":27,"key":"Molten Egg 2"},{"floor":30,"key":"Juzu Bracelet"}],"event_choices":[{"damage_healed":0,"gold_gain":0,"player_choice":"Donut","damage_taken":0,"max_hp_gain":5,"max_hp_loss":0,"event_name":"Big Fish","floor":4,"gold_loss":0},{"damage_healed":0,"gold_gain":0,"player_choice":"Upgraded","damage_taken":0,"max_hp_gain":0,"max_hp_loss":0,"event_name":"Upgrade Shrine","floor":5,"gold_loss":0,"cards_upgraded":["Crippling Poison"]},{"damage_healed":0,"gold_gain":0,"player_choice":"Entered Light","damage_taken":24,"max_hp_gain":0,"max_hp_loss":0,"event_name":"Shining Light","floor":12,"gold_loss":0,"cards_upgraded":["Footwork","Survivor"]},{"damage_healed":0,"gold_gain":0,"player_choice":"Ignored","damage_taken":0,"max_hp_gain":0,"max_hp_loss":0,"event_name":"Ghosts","floor":19,"gold_loss":0},{"damage_healed":0,"gold_gain":0,"player_choice":"Obtained Relic","damage_taken":0,"relics_obtained":["Tiny Chest"],"max_hp_gain":0,"max_hp_loss":0,"event_name":"Addict","floor":20,"gold_loss":85},{"damage_healed":0,"gold_gain":50,"player_choice":"Stole From Cult","damage_taken":0,"max_hp_gain":0,"max_hp_loss":0,"event_name":"Nest","floor":21,"gold_loss":0},{"damage_healed":0,"gold_gain":0,"player_choice":"Smashed Altar","damage_taken":0,"max_hp_gain":0,"max_hp_loss":0,"event_name":"Forgotten Altar","floor":31,"gold_loss":0,"cards_obtained":["Decay"]}],"is_beta":false,"boss_relics":[{"not_picked":["Runic Dome","Snecko Eye"],"picked":"Busted Crown"}],"items_purged_floors":[],"is_endless":false,"potions_floor_spawned":[1,7,14,16,18,29,30],"killed_by":"Collector","ascension_level":16}