{"path_per_floor":["M","?","$","M","M","R","M","E","T","E","R","M","?","M","R","B",null,"M","M","$","?","$","R","M"],"character_chosen":"IRONCLAD","items_purchased":["Orichalcum","Iron Wave","Rupture","Rage"],"gold_per_floor":[111,111,111,125,144,144,163,189,214,239,239,258,211,222,222,318,318,333,348,178,178,31,31,49],"floor_reached":25,"campfire_rested":3,"playtime":1433,"current_hp_per_floor":[80,77,77,75,80,80,56,45,45,29,68,21,21,25,64,9,80,36,27,27,27,27,66,31],"items_purged":[],"gold":49,"score":213,"play_id":"625460ec-ea7c-4075-b459-e0a28adcabc5","is_prod":false,"is_daily":false,"is_ascension_mode":false,"campfire_upgraded":1,"path_taken":["M","?","?","M","M","R","M","E","T","E","R","?","?","M","R","BOSS","M","M","$","?","$","R","M","E"],"build_version":"2018-02-08-PROD1","purchased_purges":0,"victory":false,"master_deck":["Strike_R+1","Strike_R+1","Strike_R+1","Strike_R+1","Strike_R+1","Defend_R+1","Defend_R+1","Defend_R+1","Defend_R+1","Bash","Shrug It Off","Fire Breathing+1","Headbutt","Dark Embrace","Twin Strike","Searing Blow","Reckless Charge","Shrug It Off","Rampage","Reaper","Seeing Red","Blood for Blood","Iron Wave","Rupture","Rage","Flex"],"max_hp_per_floor":[80,80,80,80,80,80,80,80,80,80,80,80,80,80,80,80,80,80,80,80,80,80,80,80],"relics":["Burning Blood","Lantern","Champion Belt","Regal Pillow","Self Forming Clay","Lizard Tail","Orichalcum"],"card_choices":[{"not_picked":["Warcry","Thunderclap"],"picked":"Shrug It Off"},{"not_picked":["Dual Wield","Dropkick"],"picked":"Fire Breathing"},{"not_picked":["Clothesline","Pommel Strike"],"picked":"Headbutt"},{"not_picked":["Sever Soul","Headbutt"],"picked":"Dark Embrace"},{"not_picked":["Shrug It Off","Second Wind"],"picked":"Twin Strike"},{"not_picked":["Thunderclap","Clothesline"],"picked":"Searing Blow"},{"not_picked":["Berserk","Body Slam"],"picked":"Reckless Charge"},{"not_picked":["Anger","Reckless Charge"],"picked":"Shrug It Off"},{"not_picked":["Body Slam","Heavy Blade"],"picked":"Rampage"},{"not_picked":["Feed","Offering"],"picked":"Reaper"},{"not_picked":["Twin Strike","Sword Boomerang"],"picked":"Seeing Red"},{"not_picked":["Shrug It Off","Perfected Strike"],"picked":"Blood for Blood"},{"not_picked":["Headbutt","Shrug It Off"],"picked":"Flex"}],"player_experience":8314,"potions_floor_usage":[8,8,10,16,19,19,24],"damage_taken":[{"damage":4,"enemies":"Jaw Worm","floor":1,"turns":8},{"damage":8,"enemies":"Cultist","floor":4,"turns":6},{"damage":0,"enemies":"Small Slimes","floor":5,"turns":3},{"damage":30,"enemies":"Exordium Thugs","floor":7,"turns":6},{"damage":17,"enemies":"Lagavulin","floor":8,"turns":8},{"damage":22,"enemies":"3 Sentries","floor":10,"turns":8},{"damage":53,"enemies":"Gremlin Gang","floor":12,"turns":6},{"damage":2,"enemies":"Looter","floor":14,"turns":4},{"damage":61,"enemies":"The Guardian","floor":16,"turns":12},{"damage":54,"enemies":"Spheric Guardian","floor":18,"turns":9},{"damage":15,"enemies":"Chosen","floor":19,"turns":4},{"damage":41,"enemies":"Slaver and Parasite","floor":24,"turns":7},{"damage":84,"enemies":"Book of Stabbing","floor":25,"turns":8}],"event_choices":[{"event_name":"Scrap Ooze","player_choice":"success","floor":2,"damage_taken":3},{"event_name":"World of Goop","player_choice":"Left","floor":13,"damage_taken":0},{"event_name":"Back to Basics","player_choice":"Simplicity","floor":21,"damage_taken":0}],"boss_relics":[{"not_picked":["Snecko Eye","Runic Dome"],"picked":"Lizard Tail"}],"potions_floor_spawned":[1,4,7,14,16,18,19],"seed_played":"-85996361118831379","killed_by":"Book of Stabbing","ascension_level":0,"is_trial":false}