{"gold_per_floor":[20,20,37,57,74,104,119,119,119,135,147,164,164,178,178,273,273,289,309,61,78,92,92,92],"floor_reached":24,"playtime":1594,"items_purged":[],"score":293,"play_id":"1271ce46-c50e-43fd-9d1b-0648a111202c","local_time":"20181227125421","is_ascension_mode":true,"campfire_choices":[{"data":"Whirlwind","floor":8,"key":"SMITH"},{"data":"Bash","floor":15,"key":"SMITH"},{"data":"Limit Break","floor":23,"key":"SMITH"}],"neow_cost":"NO_GOLD","seed_source_timestamp":432342877211379,"circlet_count":0,"master_deck":["Strike_R","Strike_R","Strike_R","Strike_R","Strike_R","Defend_R","Defend_R","Defend_R","Defend_R","Bash+1","Whirlwind+1","Carnage","Corruption","Double Tap","Anger","Clothesline+1","Ghostly Armor","Seeing Red","Limit Break+1","Warcry+1","Dark Shackles","Pommel Strike+1","Inflame+1"],"relics":["Burning Blood","Boot","Ornamental Fan","Molten Egg 2","Sozu","Oddly Smooth Stone"],"potions_floor_usage":[5,18,21,24],"damage_taken":[{"damage":0,"enemies":"Small Slimes","floor":1,"turns":4},{"damage":1,"enemies":"Cultist","floor":3,"turns":4},{"damage":4,"enemies":"Jaw Worm","floor":4,"turns":4},{"damage":21,"enemies":"Gremlin Gang","floor":5,"turns":6},{"damage":27,"enemies":"Gremlin Nob","floor":6,"turns":4},{"damage":3,"enemies":"Looter","floor":7,"turns":3},{"damage":0,"enemies":"3 Louse","floor":10,"turns":3},{"damage":0,"enemies":"Lots of Slimes","floor":11,"turns":1},{"damage":0,"enemies":"Exordium Wildlife","floor":12,"turns":2},{"damage":7,"enemies":"2 Fungi Beasts","floor":14,"turns":2},{"damage":47,"enemies":"Hexaghost","floor":16,"turns":10},{"damage":10,"enemies":"2 Thieves","floor":18,"turns":3},{"damage":13,"enemies":"3 Byrds","floor":19,"turns":5},{"damage":22,"enemies":"Sentry and Sphere","floor":21,"turns":5},{"damage":16,"enemies":"Shelled Parasite and Fungi","floor":22,"turns":5},{"damage":50,"enemies":"Book of Stabbing","floor":24,"turns":5}],"seed_played":"1548444768911957043","potions_obtained":[{"floor":1,"key":"Fire Potion"},{"floor":4,"key":"SkillPotion"},{"floor":11,"key":"EssenceOfSteel"},{"floor":12,"key":"Fire Potion"},{"floor":16,"key":"Swift Potion"}],"is_trial":false,"path_per_floor":["M","?","M","M","M","E","M","R","T","M","M","M","$","M","R","B",null,"M","M","$","M","M","R","E"],"character_chosen":"IRONCLAD","items_purchased":["Oddly Smooth Stone","Dark Shackles"],"campfire_rested":0,"item_purchase_floors":[20,20],"current_hp_per_floor":[94,94,96,96,81,60,63,63,63,69,75,81,81,80,80,39,82,78,71,71,55,45,45,0],"gold":92,"neow_bonus":"TWENTY_PERCENT_HP_BONUS","is_prod":false,"is_daily":false,"chose_seed":false,"campfire_upgraded":3,"win_rate":0,"timestamp":1545944061,"path_taken":["M","?","M","M","M","E","M","R","T","M","M","M","$","M","R","BOSS","M","?","?","M","?","R","E"],"build_version":"2018-12-20","purchased_purges":0,"victory":false,"max_hp_per_floor":[96,96,96,96,96,96,96,96,96,96,96,96,96,96,96,96,96,96,96,96,96,96,96,96],"card_choices":[{"not_picked":["Inflame","Evolve"],"picked":"Whirlwind","floor":1},{"not_picked":["Thunderclap","Havoc"],"picked":"Carnage","floor":3},{"not_picked":["Wild Strike","Combust"],"picked":"Corruption","floor":4},{"not_picked":["Hemokinesis","Flex"],"picked":"Double Tap","floor":5},{"not_picked":["Fire Breathing","Dual Wield","Evolve"],"picked":"SKIP","floor":6},{"not_picked":["Rupture","Carnage"],"picked":"Anger","floor":7},{"not_picked":["Armaments","Rupture"],"picked":"Clothesline+1","floor":10},{"not_picked":["Entrench","Headbutt+1"],"picked":"Ghostly Armor","floor":11},{"not_picked":["Heavy Blade+1","Burning Pact"],"picked":"Seeing Red","floor":12},{"not_picked":["Whirlwind+1","Entrench","Clash+1"],"picked":"SKIP","floor":14},{"not_picked":["Offering","Juggernaut"],"picked":"Limit Break","floor":16},{"not_picked":["Thunderclap+1","Rage","Power Through"],"picked":"SKIP","floor":18},{"not_picked":["Thunderclap+1","Sever Soul+1"],"picked":"Warcry+1","floor":19},{"not_picked":["Combust","Corruption"],"picked":"Pommel Strike+1","floor":21},{"not_picked":["Reckless Charge+1","Thunderclap+1"],"picked":"Inflame+1","floor":22}],"player_experience":142496,"relics_obtained":[{"floor":6,"key":"Ornamental Fan"},{"floor":9,"key":"Molten Egg 2"}],"event_choices":[{"damage_healed":0,"gold_gain":0,"player_choice":"Gave Potion","damage_taken":0,"relics_obtained":["Boot"],"max_hp_gain":0,"max_hp_loss":0,"event_name":"WeMeetAgain","floor":2,"gold_loss":0}],"is_beta":false,"boss_relics":[{"not_picked":["Lizard Tail","Velvet Choker"],"picked":"Sozu"}],"items_purged_floors":[],"is_endless":false,"potions_floor_spawned":[1,4,11,12,16,18],"killed_by":"Book of Stabbing","ascension_level":6}