{"gold_per_floor":[11,22,39,55,5,5,40,40,114,33,104,104,104,104,104,200,200,211,191,203,203,222,222,247,263,290,290,308,324,356,356,356,457,457,469,469,14,14,14,31,31,47,101,120,120,137,137,147,147,147],"floor_reached":51,"playtime":3020,"items_purged":[],"score":915,"play_id":"bb5c1227-cb19-49aa-8891-087de816b17f","local_time":"20190120222536","is_ascension_mode":true,"campfire_choices":[{"data":"Neutralize","floor":6,"key":"SMITH"},{"data":"1","floor":8,"key":"LIFT"},{"data":"2","floor":12,"key":"LIFT"},{"data":"3","floor":15,"key":"LIFT"},{"data":"Predator","floor":23,"key":"SMITH"},{"floor":27,"key":"REST"},{"floor":32,"key":"REST"},{"data":"After Image","floor":41,"key":"SMITH"},{"data":"A Thousand Cuts","floor":45,"key":"SMITH"},{"data":"Wraith Form v2","floor":47,"key":"SMITH"},{"floor":49,"key":"REST"}],"neow_cost":"NO_GOLD","seed_source_timestamp":1015536979583843,"circlet_count":0,"master_deck":["Survivor","Neutralize+1","Deadly Poison","Backstab","Dagger Throw","Terror","Predator+1","Footwork","Corpse Explosion","Backflip","Quick Slash+1","Die Die Die","Slice","Prepared+1","Blur","Well Laid Plans+1","Deadly Poison","Predator+1","After Image+1","Wraith Form v2+1","A Thousand Cuts+1","Acrobatics","Catalyst","Dagger Throw+1","PiercingWail","Noxious Fumes+1","Flash of Steel","Acrobatics+1","Noxious Fumes+1"],"relics":["Ring of the Snake","FossilizedHelix","Girya","Gremlin Horn","Empty Cage","PreservedInsect","Strawberry","Mummified Hand","Pandora\u0027s Box","Kunai","OrangePellets","Matryoshka","Orichalcum","Whetstone"],"potions_floor_usage":[7,16,29,50,50],"damage_taken":[{"damage":0,"enemies":"Cultist","floor":1,"turns":4},{"damage":0,"enemies":"2 Louse","floor":2,"turns":3},{"damage":0,"enemies":"Jaw Worm","floor":3,"turns":3},{"damage":0,"enemies":"Looter","floor":4,"turns":4},{"damage":0,"enemies":"Gremlin Nob","floor":7,"turns":3},{"damage":23,"enemies":"Slime Boss","floor":16,"turns":10},{"damage":11,"enemies":"3 Byrds","floor":18,"turns":2},{"damage":0,"enemies":"Spheric Guardian","floor":20,"turns":3},{"damage":0,"enemies":"3 Cultists","floor":22,"turns":2},{"damage":0,"enemies":"Gremlin Leader","floor":24,"turns":3},{"damage":14,"enemies":"Shelled Parasite and Fungi","floor":25,"turns":4},{"damage":10,"enemies":"Centurion and Healer","floor":28,"turns":3},{"damage":5,"enemies":"Snecko","floor":29,"turns":4},{"damage":12,"enemies":"Book of Stabbing","floor":30,"turns":4},{"damage":92,"enemies":"Champ","floor":33,"turns":10},{"damage":0,"enemies":"Orb Walker","floor":35,"turns":3},{"damage":0,"enemies":"3 Shapes","floor":40,"turns":2},{"damage":0,"enemies":"Transient","floor":42,"turns":5},{"damage":0,"enemies":"3 Darklings","floor":44,"turns":5},{"damage":9,"enemies":"Maw","floor":46,"turns":8},{"damage":9,"enemies":"Writhing Mass","floor":48,"turns":4},{"damage":19,"enemies":"Donu and Deca","floor":50,"turns":6}],"seed_played":"3638116588744976516","potions_obtained":[{"floor":2,"key":"Block Potion"},{"floor":4,"key":"SkillPotion"},{"floor":16,"key":"GamblersBrew"},{"floor":18,"key":"FairyPotion"},{"floor":19,"key":"FairyPotion"},{"floor":28,"key":"SkillPotion"},{"floor":29,"key":"SneckoOil"},{"floor":33,"key":"AttackPotion"},{"floor":46,"key":"EssenceOfSteel"}],"is_trial":false,"path_per_floor":["M","M","M","M","?","R","E","R","T","$","?","R","?","?","R","B",null,"M","?","M","?","M","R","E","M","T","R","M","M","E","?","R","B",null,"M","T","$","?","?","M","R","M","T","M","R","M","R","M","R","B",null],"character_chosen":"THE_SILENT","items_purchased":["Footwork","OrangePellets","Matryoshka"],"campfire_rested":3,"item_purchase_floors":[10,37,37],"current_hp_per_floor":[70,70,70,70,70,70,70,70,70,70,70,70,75,75,75,52,69,58,58,58,58,58,58,58,44,51,75,65,60,48,48,72,8,64,64,64,64,64,64,64,64,64,64,64,64,55,55,46,70,51],"gold":147,"neow_bonus":"ONE_RARE_RELIC","is_prod":false,"is_daily":false,"chose_seed":false,"campfire_upgraded":5,"win_rate":0,"timestamp":1548041136,"path_taken":["M","M","M","?","?","R","E","R","T","$","?","R","?","?","R","BOSS","M","?","?","?","M","R","E","?","T","R","M","M","E","?","R","BOSS","M","?","$","?","?","M","R","M","T","?","R","M","R","M","R","BOSS"],"build_version":"2019-01-17v2","purchased_purges":0,"victory":true,"max_hp_per_floor":[70,70,70,70,70,70,70,70,70,70,70,70,75,75,75,75,75,75,75,75,75,75,75,75,75,82,82,82,82,82,82,82,82,82,82,82,82,82,82,82,82,82,82,82,82,82,82,82,82,82],"card_choices":[{"not_picked":["Accuracy","Masterful Stab"],"picked":"Deadly Poison","floor":1},{"not_picked":["PiercingWail","Quick Slash"],"picked":"Backstab","floor":2},{"not_picked":["Catalyst","Bane"],"picked":"Dagger Throw","floor":3},{"not_picked":["PiercingWail","Catalyst"],"picked":"Terror","floor":4},{"not_picked":["Deadly Poison","Underhanded Strike"],"picked":"Predator","floor":7},{"not_picked":["Bullet Time","Unload"],"picked":"Corpse Explosion","floor":16},{"not_picked":["Concentrate","Accuracy"],"picked":"Backflip","floor":18},{"not_picked":["Skewer","Bouncing Flask"],"picked":"Quick Slash","floor":20},{"not_picked":["Distraction","Dagger Throw"],"picked":"Prepared+1","floor":22},{"not_picked":["Dagger Throw","Slice"],"picked":"Blur","floor":24},{"not_picked":["Setup","Flying Knee+1"],"picked":"Well Laid Plans+1","floor":25},{"not_picked":["Blade Dance","Bane","Crippling Poison"],"picked":"SKIP","floor":28},{"not_picked":["Accuracy+1","Underhanded Strike"],"picked":"Deadly Poison","floor":29},{"not_picked":["Blade Dance","Underhanded Strike"],"picked":"Predator+1","floor":30},{"not_picked":["Glass Knife","Bullet Time"],"picked":"Wraith Form v2","floor":33},{"not_picked":["Blade Dance+1","Slice+1"],"picked":"Noxious Fumes+1","floor":35},{"not_picked":["HandOfGreed","Good Instincts"],"picked":"Flash of Steel","floor":38},{"not_picked":["Dodge and Roll","Bane","Flying Knee"],"picked":"SKIP","floor":40},{"not_picked":["Poisoned Stab","Deadly Poison+1","All Out Attack"],"picked":"SKIP","floor":42},{"not_picked":["Dagger Spray","Poisoned Stab"],"picked":"Acrobatics+1","floor":44},{"not_picked":["Expertise+1","Dagger Spray","Dagger Throw+1"],"picked":"SKIP","floor":46},{"not_picked":["Distraction+1","Finisher"],"picked":"Noxious Fumes+1","floor":48}],"player_experience":153180,"relics_obtained":[{"floor":7,"key":"Girya"},{"floor":9,"key":"Gremlin Horn"},{"floor":24,"key":"PreservedInsect"},{"floor":26,"key":"Strawberry"},{"floor":30,"key":"Mummified Hand"},{"floor":36,"key":"Kunai"},{"floor":43,"key":"Orichalcum"},{"floor":43,"key":"Whetstone"}],"event_choices":[{"cards_removed":["Strike_G"],"damage_healed":0,"gold_gain":0,"player_choice":"Card Removal","damage_taken":0,"max_hp_gain":0,"max_hp_loss":0,"event_name":"The Cleric","floor":5,"gold_loss":50},{"damage_healed":0,"gold_gain":71,"player_choice":"Gained Gold","damage_taken":0,"max_hp_gain":0,"max_hp_loss":0,"event_name":"Golden Wing","floor":11,"gold_loss":0},{"damage_healed":0,"gold_gain":0,"player_choice":"Donut","damage_taken":0,"max_hp_gain":5,"max_hp_loss":0,"event_name":"Big Fish","floor":13,"gold_loss":0},{"cards_removed":["Strike_G"],"damage_healed":0,"gold_gain":0,"player_choice":"Purged","damage_taken":0,"max_hp_gain":0,"max_hp_loss":0,"event_name":"Purifier","floor":14,"gold_loss":0},{"damage_healed":0,"gold_gain":0,"player_choice":"Bought 1 Potion","damage_taken":0,"max_hp_gain":0,"max_hp_loss":0,"event_name":"The Woman in Blue","floor":19,"gold_loss":0},{"damage_healed":0,"gold_gain":0,"player_choice":"2 cards matched","damage_taken":0,"max_hp_gain":0,"max_hp_loss":0,"event_name":"Match and Keep!","floor":21,"gold_loss":0,"cards_obtained":["Die Die Die","Slice"]},{"damage_healed":0,"gold_gain":0,"cards_transformed":["Strike_G"],"player_choice":"Transformed","damage_taken":0,"max_hp_gain":0,"max_hp_loss":0,"event_name":"Transmorgrifier","floor":31,"gold_loss":0,"cards_obtained":["After Image"]},{"damage_healed":0,"gold_gain":0,"player_choice":"Memory 1","damage_taken":0,"max_hp_gain":0,"max_hp_loss":0,"event_name":"SensoryStone","floor":38,"gold_loss":0},{"damage_healed":0,"gold_gain":0,"player_choice":"Leave","damage_taken":0,"max_hp_gain":0,"max_hp_loss":0,"event_name":"FaceTrader","floor":39,"gold_loss":0}],"is_beta":false,"boss_relics":[{"not_picked":["Calling Bell","Fusion Hammer"],"picked":"Empty Cage"},{"not_picked":["WristBlade","Tiny House"],"picked":"Pandora\u0027s Box"}],"items_purged_floors":[],"is_endless":false,"potions_floor_spawned":[2,4,16,18,28,29,33,46,48],"ascension_level":5}