{"gold_per_floor":[116,136,136,214,226,260,260,289,337,337,29,29,47,57,57,57],"floor_reached":16,"playtime":691,"items_purged":[],"score":132,"play_id":"96de1995-3097-4793-a9bb-764ba7adc672","local_time":"20190623152210","is_ascension_mode":true,"campfire_choices":[{"floor":7,"key":"REST"},{"floor":15,"key":"REST"}],"neow_cost":"NONE","seed_source_timestamp":56329663814500,"circlet_count":0,"master_deck":["Strike_R","Strike_R","Strike_R","Strike_R","Strike_R+1","Defend_R","Defend_R","Defend_R","Defend_R","Bash","Deep Breath","Heavy Blade","Headbutt","Heavy Blade+1","Armaments","Pommel Strike","Barricade","Parasite","Headbutt","Whirlwind"],"relics":["Burning Blood","Dodecahedron","Happy Flower","Lantern","Strawberry"],"potions_floor_usage":[6,16],"damage_taken":[{"damage":6,"enemies":"Jaw Worm","floor":1,"turns":5},{"damage":6,"enemies":"Small Slimes","floor":2,"turns":3},{"damage":0,"enemies":"Cultist","floor":5,"turns":4},{"damage":58,"enemies":"Lagavulin","floor":6,"turns":8},{"damage":35,"enemies":"3 Sentries","floor":8,"turns":11},{"damage":26,"enemies":"Exordium Wildlife","floor":13,"turns":5},{"damage":4,"enemies":"2 Fungi Beasts","floor":14,"turns":3},{"damage":46,"enemies":"Slime Boss","floor":16,"turns":5}],"seed_played":"935591311678297299","potions_obtained":[{"floor":2,"key":"SteroidPotion"},{"floor":8,"key":"Weak Potion"}],"is_trial":false,"path_per_floor":["M","M","?","?","M","E","R","E","T","?","$","?","M","M","R","B"],"character_chosen":"IRONCLAD","items_purchased":["Barricade","Strawberry"],"campfire_rested":2,"item_purchase_floors":[11,11],"current_hp_per_floor":[80,80,80,80,80,28,52,23,23,7,14,35,15,17,43,0],"gold":57,"neow_bonus":"RANDOM_COLORLESS","is_prod":false,"is_daily":false,"chose_seed":false,"campfire_upgraded":0,"win_rate":0,"timestamp":1561267330,"path_taken":["M","M","?","?","M","E","R","E","T","?","$","?","M","M","R","BOSS"],"build_version":"2019-01-23","purchased_purges":0,"victory":false,"max_hp_per_floor":[80,80,80,80,80,80,80,80,80,80,87,87,87,87,87,87],"card_choices":[{"not_picked":["Disarm","Blood for Blood"],"picked":"Heavy Blade","floor":1},{"not_picked":["Warcry","Second Wind"],"picked":"Headbutt","floor":2},{"not_picked":["Sentinel","Headbutt"],"picked":"Heavy Blade","floor":5},{"not_picked":["Inflame","Heavy Blade"],"picked":"Armaments","floor":6},{"not_picked":["Seeing Red","Thunderclap"],"picked":"Pommel Strike","floor":8},{"not_picked":["Pommel Strike","Entrench"],"picked":"Headbutt","floor":13},{"not_picked":["Pommel Strike","Perfected Strike"],"picked":"Whirlwind","floor":14}],"player_experience":140233,"relics_obtained":[{"floor":6,"key":"Dodecahedron"},{"floor":8,"key":"Happy Flower"},{"floor":9,"key":"Lantern"}],"event_choices":[{"damage_healed":0,"gold_gain":0,"player_choice":"Leave","damage_taken":0,"max_hp_gain":0,"max_hp_loss":0,"event_name":"The Cleric","floor":3,"gold_loss":0},{"damage_healed":0,"gold_gain":78,"player_choice":"Gained Gold","damage_taken":0,"max_hp_gain":0,"max_hp_loss":0,"event_name":"Golden Wing","floor":4,"gold_loss":0},{"damage_healed":0,"gold_gain":0,"player_choice":"Entered Light","damage_taken":16,"max_hp_gain":0,"max_hp_loss":0,"event_name":"Shining Light","floor":10,"gold_loss":0,"cards_upgraded":["Strike_R","Heavy Blade"]},{"damage_healed":21,"gold_gain":0,"player_choice":"Healed and dodged fight","damage_taken":0,"max_hp_gain":0,"max_hp_loss":0,"event_name":"Mushrooms","floor":12,"gold_loss":0,"cards_obtained":["Parasite"]}],"is_beta":false,"boss_relics":[],"items_purged_floors":[],"is_endless":false,"potions_floor_spawned":[2,8],"killed_by":"Slime Boss","ascension_level":4}