{"gold_per_floor":[115,95,20,35,35,70,70,81,81,109,119,131,131],"floor_reached":13,"playtime":516,"items_purged":["Strike_G"],"score":216,"play_id":"4f5ac898-f621-4ef3-ad7b-ec5e7247d71a","local_time":"20190616130226","is_ascension_mode":true,"campfire_choices":[{"data":"Neutralize","floor":7,"key":"SMITH"}],"neow_cost":"NONE","seed_source_timestamp":328530033314694,"circlet_count":0,"master_deck":["AscendersBane","Defend_G","Defend_G","Defend_G","Defend_G","Defend_G","Strike_G","Strike_G","Strike_G","Strike_G","Survivor","Neutralize+1","Backflip","Well Laid Plans","Backstab","Cloak And Dagger","Malaise","Dagger Spray"],"relics":["Ring of the Snake","NeowsBlessing","Pantograph","Gremlin Horn","Bottled Flame"],"potions_floor_usage":[10,10],"damage_taken":[{"damage":0,"enemies":"Small Slimes","floor":1,"turns":1},{"damage":0,"enemies":"Cultist","floor":4,"turns":1},{"damage":0,"enemies":"Lagavulin","floor":6,"turns":1},{"damage":7,"enemies":"Jaw Worm","floor":8,"turns":4},{"damage":24,"enemies":"Gremlin Nob","floor":10,"turns":6},{"damage":8,"enemies":"Large Slime","floor":11,"turns":9},{"damage":0,"enemies":"Exordium Thugs","floor":12,"turns":6}],"seed_played":"2437403445457434358","potions_obtained":[{"floor":1,"key":"Swift Potion"},{"floor":2,"key":"SpeedPotion"},{"floor":12,"key":"Dexterity Potion"}],"is_trial":false,"path_per_floor":["M","?","$","M","$","E","R","M","T","E","M","M","?"],"character_chosen":"THE_SILENT","items_purchased":[],"campfire_rested":0,"item_purchase_floors":[],"current_hp_per_floor":[59,59,59,59,59,59,59,52,52,28,20,20,0],"gold":131,"neow_bonus":"THREE_ENEMY_KILL","is_prod":false,"is_daily":false,"chose_seed":false,"campfire_upgraded":1,"win_rate":0,"timestamp":1560661346,"path_taken":["M","?","$","?","?","E","R","M","T","E","M","M","?"],"build_version":"2019-01-23","purchased_purges":1,"victory":false,"max_hp_per_floor":[66,66,66,66,66,66,66,66,66,66,66,66,66],"card_choices":[{"not_picked":["Choke","Riddle With Holes"],"picked":"Backflip","floor":1},{"not_picked":["Poisoned Stab","Deflect"],"picked":"Well Laid Plans","floor":4},{"not_picked":["Quick Slash","Accuracy","All Out Attack"],"picked":"SKIP","floor":6},{"not_picked":["Unload","Terror"],"picked":"Backstab","floor":8},{"not_picked":["Blade Dance","Bouncing Flask"],"picked":"Cloak And Dagger","floor":10},{"not_picked":["Flying Knee","Leg Sweep"],"picked":"Malaise","floor":11},{"not_picked":["Deflect","Masterful Stab"],"picked":"Dagger Spray","floor":12}],"player_experience":879940,"relics_obtained":[{"floor":6,"key":"Pantograph"},{"floor":9,"key":"Gremlin Horn"},{"floor":10,"key":"Bottled Flame"}],"event_choices":[{"damage_healed":0,"gold_gain":0,"player_choice":"Bought 1 Potion","damage_taken":0,"max_hp_gain":0,"max_hp_loss":0,"event_name":"The Woman in Blue","floor":2,"gold_loss":0}],"is_beta":false,"boss_relics":[],"items_purged_floors":[3],"is_endless":false,"potions_floor_spawned":[1,12],"ascension_level":16}