{"gold_per_floor":[115,115,290,55,25,54,54,89,89,89,121,121,140,150,150,253,253,264,274,73,73,86,111,111,136,173,185,197,299,93,0,0,0],"floor_reached":33,"playtime":1741,"items_purged":["Doubt"],"score":434,"play_id":"ce4fd6d4-05b9-4a12-be64-c633b7e99aab","local_time":"20181102021127","is_ascension_mode":true,"campfire_choices":[{"data":"Dualcast","floor":7,"key":"SMITH"},{"data":"Trip","floor":10,"key":"SMITH"},{"data":"Self Repair","floor":12,"key":"SMITH"},{"data":"Streamline","floor":15,"key":"SMITH"},{"data":"Sweeping Beam","floor":24,"key":"SMITH"},{"floor":27,"key":"REST"},{"floor":32,"key":"REST"}],"neow_cost":"NONE","seed_source_timestamp":11984859766634,"circlet_count":0,"master_deck":["Strike_B","Strike_B","Strike_B","Defend_B","Defend_B","Defend_B","Defend_B","Zap+1","Dualcast+1","Hologram+1","Melter","Trip+1","Self Repair+1","Sweeping Beam+1","Streamline+1","All For One","Glacier+1","Steam+1","Core Surge","Rebound","Streamline+1","Gash","Panache","FTL+1"],"relics":["Cracked Core","NeowsBlessing","Oddly Smooth Stone","Question Card","Bottled Lightning","Juzu Bracelet","Sozu","War Paint","MawBank","Dream Catcher"],"potions_floor_usage":[23,25,33],"damage_taken":[{"damage":0,"enemies":"2 Louse","floor":1,"turns":1},{"damage":0,"enemies":"Lagavulin","floor":6,"turns":1},{"damage":0,"enemies":"Gremlin Nob","floor":8,"turns":1},{"damage":28,"enemies":"Lagavulin","floor":11,"turns":6},{"damage":0,"enemies":"Small Slimes","floor":13,"turns":2},{"damage":0,"enemies":"Cultist","floor":14,"turns":3},{"damage":52,"enemies":"Hexaghost","floor":16,"turns":9},{"damage":16,"enemies":"Shell Parasite","floor":18,"turns":4},{"damage":9,"enemies":"3 Byrds","floor":19,"turns":5},{"damage":0,"enemies":"Snecko","floor":22,"turns":3},{"damage":14,"enemies":"Book of Stabbing","floor":23,"turns":5},{"damage":27,"enemies":"Slavers","floor":25,"turns":4},{"damage":70,"enemies":"Automaton","floor":33,"turns":8}],"seed_played":"5637517254870021478","potions_obtained":[{"floor":1,"key":"Swift Potion"},{"floor":5,"key":"PowerPotion"},{"floor":5,"key":"FearPotion"},{"floor":11,"key":"Block Potion"}],"is_trial":false,"path_per_floor":["M","?","?","$","?","E","R","E","T","R","E","R","M","M","R","B",null,"M","M","$","?","M","E","R","E","T","R","?","?","$","?","R","B"],"character_chosen":"DEFECT","items_purchased":["Melter","Trip","Steam","Core Surge","Gash","Panache"],"campfire_rested":2,"item_purchase_floors":[4,4,20,20,30,30],"current_hp_per_floor":[75,75,75,75,75,75,75,75,75,75,47,47,57,67,67,25,63,57,58,58,58,58,54,54,37,37,59,59,45,45,45,67,0],"gold":0,"neow_bonus":"THREE_ENEMY_KILL","is_prod":false,"is_daily":false,"chose_seed":false,"campfire_upgraded":5,"win_rate":0,"timestamp":1541135487,"path_taken":["M","?","?","$","?","E","R","E","T","R","E","R","M","M","R","BOSS","M","M","$","?","M","E","R","E","T","R","?","?","$","?","R","BOSS"],"build_version":"2018-11-01","purchased_purges":1,"victory":false,"max_hp_per_floor":[75,75,75,75,75,75,75,75,75,75,75,75,75,75,75,75,75,75,75,75,75,75,75,75,75,75,75,75,75,75,75,75,75],"card_choices":[{"not_picked":["Hello World","Turbo"],"picked":"Hologram","floor":1},{"not_picked":["Biased Cognition","Steam Power","Aggregate"],"picked":"SKIP","floor":6},{"not_picked":["Barrage","Beam Cell","Rebound"],"picked":"SKIP","floor":8},{"not_picked":["Coolheaded","Cold Snap","BootSequence"],"picked":"Self Repair","floor":11},{"not_picked":["Turbo","Stack","Go for the Eyes"],"picked":"Sweeping Beam","floor":13},{"not_picked":["Chaos","Ball Lightning","Cold Snap"],"picked":"Streamline","floor":14},{"not_picked":["Fission","Seek","Thunder Strike"],"picked":"All For One","floor":16},{"not_picked":["Redo","Chill","Compile Driver"],"picked":"Glacier","floor":18},{"not_picked":["Barrage","Turbo","Ball Lightning","Heatsinks"],"picked":"SKIP","floor":19},{"not_picked":["Hologram","Aggregate","Leap","Beam Cell"],"picked":"SKIP","floor":22},{"not_picked":["Coolheaded","Conserve Battery","Auto Shields+1"],"picked":"Rebound","floor":23},{"not_picked":["Beam Cell","Seek","Coolheaded","Melter"],"picked":"SKIP","floor":25},{"not_picked":["Stack","Compile Driver+1","Turbo+1"],"picked":"Streamline+1","floor":27},{"not_picked":["Ball Lightning+1","Static Discharge","Genetic Algorithm"],"picked":"FTL+1","floor":32}],"player_experience":239389,"relics_obtained":[{"floor":6,"key":"Oddly Smooth Stone"},{"floor":8,"key":"Question Card"},{"floor":9,"key":"Bottled Lightning"},{"floor":11,"key":"Juzu Bracelet"},{"floor":23,"key":"War Paint"},{"floor":25,"key":"MawBank"},{"floor":26,"key":"Dream Catcher"}],"event_choices":[{"damage_healed":0,"gold_gain":0,"player_choice":"Grow","damage_taken":0,"max_hp_gain":0,"max_hp_loss":0,"event_name":"Living Wall","floor":2,"gold_loss":0,"cards_upgraded":["Hologram"]},{"damage_healed":0,"gold_gain":175,"player_choice":"AGREE","damage_taken":0,"max_hp_gain":0,"max_hp_loss":0,"event_name":"Liars Game","floor":3,"gold_loss":0,"cards_obtained":["Doubt"]},{"damage_healed":0,"gold_gain":0,"player_choice":"Bought 2 Potions","damage_taken":0,"max_hp_gain":0,"max_hp_loss":0,"event_name":"The Woman in Blue","floor":5,"gold_loss":0},{"cards_removed":["Strike_B"],"damage_healed":0,"gold_gain":0,"player_choice":"Card Removal","damage_taken":0,"max_hp_gain":0,"max_hp_loss":0,"event_name":"Wheel of Change","floor":21,"gold_loss":0},{"damage_healed":0,"gold_gain":0,"player_choice":"Upgraded","damage_taken":0,"max_hp_gain":0,"max_hp_loss":0,"event_name":"Upgrade Shrine","floor":28,"gold_loss":0,"cards_upgraded":["Glacier"]},{"damage_healed":0,"gold_gain":90,"player_choice":"GOLD ","damage_taken":14,"max_hp_gain":0,"max_hp_loss":0,"event_name":"Knowing Skull","floor":29,"potions_obtained":[],"gold_loss":0,"cards_obtained":[]},{"damage_healed":0,"gold_gain":0,"player_choice":"Paid Fearfully","damage_taken":0,"max_hp_gain":0,"max_hp_loss":0,"event_name":"Masked Bandits","floor":31,"gold_loss":93}],"is_beta":false,"boss_relics":[{"not_picked":["Astrolabe","Lizard Tail"],"picked":"Sozu"}],"items_purged_floors":[4],"is_endless":false,"potions_floor_spawned":[1,8,11,19,25],"killed_by":"Automaton","ascension_level":5}