{"gold_per_floor":[144,109,284,10,55,145,235,9,9,9,54,189,279,279,279,579,579,624,624,40,85,85,175,52,52,77,122,212,212,257,557,557,857,857,902,902,1202,1280,12,102,147,197,272,62,107,33,78,168,168,168],"floor_reached":51,"playtime":3916,"items_purged":["Pain","Pain","Doubt","Doubt"],"score":1107,"play_id":"96aeb595-de74-40d8-8ace-edd6ddf06907","local_time":"20190117232336","daily_mods":["Shiny","Flight","Midas"],"is_ascension_mode":false,"campfire_choices":[{"floor":10,"key":"REST"},{"floor":15,"key":"REST"},{"floor":32,"key":"REST"},{"data":"PanicButton","floor":49,"key":"PURGE"}],"neow_cost":"","seed_source_timestamp":0,"circlet_count":0,"master_deck":["Venomology","Corpse Explosion","Malaise","Phantasmal Killer","Die Die Die","Adrenaline+1","Envenom","Doppelganger","Burst","Wraith Form v2","Tools of the Trade","Night Terror","Unload","After Image","Bullet Time","Storm of Steel","Glass Knife+1","A Thousand Cuts","Grand Finale","Backstab","Cloak And Dagger","Bane","Footwork","Deflect","Blur","Discovery","Backflip","Cloak And Dagger","Quick Slash","A Thousand Cuts","Accuracy+1","Caltrops","Endless Agony","PiercingWail","Bouncing Flask","Bandage Up","Blade Dance+1","Terror+1","Flying Knee","Acrobatics+1","Unload","Dodge and Roll+1","Enlightenment","Violence","Chrysalis","Endless Agony+1","Outmaneuver","Accuracy","Magnetism","Dramatic Entrance","Mind Blast","Terror+1","Dagger Spray+1","Backstab","Dramatic Entrance","Flying Knee+1"],"special_seed":17914,"relics":["Ring of the Snake","Mercury Hourglass","Mummified Hand","The Courier","Regal Pillow","Pear","Strawberry","FossilizedHelix","Calling Bell","Omamori","Blue Candle","Torii","Happy Flower","Gremlin Horn","Pen Nib","Smiling Mask","Ninja Scroll","WarpedTongs","Bronze Scales","Matryoshka","Centennial Puzzle","Bag of Preparation","Dead Branch","Bottled Lightning","Fusion Hammer","Peace Pipe","Tingsha","Unceasing Top","Ginger","Ornamental Fan","Boot","Letter Opener","Orichalcum","Lantern","Shuriken","Lee\u0027s Waffle","Ancient Tea Set"],"potions_floor_usage":[1,6,7,16,21,21,23,27,30,30,30,31,33,33,33,38,40,40,45,50,50,50],"damage_taken":[{"damage":13,"enemies":"Jaw Worm","floor":1,"turns":4},{"damage":6,"enemies":"2 Louse","floor":5,"turns":2},{"damage":37,"enemies":"Gremlin Nob","floor":6,"turns":5},{"damage":13,"enemies":"Lagavulin","floor":7,"turns":5},{"damage":4,"enemies":"Cultist","floor":11,"turns":3},{"damage":0,"enemies":"Gremlin Nob","floor":12,"turns":2},{"damage":0,"enemies":"3 Sentries","floor":13,"turns":3},{"damage":0,"enemies":"Slime Boss","floor":16,"turns":5},{"damage":4,"enemies":"Chosen","floor":18,"turns":4},{"damage":20,"enemies":"3 Byrds","floor":21,"turns":4},{"damage":4,"enemies":"Slavers","floor":23,"turns":5},{"damage":0,"enemies":"Snecko","floor":27,"turns":3},{"damage":18,"enemies":"Gremlin Leader","floor":28,"turns":4},{"damage":0,"enemies":"Centurion and Healer","floor":30,"turns":3},{"damage":0,"enemies":"Colosseum Slavers","floor":31,"turns":1},{"damage":0,"enemies":"Colosseum Nobs","floor":31,"turns":4},{"damage":0,"enemies":"Collector","floor":33,"turns":4},{"damage":27,"enemies":"3 Darklings","floor":35,"turns":3},{"damage":0,"enemies":"Mind Bloom Boss Battle","floor":37,"turns":5},{"damage":0,"enemies":"2 Orb Walkers","floor":38,"turns":2},{"damage":6,"enemies":"Giant Head","floor":40,"turns":6},{"damage":0,"enemies":"Orb Walker","floor":41,"turns":1},{"damage":0,"enemies":"Maw","floor":45,"turns":2},{"damage":3,"enemies":"Sphere and 2 Shapes","floor":47,"turns":1},{"damage":0,"enemies":"Nemesis","floor":48,"turns":2},{"damage":51,"enemies":"Awakened One","floor":50,"turns":7}],"seed_played":"-3106204693525257562","potions_obtained":[{"floor":1,"key":"Fruit Juice"},{"floor":6,"key":"Energy Potion"},{"floor":11,"key":"Poison Potion"},{"floor":12,"key":"SteroidPotion"},{"floor":21,"key":"EssenceOfSteel"},{"floor":30,"key":"Regen Potion"},{"floor":31,"key":"EssenceOfSteel"},{"floor":33,"key":"LiquidBronze"},{"floor":40,"key":"GhostInAJar"},{"floor":45,"key":"SmokeBomb"},{"floor":47,"key":"Weak Potion"}],"is_trial":false,"path_per_floor":["M","?","?","$","M","E","E","$","T","R","M","?","E","?","R","B",null,"M","?","$","M","?","E","$","?","T","M","E","T","M","?","R","B",null,"M","?","?","?","$","E","M","T","T","$","M","$","M","E","R","B",null],"character_chosen":"THE_SILENT","items_purchased":["Mercury Hourglass","Cloak And Dagger","Blur","Regal Pillow","Discovery","Happy Flower","Gremlin Horn","Pen Nib","Caltrops","Endless Agony","Bandage Up","Unceasing Top","Accuracy","Magnetism","Dramatic Entrance","Mind Blast","Ginger","Ornamental Fan","Boot","PanicButton","Lee\u0027s Waffle","Dramatic Entrance"],"campfire_rested":3,"item_purchase_floors":[4,4,8,8,8,20,20,20,20,20,24,39,39,39,39,39,39,39,39,39,44,46],"current_hp_per_floor":[62,75,75,75,69,32,19,19,29,69,65,72,72,54,92,92,92,88,88,88,68,68,64,64,64,64,64,50,50,54,66,92,92,92,65,55,59,63,63,61,65,65,65,99,99,99,96,96,96,45],"gold":168,"neow_bonus":"","is_prod":false,"is_daily":true,"chose_seed":false,"campfire_upgraded":0,"win_rate":0,"timestamp":1547785416,"path_taken":["M","?","?","?","?","E","E","$","T","R","?","?","E","?","R","BOSS","M","?","$","M","?","E","?","?","T","?","E","?","?","?","R","BOSS","M","?","?","?","$","E","M","?","T","$","M","?","?","E","R","BOSS"],"build_version":"2019-01-17","purchased_purges":4,"victory":true,"max_hp_per_floor":[75,75,75,75,75,75,75,75,85,85,85,92,92,92,92,92,92,92,92,92,92,92,92,92,92,92,92,92,92,92,92,92,92,92,92,92,92,92,92,92,92,92,92,99,99,99,99,99,99,99],"card_choices":[{"not_picked":["Blur","Predator"],"picked":"Backstab","floor":1},{"not_picked":["Reflex","Concentrate"],"picked":"Bane","floor":5},{"not_picked":["Bouncing Flask","Choke"],"picked":"Footwork","floor":6},{"not_picked":["Quick Slash","Terror"],"picked":"Deflect","floor":7},{"not_picked":["Slice","Well Laid Plans"],"picked":"Backflip","floor":11},{"not_picked":["Acrobatics","Sucker Punch"],"picked":"Cloak And Dagger","floor":12},{"not_picked":["Calculated Gamble","Bane"],"picked":"Quick Slash","floor":13},{"not_picked":["Doppelganger","Phantasmal Killer"],"picked":"A Thousand Cuts","floor":16},{"not_picked":["Backflip","Setup"],"picked":"Accuracy+1","floor":18},{"not_picked":["Calculated Gamble","Choke"],"picked":"PiercingWail","floor":21},{"not_picked":["Poisoned Stab","Acrobatics"],"picked":"Bouncing Flask","floor":23},{"not_picked":["Terror","Concentrate"],"picked":"Blade Dance+1","floor":27},{"not_picked":["Deflect","Dagger Spray"],"picked":"Terror+1","floor":28},{"not_picked":["Adrenaline","Eviscerate"],"picked":"Flying Knee","floor":30},{"not_picked":["Deflect+1","Dodge and Roll"],"picked":"Acrobatics+1","floor":31},{"not_picked":["Grand Finale","Wraith Form v2"],"picked":"Unload","floor":33},{"not_picked":["Escape Plan","Acrobatics"],"picked":"Dodge and Roll+1","floor":35},{"not_picked":["Panacea","Finesse"],"picked":"Enlightenment","floor":36},{"not_picked":["Purity","Enlightenment"],"picked":"Violence","floor":36},{"not_picked":["Dark Shackles","Dramatic Entrance"],"picked":"Chrysalis","floor":36},{"not_picked":["Expertise+1","Acrobatics+1"],"picked":"Endless Agony+1","floor":37},{"not_picked":["Finisher","Escape Plan+1"],"picked":"Outmaneuver","floor":38},{"not_picked":["Reflex+1","Prepared"],"picked":"Terror+1","floor":40},{"not_picked":["Blur+1","Acrobatics"],"picked":"Dagger Spray+1","floor":41},{"not_picked":["Setup","Dagger Spray+1"],"picked":"Backstab","floor":45},{"not_picked":["Well Laid Plans","Crippling Poison"],"picked":"Flying Knee+1","floor":47},{"not_picked":["Dagger Spray","Flying Knee","Sucker Punch"],"picked":"SKIP","floor":48}],"player_experience":315799,"relics_obtained":[{"floor":6,"key":"Mummified Hand"},{"floor":7,"key":"The Courier"},{"floor":9,"key":"Pear"},{"floor":13,"key":"FossilizedHelix"},{"floor":17,"key":"Omamori"},{"floor":17,"key":"Blue Candle"},{"floor":17,"key":"Torii"},{"floor":23,"key":"Ninja Scroll"},{"floor":26,"key":"Bronze Scales"},{"floor":28,"key":"Matryoshka"},{"floor":29,"key":"Centennial Puzzle"},{"floor":29,"key":"Bag of Preparation"},{"floor":31,"key":"Dead Branch"},{"floor":31,"key":"Bottled Lightning"},{"floor":37,"key":"Peace Pipe"},{"floor":38,"key":"Tingsha"},{"floor":40,"key":"Letter Opener"},{"floor":42,"key":"Orichalcum"},{"floor":42,"key":"Lantern"},{"floor":43,"key":"Shuriken"},{"floor":48,"key":"Ancient Tea Set"}],"event_choices":[{"damage_healed":18,"gold_gain":0,"player_choice":"Healed","damage_taken":0,"max_hp_gain":0,"max_hp_loss":0,"event_name":"The Cleric","floor":2,"gold_loss":35},{"damage_healed":0,"gold_gain":175,"player_choice":"AGREE","damage_taken":0,"max_hp_gain":0,"max_hp_loss":0,"event_name":"Liars Game","floor":3,"gold_loss":0,"cards_obtained":["Doubt"]},{"damage_healed":0,"gold_gain":0,"player_choice":"Searched \u00273\u0027 times","damage_taken":0,"relics_obtained":["Strawberry"],"max_hp_gain":0,"max_hp_loss":0,"event_name":"Dead Adventurer","floor":12,"gold_loss":0},{"damage_healed":0,"gold_gain":0,"player_choice":"Entered Light","damage_taken":18,"max_hp_gain":0,"max_hp_loss":0,"event_name":"Shining Light","floor":14,"gold_loss":0,"cards_upgraded":["Glass Knife","Adrenaline"]},{"damage_healed":0,"gold_gain":0,"player_choice":"Ignored","damage_taken":0,"max_hp_gain":0,"max_hp_loss":0,"event_name":"Vampires","floor":19,"gold_loss":0},{"damage_healed":0,"gold_gain":0,"player_choice":"Stole Relic","damage_taken":0,"relics_obtained":["Smiling Mask"],"max_hp_gain":0,"max_hp_loss":0,"event_name":"Addict","floor":22,"gold_loss":0,"cards_obtained":["Shame"]},{"damage_healed":0,"gold_gain":0,"player_choice":"Rummage","damage_taken":0,"relics_obtained":["WarpedTongs"],"max_hp_gain":0,"max_hp_loss":0,"event_name":"Accursed Blacksmith","floor":25,"gold_loss":0,"cards_obtained":["Pain"]},{"damage_healed":0,"gold_gain":0,"player_choice":"Fight","damage_taken":0,"max_hp_gain":0,"max_hp_loss":0,"event_name":"Colosseum","floor":31,"gold_loss":0},{"damage_healed":0,"gold_gain":0,"player_choice":"Fought Nobs","damage_taken":0,"max_hp_gain":0,"max_hp_loss":0,"event_name":"Colosseum","floor":31,"gold_loss":0},{"damage_healed":0,"gold_gain":0,"player_choice":"Memory 3","damage_taken":10,"max_hp_gain":0,"max_hp_loss":0,"event_name":"SensoryStone","floor":36,"gold_loss":0},{"damage_healed":0,"gold_gain":0,"player_choice":"Fight","damage_taken":0,"max_hp_gain":0,"max_hp_loss":0,"event_name":"MindBloom","floor":37,"gold_loss":0},{"damage_healed":0,"gold_gain":0,"player_choice":"Fight","damage_taken":0,"max_hp_gain":0,"max_hp_loss":0,"event_name":"Mysterious Sphere","floor":38,"gold_loss":0}],"is_beta":false,"boss_relics":[{"not_picked":["Orrery","Lizard Tail"],"picked":"Calling Bell"},{"not_picked":["Philosopher\u0027s Stone","Tiny House"],"picked":"Fusion Hammer"}],"items_purged_floors":[20,24,39,44],"is_endless":false,"potions_floor_spawned":[1,6,11,12,21,30,31,31,33,40,45,47],"ascension_level":0}