{"gold_per_floor":[118,118,132,152,152,152,172,172,217,63,393,413,413,424,424,520,520,534,55,75,0,0,0,0,0,30,30,45,55,75,75],"floor_reached":31,"playtime":1650,"items_purged":["Regret","Defend_R"],"score":308,"play_id":"56e38b93-6b3b-4199-aea4-d245c6e8207b","local_time":"20181105043229","is_ascension_mode":true,"campfire_choices":[{"data":"Uppercut","floor":6,"key":"SMITH"},{"data":"Bash","floor":8,"key":"SMITH"},{"data":"Pommel Strike","floor":15,"key":"SMITH"},{"data":"Mayhem","floor":23,"key":"SMITH"},{"data":"True Grit","floor":25,"key":"SMITH"},{"floor":27,"key":"REST"}],"neow_cost":"NONE","seed_source_timestamp":47412715618557,"circlet_count":0,"master_deck":["Strike_R+1","Strike_R+1","Defend_R","Defend_R+1","Bash+1","True Grit+1","Havoc+1","Uppercut+1","Sentinel","Dropkick","Spot Weakness","Pommel Strike+1","Exhume","Rampage+1","Inflame+1","Exhume+1","True Grit+1","Mayhem+1","Pommel Strike","Warcry","Power Through"],"relics":["Burning Blood","War Paint","Whetstone","Old Coin","Astrolabe","Tiny Chest"],"potions_floor_usage":[14,20,29,31,31],"damage_taken":[{"damage":3,"enemies":"2 Louse","floor":1,"turns":3},{"damage":13,"enemies":"Small Slimes","floor":3,"turns":4},{"damage":5,"enemies":"Jaw Worm","floor":4,"turns":3},{"damage":3,"enemies":"Gremlin Gang","floor":7,"turns":6},{"damage":13,"enemies":"Lagavulin","floor":11,"turns":6},{"damage":5,"enemies":"2 Fungi Beasts","floor":12,"turns":3},{"damage":3,"enemies":"Looter","floor":14,"turns":2},{"damage":51,"enemies":"Slime Boss","floor":16,"turns":13},{"damage":13,"enemies":"Shell Parasite","floor":18,"turns":5},{"damage":26,"enemies":"2 Thieves","floor":20,"turns":5},{"damage":39,"enemies":"Centurion and Healer","floor":28,"turns":6},{"damage":18,"enemies":"Snake Plant","floor":29,"turns":5},{"damage":5,"enemies":"Shelled Parasite and Fungi","floor":30,"turns":4},{"damage":36,"enemies":"Cultist and Chosen","floor":31,"turns":5}],"seed_played":"5698380973956750179","potions_obtained":[{"floor":3,"key":"EssenceOfSteel"},{"floor":7,"key":"SkillPotion"},{"floor":13,"key":"Block Potion"},{"floor":13,"key":"AttackPotion"},{"floor":14,"key":"Fruit Juice"},{"floor":20,"key":"Swift Potion"},{"floor":28,"key":"PowerPotion"},{"floor":30,"key":"SpeedPotion"}],"is_trial":false,"path_per_floor":["M","?","M","M","?","R","M","R","T","$","E","M","?","M","R","B",null,"M","$","M","?","?","R","$","R","T","R","M","M","M","M"],"character_chosen":"IRONCLAD","items_purchased":["Regen Potion","Mayhem","Dark Embrace","Pommel Strike"],"campfire_rested":1,"item_purchase_floors":[10,19,19,19],"current_hp_per_floor":[75,75,68,69,69,69,72,72,72,72,65,66,66,74,74,29,71,64,64,44,44,44,44,44,44,44,69,36,24,25,0],"gold":75,"neow_bonus":"REMOVE_CARD","is_prod":false,"is_daily":false,"chose_seed":false,"campfire_upgraded":5,"win_rate":0,"timestamp":1541403149,"path_taken":["M","?","M","M","?","R","M","R","T","$","E","M","?","M","R","BOSS","M","$","?","?","?","R","$","R","T","R","M","M","M","?"],"build_version":"2018-11-01","purchased_purges":2,"victory":false,"max_hp_per_floor":[80,80,80,80,80,80,80,80,80,80,80,80,80,85,85,85,85,85,85,85,85,85,85,85,85,85,85,85,85,85,85],"card_choices":[{"not_picked":["Anger","Wild Strike"],"picked":"True Grit","floor":1},{"not_picked":["Infernal Blade","True Grit"],"picked":"Havoc","floor":3},{"not_picked":["Perfected Strike","Iron Wave"],"picked":"Uppercut","floor":4},{"not_picked":["True Grit","Rupture"],"picked":"Sentinel","floor":7},{"not_picked":["Feed","Heavy Blade"],"picked":"Dropkick","floor":11},{"not_picked":["Headbutt","Warcry"],"picked":"Spot Weakness","floor":12},{"not_picked":["Shrug It Off","Flex"],"picked":"Pommel Strike","floor":14},{"not_picked":["Offering","Demon Form"],"picked":"Exhume","floor":16},{"not_picked":["Heavy Blade","Spot Weakness"],"picked":"True Grit","floor":18},{"not_picked":["Cleave","Anger"],"picked":"Warcry","floor":20},{"not_picked":["Anger","Flex"],"picked":"Power Through","floor":28},{"not_picked":["Inflame","Rampage","Body Slam"],"picked":"SKIP","floor":29},{"not_picked":["Wild Strike","Anger","Rupture+1"],"picked":"SKIP","floor":30}],"player_experience":289270,"relics_obtained":[{"floor":9,"key":"Whetstone"},{"floor":11,"key":"Old Coin"},{"floor":26,"key":"Tiny Chest"}],"event_choices":[{"damage_healed":0,"gold_gain":0,"player_choice":"Grow","damage_taken":0,"max_hp_gain":0,"max_hp_loss":0,"event_name":"Living Wall","floor":2,"gold_loss":0,"cards_upgraded":["True Grit"]},{"damage_healed":0,"gold_gain":0,"player_choice":"Box","damage_taken":0,"relics_obtained":["War Paint"],"max_hp_gain":0,"max_hp_loss":0,"event_name":"Big Fish","floor":5,"gold_loss":0,"cards_obtained":["Regret"]},{"damage_healed":0,"gold_gain":0,"player_choice":"Got Potions","damage_taken":0,"max_hp_gain":0,"max_hp_loss":0,"event_name":"Lab","floor":13,"gold_loss":0},{"damage_healed":0,"gold_gain":0,"player_choice":"Paid Fearfully","damage_taken":0,"max_hp_gain":0,"max_hp_loss":0,"event_name":"Masked Bandits","floor":21,"gold_loss":75},{"cards_removed":["Dark Embrace"],"damage_healed":0,"gold_gain":0,"player_choice":"Purged","damage_taken":0,"max_hp_gain":0,"max_hp_loss":0,"event_name":"Purifier","floor":22,"gold_loss":0}],"is_beta":false,"boss_relics":[{"not_picked":["Black Blood","Black Star"],"picked":"Astrolabe"}],"items_purged_floors":[10,19],"is_endless":false,"potions_floor_spawned":[3,7,14,20,28,30],"killed_by":"Cultist and Chosen","ascension_level":6}