{"gold_per_floor":[118,136,36,51,27,27,27,27,27,27,87,87,98,98,98,193,193,193,193,193,193,193,193,193,1,1,1,1,1,1,1,1,1,1,1,1,1,1,1,1,1,1,1,1,1,1],"floor_reached":46,"playtime":4103,"items_purged":["Strike_G"],"score":818,"play_id":"fa4c6210-1852-4cac-8d52-44b084fef72b","local_time":"20190612185828","is_ascension_mode":true,"campfire_choices":[{"data":"Glass Knife","floor":6,"key":"SMITH"},{"data":"Neutralize","floor":7,"key":"SMITH"},{"data":"Backflip","floor":8,"key":"SMITH"},{"data":"Leg Sweep","floor":12,"key":"SMITH"},{"data":"Backflip","floor":15,"key":"SMITH"},{"data":"Footwork","floor":23,"key":"SMITH"},{"data":"Footwork","floor":24,"key":"SMITH"},{"data":"Survivor","floor":28,"key":"SMITH"},{"data":"Infinite Blades","floor":32,"key":"SMITH"},{"floor":44,"key":"REST"}],"neow_cost":"TEN_PERCENT_HP_LOSS","seed_source_timestamp":703411278174,"circlet_count":0,"master_deck":["AscendersBane","Defend_G","Defend_G","Defend_G","Strike_G+1","Strike_G","Strike_G","Strike_G","Survivor+1","Neutralize+1","Glass Knife+1","Backflip+1","Flying Knee+1","Leg Sweep+1","Backflip+1","Dodge and Roll+1","Footwork+1","Footwork+1","Acrobatics+1","Infinite Blades+1","Blade Dance+1","Adrenaline","Heel Hook+1","Discovery","Accuracy","Blade Dance","Parasite","Backstab+1","After Image","Finisher+1"],"relics":["Ring of the Snake","WingedGreaves","Whetstone","Ninja Scroll","Pear","Ectoplasm","HandDrill","Sundial","Molten Egg 2","Lizard Tail","Ornamental Fan","Dodecahedron","Pantograph"],"potions_floor_usage":[16,16,27,33,41,45],"damage_taken":[{"damage":0,"enemies":"Cultist","floor":1,"turns":6},{"damage":1,"enemies":"2 Louse","floor":2,"turns":3},{"damage":0,"enemies":"Small Slimes","floor":4,"turns":4},{"damage":6,"enemies":"Gremlin Nob","floor":11,"turns":3},{"damage":0,"enemies":"Looter","floor":13,"turns":2},{"damage":47,"enemies":"Slime Boss","floor":16,"turns":18},{"damage":0,"enemies":"Shell Parasite","floor":18,"turns":4},{"damage":0,"enemies":"Spheric Guardian","floor":20,"turns":4},{"damage":2,"enemies":"Cultist and Chosen","floor":27,"turns":12},{"damage":0,"enemies":"Book of Stabbing","floor":29,"turns":8},{"damage":0,"enemies":"Snake Plant","floor":30,"turns":6},{"damage":9,"enemies":"Automaton","floor":33,"turns":15},{"damage":2,"enemies":"3 Shapes","floor":35,"turns":6},{"damage":26,"enemies":"Orb Walker","floor":38,"turns":4},{"damage":4,"enemies":"Sphere and 2 Shapes","floor":39,"turns":7},{"damage":17,"enemies":"Reptomancer","floor":40,"turns":11},{"damage":9,"enemies":"Writhing Mass","floor":41,"turns":8},{"damage":59,"enemies":"Giant Head","floor":42,"turns":14},{"damage":31,"enemies":"3 Darklings","floor":45,"turns":9},{"damage":25,"enemies":"Nemesis","floor":46,"turns":2}],"seed_played":"-1376899118030479700","potions_obtained":[{"floor":2,"key":"Energy Potion"},{"floor":11,"key":"LiquidBronze"},{"floor":16,"key":"GhostInAJar"},{"floor":18,"key":"Weak Potion"},{"floor":27,"key":"SneckoOil"},{"floor":29,"key":"Poison Potion"},{"floor":33,"key":"Ancient Potion"},{"floor":41,"key":"Ancient Potion"},{"floor":42,"key":"Regen Potion"}],"is_trial":false,"path_per_floor":["M","M","$","M","?","R","R","R","T","?","?","R","M","T","R","B",null,"M","?","M","?","?","R","R","$","T","M","R","E","M","?","R","B",null,"M","$","?","M","M","E","M","E","T","R","M","E"],"character_chosen":"THE_SILENT","items_purchased":["Backflip","HandDrill"],"campfire_rested":1,"item_purchase_floors":[3,25],"current_hp_per_floor":[63,62,62,62,62,62,62,62,62,55,49,49,49,59,59,12,58,58,58,58,58,45,45,45,45,45,43,43,43,43,43,43,34,67,65,65,65,39,35,18,9,9,9,32,16,0],"gold":1,"neow_bonus":"ONE_RARE_RELIC","is_prod":false,"is_daily":false,"chose_seed":false,"campfire_upgraded":9,"win_rate":0,"timestamp":1560337108,"path_taken":["M","M","$","?","?","R","R","R","T","?","?","R","M","?","R","BOSS","M","?","?","?","?","R","R","$","T","M","R","E","M","?","R","BOSS","M","$","?","M","M","E","M","E","T","R","M","E"],"build_version":"2019-01-23","purchased_purges":1,"victory":false,"max_hp_per_floor":[63,63,63,63,63,63,63,63,63,63,63,63,63,73,73,73,73,73,73,73,73,78,78,78,78,78,78,78,78,78,78,78,78,78,78,78,78,78,78,78,78,78,78,78,78,78],"card_choices":[{"not_picked":["Underhanded Strike","Blade Dance","Quick Slash"],"picked":"SKIP","floor":1},{"not_picked":["Deadly Poison","Sucker Punch"],"picked":"Glass Knife","floor":2},{"not_picked":["Slice","Flechettes"],"picked":"Flying Knee","floor":4},{"not_picked":["Dagger Spray","Distraction"],"picked":"Leg Sweep","floor":11},{"not_picked":["Accuracy","Concentrate"],"picked":"Backflip","floor":13},{"not_picked":["Prepared","Tactician"],"picked":"Dodge and Roll+1","floor":18},{"not_picked":["Backflip","Underhanded Strike"],"picked":"Footwork","floor":20},{"not_picked":["Deflect","Reflex"],"picked":"Acrobatics+1","floor":27},{"not_picked":["Well Laid Plans","Reflex"],"picked":"Infinite Blades","floor":29},{"not_picked":["Dodge and Roll","Catalyst"],"picked":"Blade Dance+1","floor":30},{"not_picked":["Grand Finale+1","Die Die Die+1"],"picked":"Adrenaline","floor":33},{"not_picked":["Dagger Throw+1","Terror+1"],"picked":"Heel Hook+1","floor":35},{"not_picked":["Enlightenment","Metamorphosis"],"picked":"Discovery","floor":37},{"not_picked":["Blade Dance","Bane+1","Cloak And Dagger"],"picked":"SKIP","floor":38},{"not_picked":["Slice+1","Flying Knee+1"],"picked":"Accuracy","floor":39},{"not_picked":["Endless Agony+1","Dodge and Roll"],"picked":"Blade Dance","floor":40},{"not_picked":["Acrobatics","Outmaneuver"],"picked":"Backstab+1","floor":41},{"not_picked":["Poisoned Stab+1","Backstab+1"],"picked":"After Image","floor":42},{"not_picked":["Tactician","Deadly Poison+1"],"picked":"Finisher+1","floor":45}],"player_experience":806857,"relics_obtained":[{"floor":9,"key":"Whetstone"},{"floor":11,"key":"Ninja Scroll"},{"floor":14,"key":"Pear"},{"floor":26,"key":"Sundial"},{"floor":29,"key":"Molten Egg 2"},{"floor":40,"key":"Ornamental Fan"},{"floor":42,"key":"Dodecahedron"},{"floor":43,"key":"Pantograph"}],"event_choices":[{"damage_healed":0,"gold_gain":0,"player_choice":"Left Gold","damage_taken":0,"max_hp_gain":0,"max_hp_loss":0,"event_name":"World of Goop","floor":5,"gold_loss":24},{"cards_removed":["Defend_G"],"damage_healed":0,"gold_gain":0,"player_choice":"Card Removal","damage_taken":7,"max_hp_gain":0,"max_hp_loss":0,"event_name":"Golden Wing","floor":10,"gold_loss":0},{"damage_healed":0,"gold_gain":30,"player_choice":"Searched \u00272\u0027 times","damage_taken":0,"max_hp_gain":0,"max_hp_loss":0,"event_name":"Dead Adventurer","floor":11,"gold_loss":0},{"cards_removed":["Defend_G"],"damage_healed":0,"gold_gain":0,"player_choice":"Offered Basic","damage_taken":0,"max_hp_gain":0,"max_hp_loss":0,"event_name":"Bonfire Elementals","floor":19,"gold_loss":0},{"damage_healed":0,"gold_gain":0,"player_choice":"Read","damage_taken":0,"max_hp_gain":0,"max_hp_loss":0,"event_name":"The Library","floor":21,"gold_loss":0,"cards_obtained":["Footwork"]},{"damage_healed":0,"gold_gain":0,"player_choice":"Shed Blood","damage_taken":18,"max_hp_gain":5,"max_hp_loss":0,"event_name":"Forgotten Altar","floor":22,"gold_loss":0},{"damage_healed":0,"gold_gain":0,"player_choice":"Memory 1","damage_taken":0,"max_hp_gain":0,"max_hp_loss":0,"event_name":"SensoryStone","floor":37,"gold_loss":0}],"is_beta":false,"boss_relics":[{"not_picked":["WristBlade","Snecko Eye"],"picked":"Ectoplasm"},{"not_picked":["Empty Cage","Runic Dome"],"picked":"Lizard Tail"}],"items_purged_floors":[3],"is_endless":false,"potions_floor_spawned":[2,11,13,16,18,27,29,33,39,41,42],"killed_by":"Nemesis","ascension_level":12}