{"gold_per_floor":[119,129,129,129,146,146,172,172,172,16,33,46,59,70,70,170,170,187,202,218,218,218],"floor_reached":22,"playtime":1027,"items_purged":[],"score":238,"play_id":"5ad4e78f-4bce-4c9c-86ab-d77c64ac30d6","local_time":"20181101031848","is_ascension_mode":true,"campfire_choices":[{"data":"Echo Form","floor":6,"key":"SMITH"},{"floor":8,"key":"REST"},{"floor":15,"key":"REST"}],"neow_cost":"NONE","seed_source_timestamp":9374190719190,"circlet_count":0,"master_deck":["Strike_B","Strike_B","Strike_B","Defend_B","Defend_B","Defend_B","Defend_B","Zap","Dualcast+1","Beam Cell+1","Gash","Echo Form+1","Gash","Conserve Battery","Genetic Algorithm","Coolheaded","Hyperbeam","Hyperbeam","Streamline","Sweeping Beam","BootSequence"],"relics":["Cracked Core","Ice Cream","PreservedInsect","Nuclear Battery","Nloth\u0027s Gift"],"potions_floor_usage":[14,16,18,20,20,22],"damage_taken":[{"damage":7,"enemies":"Jaw Worm","floor":1,"turns":3},{"damage":0,"enemies":"Small Slimes","floor":2,"turns":2},{"damage":0,"enemies":"Cultist","floor":5,"turns":2},{"damage":30,"enemies":"3 Sentries","floor":7,"turns":6},{"damage":9,"enemies":"2 Fungi Beasts","floor":11,"turns":3},{"damage":12,"enemies":"Exordium Thugs","floor":12,"turns":4},{"damage":7,"enemies":"Looter","floor":13,"turns":3},{"damage":10,"enemies":"Gremlin Gang","floor":14,"turns":4},{"damage":23,"enemies":"Hexaghost","floor":16,"turns":9},{"damage":25,"enemies":"Chosen","floor":18,"turns":5},{"damage":12,"enemies":"Shell Parasite","floor":19,"turns":3},{"damage":38,"enemies":"Shelled Parasite and Fungi","floor":20,"turns":6},{"damage":12,"enemies":"Cultist and Chosen","floor":22,"turns":3}],"seed_played":"1885532103347840117","potions_obtained":[{"floor":5,"key":"EssenceOfSteel"},{"floor":13,"key":"Swift Potion"},{"floor":14,"key":"Swift Potion"},{"floor":16,"key":"Regen Potion"},{"floor":18,"key":"Explosive Potion"},{"floor":19,"key":"Weak Potion"}],"is_trial":false,"path_per_floor":["M","M","?","?","M","R","E","R","T","$","M","M","M","M","R","B",null,"M","M","M","?"],"character_chosen":"DEFECT","items_purchased":["PreservedInsect"],"campfire_rested":2,"item_purchase_floors":[10],"current_hp_per_floor":[68,68,68,68,68,68,38,60,60,60,51,39,32,22,44,21,62,51,39,1,1,0],"gold":218,"neow_bonus":"UPGRADE_CARD","is_prod":false,"is_daily":false,"chose_seed":false,"campfire_upgraded":1,"win_rate":0,"timestamp":1541053128,"path_taken":["M","M","?","?","M","R","E","R","T","$","?","M","M","M","R","BOSS","M","M","M","?","?"],"build_version":"2018-10-25v2","purchased_purges":0,"victory":false,"max_hp_per_floor":[75,75,75,75,75,75,75,75,75,75,75,75,75,75,75,75,75,75,75,75,75,75],"card_choices":[{"not_picked":["Turbo","Blizzard"],"picked":"Beam Cell","floor":1},{"not_picked":["Conserve Battery","Beam Cell"],"picked":"Gash","floor":2},{"not_picked":["Static Discharge","Sweeping Beam"],"picked":"Gash","floor":5},{"not_picked":["White Noise","Aggregate"],"picked":"Conserve Battery","floor":7},{"not_picked":["Coolheaded","Rebound"],"picked":"Genetic Algorithm","floor":11},{"not_picked":["Glacier","Reprogram","Aggregate"],"picked":"SKIP","floor":12},{"not_picked":["Storm","Defragment"],"picked":"Coolheaded","floor":13},{"not_picked":["Reprogram","Skim"],"picked":"Hyperbeam","floor":14},{"not_picked":["Amplify","Rainbow"],"picked":"Hyperbeam","floor":16},{"not_picked":["Leap","Go for the Eyes"],"picked":"Streamline","floor":18},{"not_picked":["Storm","Hello World"],"picked":"Sweeping Beam","floor":19},{"not_picked":["Steam Power","Rebound"],"picked":"BootSequence","floor":20}],"player_experience":223752,"relics_obtained":[{"floor":7,"key":"Unceasing Top"},{"floor":9,"key":"Ice Cream"}],"event_choices":[{"damage_healed":0,"gold_gain":0,"player_choice":"Grow","damage_taken":0,"max_hp_gain":0,"max_hp_loss":0,"event_name":"Living Wall","floor":3,"gold_loss":0,"cards_upgraded":["Beam Cell"]},{"damage_healed":0,"gold_gain":0,"cards_transformed":["Strike_B"],"player_choice":"Transformed","damage_taken":0,"max_hp_gain":0,"max_hp_loss":0,"event_name":"Transmorgrifier","floor":4,"gold_loss":0,"cards_obtained":["Echo Form"]},{"damage_healed":0,"gold_gain":0,"player_choice":"Traded Relic","damage_taken":0,"relics_obtained":["Nloth\u0027s Gift"],"max_hp_gain":0,"max_hp_loss":0,"event_name":"N\u0027loth","floor":21,"relics_lost":["Unceasing Top"],"gold_loss":0}],"is_beta":false,"boss_relics":[{"not_picked":["Snecko Eye","Ectoplasm"],"picked":"Nuclear Battery"}],"items_purged_floors":[],"is_endless":false,"potions_floor_spawned":[5,13,14,16,18,19],"killed_by":"Cultist and Chosen","ascension_level":5}