{"gold_per_floor":[110,165,165,18,38,78,78,117,117,130,154,154,148,114,114,237,237,262,262,36,56,56,56,97,97,97,137,137,158,13,13],"floor_reached":31,"playtime":964,"items_purged":[],"score":323,"play_id":"e48294c7-4897-4d40-b9a8-c1a7db30f075","local_time":"20180920222921","is_ascension_mode":true,"campfire_choices":[{"floor":7,"key":"REST"},{"floor":12,"key":"REST"},{"floor":15,"key":"REST"},{"data":"White Noise","floor":23,"key":"SMITH"},{"floor":25,"key":"REST"}],"neow_cost":"NONE","seed_source_timestamp":549223114561475,"circlet_count":0,"master_deck":["Strike_B","Strike_B","Strike_B","Strike_B","Defend_B","Defend_B","Defend_B","Defend_B","Zap","Dualcast","Streamline","Compile Driver","Injury","Storm","All For One","Self Repair","Static Discharge","Leap","Hologram","Loop","Capacitor","Heatsinks","Hello World","Machine Learning","Doom and Gloom","Doom and Gloom","White Noise+1","Self Repair","Sunder","Conserve Battery","Ball Lightning","Shame","Stack","Conserve Battery+1"],"relics":["Cracked Core","Golden Idol","PreservedInsect","Prayer Wheel","Emotion Chip","Singing Bowl","Nuclear Battery","Art of War","Mummified Hand","Shovel","Nunchaku","Happy Flower","Anchor"],"potions_floor_usage":[8,11,24,24,31],"damage_taken":[{"damage":0,"enemies":"Cultist","floor":1,"turns":3},{"damage":2,"enemies":"Jaw Worm","floor":5,"turns":3},{"damage":25,"enemies":"3 Sentries","floor":6,"turns":5},{"damage":20,"enemies":"Lagavulin","floor":8,"turns":5},{"damage":0,"enemies":"2 Louse","floor":10,"turns":1},{"damage":13,"enemies":"Blue Slaver","floor":11,"turns":2},{"damage":28,"enemies":"Exordium Thugs","floor":13,"turns":4},{"damage":61,"enemies":"Hexaghost","floor":16,"turns":10},{"damage":9,"enemies":"3 Byrds","floor":18,"turns":2},{"damage":19,"enemies":"Chosen","floor":21,"turns":4},{"damage":37,"enemies":"Slavers","floor":24,"turns":3},{"damage":18,"enemies":"Book of Stabbing","floor":27,"turns":4},{"damage":13,"enemies":"Snecko","floor":29,"turns":3},{"damage":24,"enemies":"Centurion and Healer","floor":31,"turns":3}],"seed_played":"6725250106325816058","potions_obtained":[{"floor":6,"key":"SkillPotion"},{"floor":8,"key":"Regen Potion"},{"floor":13,"key":"Poison Potion"},{"floor":21,"key":"LiquidBronze"},{"floor":29,"key":"Energy Potion"}],"is_trial":false,"path_per_floor":["M","?","?","$","M","E","R","E","T","M","M","R","M","$","R","B",null,"M","?","$","M","?","R","E","R","T","E","?","M","$"],"character_chosen":"DEFECT","items_purchased":["PreservedInsect","Hello World","Self Repair","Art of War","Anchor"],"campfire_rested":4,"item_purchase_floors":[4,14,20,20,30],"current_hp_per_floor":[75,75,75,75,73,48,70,50,50,50,49,71,50,50,72,18,75,66,66,66,61,61,61,24,46,46,37,37,24,24,0],"gold":13,"neow_bonus":"THREE_CARDS","is_prod":false,"is_daily":false,"chose_seed":false,"campfire_upgraded":1,"win_rate":0,"timestamp":1537496961,"path_taken":["M","?","?","?","M","E","R","E","T","?","M","R","M","$","R","BOSS","M","?","$","M","?","R","E","R","T","E","?","M","?","M"],"build_version":"2018-09-20","purchased_purges":0,"victory":false,"max_hp_per_floor":[75,75,75,75,75,75,75,75,75,75,75,75,75,75,75,75,75,75,75,75,75,75,75,75,75,75,77,77,77,77,77],"card_choices":[{"not_picked":["Compile Driver","Coolheaded"],"picked":"Streamline","floor":0},{"not_picked":["Consume","Blizzard"],"picked":"Compile Driver","floor":1},{"not_picked":["Hologram","Streamline"],"picked":"Storm","floor":5},{"not_picked":["Compile Driver","Streamline"],"picked":"All For One","floor":6},{"not_picked":["Cold Snap","Conserve Battery"],"picked":"Self Repair","floor":8},{"not_picked":["Cold Snap","Gash"],"picked":"Static Discharge","floor":10},{"not_picked":["Doom and Gloom","Fusion"],"picked":"Leap","floor":10},{"not_picked":["Steam","Coolheaded"],"picked":"Hologram","floor":11},{"not_picked":["Cold Snap","Coolheaded"],"picked":"Loop","floor":11},{"not_picked":["Coolheaded","Force Field"],"picked":"Capacitor","floor":13},{"not_picked":["BootSequence","Redo"],"picked":"Heatsinks","floor":13},{"not_picked":["Reboot","Hyperbeam"],"picked":"Machine Learning","floor":16},{"not_picked":["Undo","Double Energy"],"picked":"Doom and Gloom","floor":18},{"not_picked":["Chill","Hologram"],"picked":"Doom and Gloom","floor":18},{"not_picked":["Go for the Eyes","Chill"],"picked":"Sunder","floor":21},{"not_picked":["Compile Driver","Turbo"],"picked":"Conserve Battery","floor":21},{"not_picked":["Skim+1","Go for the Eyes"],"picked":"Ball Lightning","floor":24},{"not_picked":["Reprogram","Amplify","Coolheaded"],"picked":"Singing Bowl","floor":27},{"not_picked":["Skim+1","Hologram"],"picked":"Stack","floor":29},{"not_picked":["Darkness+1","Redo+1"],"picked":"Conserve Battery+1","floor":29}],"player_experience":157534,"relics_obtained":[{"floor":6,"key":"Prayer Wheel"},{"floor":8,"key":"Emotion Chip"},{"floor":9,"key":"Singing Bowl"},{"floor":24,"key":"Mummified Hand"},{"floor":26,"key":"Shovel"},{"floor":27,"key":"Nunchaku"}],"event_choices":[{"event_name":"Golden Wing","player_choice":"Gained Gold","floor":2,"damage_taken":0},{"event_name":"Golden Idol","player_choice":"Take Wound","floor":3,"damage_taken":0},{"event_name":"The Library","player_choice":"Read","floor":19,"damage_taken":0},{"event_name":"Ghosts","player_choice":"Ignored","floor":22,"damage_taken":0},{"event_name":"Addict","player_choice":"Stole Relic","floor":28,"damage_taken":0}],"is_beta":false,"boss_relics":[{"not_picked":["Empty Cage","Black Star"],"picked":"Nuclear Battery"}],"items_purged_floors":[],"is_endless":false,"potions_floor_spawned":[6,8,13,21,29],"killed_by":"Centurion and Healer","ascension_level":3}