{"gold_per_floor":[11,30,46,66,83,83,113,113,113,131,146,165,177,196,196,297,297,308,62,62,79,79,105,105,117,117,134,169,169,169,183,183,282,282,302,402,416,416,416,416,431,431],"floor_reached":42,"playtime":5850,"items_purged":["Doubt"],"score":563,"play_id":"a9832cd8-bd18-4386-83c8-637bc5f8e754","local_time":"20190609141122","is_ascension_mode":true,"campfire_choices":[{"data":"Neutralize","floor":6,"key":"SMITH"},{"data":"Caltrops","floor":8,"key":"SMITH"},{"floor":15,"key":"REST"},{"floor":24,"key":"REST"},{"floor":29,"key":"REST"},{"data":"Burst","floor":32,"key":"SMITH"},{"floor":40,"key":"REST"}],"neow_cost":"NO_GOLD","seed_source_timestamp":1448011743494200,"circlet_count":0,"master_deck":["Defend_G","Defend_G","Defend_G","Defend_G","Defend_G","Strike_G","Strike_G","Strike_G","Strike_G","Survivor","Neutralize+1","Noxious Fumes+1","Well Laid Plans","Caltrops+1","Heel Hook","Dash","Poisoned Stab","Bane","Leg Sweep","Adrenaline","Injury","Backflip+1","Footwork","Escape Plan","Poisoned Stab","Dagger Throw","Footwork","Acrobatics+1","Prepared+1","Writhe","Burst+1","Crippling Poison","Bouncing Flask"],"relics":["Ring of the Serpent","Bronze Scales","The Specimen","Calling Bell","Strawberry","Matryoshka","Thread and Needle","Dodecahedron","Question Card","Blue Candle","Regal Pillow","Ancient Tea Set","Mango"],"potions_floor_usage":[7,7,12,21,21,23,28,33,41,41],"damage_taken":[{"damage":0,"enemies":"Cultist","floor":1,"turns":4},{"damage":2,"enemies":"Jaw Worm","floor":2,"turns":4},{"damage":7,"enemies":"2 Louse","floor":3,"turns":3},{"damage":7,"enemies":"Red Slaver","floor":4,"turns":6},{"damage":1,"enemies":"Looter","floor":5,"turns":5},{"damage":12,"enemies":"Gremlin Nob","floor":7,"turns":4},{"damage":0,"enemies":"3 Louse","floor":10,"turns":3},{"damage":9,"enemies":"2 Fungi Beasts","floor":11,"turns":3},{"damage":6,"enemies":"Gremlin Gang","floor":12,"turns":2},{"damage":3,"enemies":"3 Louse","floor":13,"turns":3},{"damage":0,"enemies":"Blue Slaver","floor":14,"turns":3},{"damage":18,"enemies":"The Guardian","floor":16,"turns":8},{"damage":0,"enemies":"Spheric Guardian","floor":18,"turns":5},{"damage":0,"enemies":"2 Thieves","floor":21,"turns":4},{"damage":41,"enemies":"Gremlin Leader","floor":23,"turns":7},{"damage":15,"enemies":"Cultist and Chosen","floor":25,"turns":7},{"damage":18,"enemies":"Snecko","floor":27,"turns":7},{"damage":31,"enemies":"Slavers","floor":28,"turns":6},{"damage":0,"enemies":"Centurion and Healer","floor":31,"turns":10},{"damage":27,"enemies":"Collector","floor":33,"turns":11},{"damage":14,"enemies":"3 Darklings","floor":35,"turns":5},{"damage":0,"enemies":"Mind Bloom Boss Battle","floor":36,"turns":8},{"damage":32,"enemies":"3 Shapes","floor":37,"turns":7},{"damage":9,"enemies":"Transient","floor":41,"turns":5},{"damage":108,"enemies":"Giant Head","floor":42,"turns":10}],"seed_played":"-1544986760035535197","potions_obtained":[{"floor":2,"key":"Block Potion"},{"floor":4,"key":"Fire Potion"},{"floor":7,"key":"Explosive Potion"},{"floor":11,"key":"Fire Potion"},{"floor":16,"key":"Fire Potion"},{"floor":21,"key":"Block Potion"},{"floor":25,"key":"Poison Potion"},{"floor":31,"key":"EssenceOfSteel"},{"floor":35,"key":"GhostInAJar"},{"floor":37,"key":"GamblersBrew"},{"floor":41,"key":"Strength Potion"}],"is_trial":false,"path_per_floor":["M","M","M","M","M","R","E","R","T","M","M","M","M","M","R","B",null,"M","$","?","M","?","E","R","M","T","M","E","R","?","M","R","B",null,"M","?","M","?","?","R","M","E"],"character_chosen":"THE_SILENT","items_purchased":["Footwork","Escape Plan","Poisoned Stab"],"campfire_rested":4,"item_purchase_floors":[19,19,19],"current_hp_per_floor":[84,82,75,68,67,67,55,55,55,55,46,40,37,37,62,44,91,91,91,91,91,91,50,77,62,62,44,13,55,55,55,55,28,91,77,91,59,59,59,105,96,0],"gold":431,"neow_bonus":"TWENTY_PERCENT_HP_BONUS","is_prod":false,"is_daily":false,"chose_seed":false,"campfire_upgraded":3,"win_rate":0,"timestamp":1560114682,"path_taken":["M","M","?","M","M","R","E","R","T","M","?","M","M","M","R","BOSS","M","$","?","?","?","E","R","M","T","?","E","R","?","M","R","BOSS","M","?","M","?","?","R","M","E"],"build_version":"2019-01-23","purchased_purges":1,"victory":false,"max_hp_per_floor":[84,84,84,84,84,84,84,84,84,84,84,84,84,84,84,84,91,91,91,91,91,91,91,91,91,91,91,91,91,91,91,91,91,91,91,105,105,105,105,105,105,105],"card_choices":[{"not_picked":["Dodge and Roll","Deadly Poison","Deflect"],"picked":"SKIP","floor":1},{"not_picked":["Blade Dance","Endless Agony"],"picked":"Noxious Fumes","floor":2},{"not_picked":["Slice","Flechettes"],"picked":"Well Laid Plans","floor":3},{"not_picked":["Backflip","Backstab"],"picked":"Caltrops","floor":4},{"not_picked":["Underhanded Strike","Caltrops"],"picked":"Heel Hook","floor":5},{"not_picked":["Dagger Spray","Outmaneuver"],"picked":"Dash","floor":7},{"not_picked":["Concentrate","Sucker Punch"],"picked":"Poisoned Stab","floor":10},{"not_picked":["Slice","Underhanded Strike"],"picked":"Bane","floor":11},{"not_picked":["Riddle With Holes","Outmaneuver"],"picked":"Leg Sweep","floor":12},{"not_picked":["Blade Dance","Burst","Flying Knee"],"picked":"SKIP","floor":13},{"not_picked":["Dagger Throw","Underhanded Strike","Flying Knee"],"picked":"SKIP","floor":14},{"not_picked":["Glass Knife","Wraith Form v2"],"picked":"Adrenaline","floor":16},{"not_picked":["Backstab","Prepared"],"picked":"Backflip+1","floor":18},{"not_picked":["Riddle With Holes","Infinite Blades"],"picked":"Dagger Throw","floor":21},{"not_picked":["Underhanded Strike+1","Prepared"],"picked":"Footwork","floor":23},{"not_picked":["Slice","Flying Knee","Dagger Spray"],"picked":"SKIP","floor":25},{"not_picked":["Expertise+1","Bane","Caltrops"],"picked":"Acrobatics+1","floor":27},{"not_picked":["Dagger Spray+1","Deadly Poison","Quick Slash+1"],"picked":"Prepared+1","floor":28},{"not_picked":["Eviscerate","Poisoned Stab","Bouncing Flask"],"picked":"Burst","floor":31},{"not_picked":["Slice","Poisoned Stab","Underhanded Strike","Dagger Throw+1"],"picked":"SKIP","floor":35},{"not_picked":["Blade Dance","Prepared+1","Acrobatics+1"],"picked":"Crippling Poison","floor":37},{"not_picked":["Masterful Stab","Slice+1","Flying Knee+1"],"picked":"Bouncing Flask","floor":41}],"player_experience":184878,"relics_obtained":[{"floor":7,"key":"Bronze Scales"},{"floor":9,"key":"The Specimen"},{"floor":17,"key":"Strawberry"},{"floor":17,"key":"Matryoshka"},{"floor":17,"key":"Thread and Needle"},{"floor":23,"key":"Dodecahedron"},{"floor":26,"key":"Question Card"},{"floor":26,"key":"Blue Candle"},{"floor":28,"key":"Regal Pillow"},{"floor":36,"key":"Mango"}],"event_choices":[{"damage_healed":0,"gold_gain":0,"player_choice":"Forge","damage_taken":0,"max_hp_gain":0,"max_hp_loss":0,"event_name":"Accursed Blacksmith","floor":20,"gold_loss":0,"cards_upgraded":["Noxious Fumes"]},{"cards_removed":["Doubt"],"damage_healed":0,"gold_gain":0,"player_choice":"Purged","damage_taken":0,"max_hp_gain":0,"max_hp_loss":0,"event_name":"Purifier","floor":22,"gold_loss":0},{"damage_healed":0,"gold_gain":0,"player_choice":"Opened","damage_taken":0,"relics_obtained":["Ancient Tea Set"],"max_hp_gain":0,"max_hp_loss":0,"event_name":"The Mausoleum","floor":30,"gold_loss":0,"cards_obtained":["Writhe"]},{"damage_healed":0,"gold_gain":0,"player_choice":"Fight","damage_taken":0,"max_hp_gain":0,"max_hp_loss":0,"event_name":"MindBloom","floor":36,"gold_loss":0},{"cards_removed":["Strike_G"],"damage_healed":0,"gold_gain":0,"player_choice":"Removed Attack","damage_taken":0,"max_hp_gain":0,"max_hp_loss":0,"event_name":"Falling","floor":38,"gold_loss":0},{"damage_healed":0,"gold_gain":0,"player_choice":"Ignored","damage_taken":0,"max_hp_gain":0,"max_hp_loss":0,"event_name":"Mysterious Sphere","floor":39,"gold_loss":0}],"is_beta":false,"boss_relics":[{"not_picked":["Pandora\u0027s Box","Philosopher\u0027s Stone"],"picked":"Calling Bell"},{"not_picked":["Eternal Feather","Busted Crown"],"picked":"Ring of the Serpent"}],"items_purged_floors":[19],"is_endless":false,"potions_floor_spawned":[2,4,7,11,16,21,25,31,35,37,41],"killed_by":"Giant Head","ascension_level":3}