{"gold_per_floor":[109,119,131,144,164,164,199,199,223,223,266,285,298,334,334,453,453,473,497,5,18,37,37,75,75],"floor_reached":25,"playtime":2041,"items_purged":[],"score":296,"play_id":"d085be04-d115-41ed-949d-c401ee56bc54","local_time":"20190622175725","is_ascension_mode":true,"campfire_choices":[{"data":"Uppercut","floor":6,"key":"SMITH"},{"data":"Bash","floor":10,"key":"SMITH"},{"floor":15,"key":"REST"},{"floor":23,"key":"REST"}],"neow_cost":"CURSE","seed_source_timestamp":399967606396600,"circlet_count":0,"master_deck":["Strike_R","Strike_R","Strike_R","Strike_R","Defend_R+1","Defend_R","Defend_R","Bash+1","Shame","Shrug It Off","Ghostly Armor+1","Searing Blow","Uppercut+1","Headbutt","Pommel Strike","Fiend Fire","Pommel Strike","Injury","Armaments","Cleave","Clash","Heavy Blade","Demon Form","Shame","Battle Trance","Uppercut+1","Limit Break","Wild Strike","Ghostly Armor"],"relics":["Burning Blood","Bag of Marbles","Golden Idol","Omamori","Red Skull","War Paint","Calling Bell","Lantern","Frozen Egg 2","FossilizedHelix","Regal Pillow","Medical Kit","Centennial Puzzle"],"potions_floor_usage":[11,18,18,18,22,24],"damage_taken":[{"damage":0,"enemies":"Cultist","floor":1,"turns":3},{"damage":4,"enemies":"Jaw Worm","floor":2,"turns":4},{"damage":4,"enemies":"2 Louse","floor":3,"turns":2},{"damage":7,"enemies":"Blue Slaver","floor":4,"turns":4},{"damage":17,"enemies":"Exordium Thugs","floor":5,"turns":5},{"damage":18,"enemies":"Lagavulin","floor":7,"turns":6},{"damage":27,"enemies":"3 Sentries","floor":11,"turns":8},{"damage":2,"enemies":"Exordium Wildlife","floor":12,"turns":3},{"damage":0,"enemies":"Lots of Slimes","floor":13,"turns":1},{"damage":25,"enemies":"Gremlin Nob","floor":14,"turns":4},{"damage":43,"enemies":"The Guardian","floor":16,"turns":11},{"damage":21,"enemies":"Spheric Guardian","floor":18,"turns":8},{"damage":22,"enemies":"Chosen","floor":19,"turns":7},{"damage":29,"enemies":"Centurion and Healer","floor":21,"turns":6},{"damage":16,"enemies":"Snake Plant","floor":22,"turns":2},{"damage":65,"enemies":"Gremlin Leader","floor":24,"turns":7},{"damage":15,"enemies":"Shelled Parasite and Fungi","floor":25,"turns":2}],"seed_played":"-8457919827468577125","potions_obtained":[{"floor":2,"key":"Dexterity Potion"},{"floor":4,"key":"Swift Potion"},{"floor":5,"key":"Dexterity Potion"},{"floor":7,"key":"AttackPotion"},{"floor":16,"key":"SkillPotion"},{"floor":21,"key":"SteroidPotion"},{"floor":22,"key":"Regen Potion"}],"is_trial":false,"path_per_floor":["M","M","M","M","M","R","E","?","T","R","E","M","M","E","R","B",null,"M","M","$","M","M","R","E","M"],"character_chosen":"IRONCLAD","items_purchased":["Regal Pillow","Limit Break","Medical Kit"],"campfire_rested":2,"item_purchase_floors":[20,20,20],"current_hp_per_floor":[80,80,80,79,68,68,56,56,56,56,35,39,45,26,50,13,80,65,49,49,26,16,55,11,0],"gold":75,"neow_bonus":"TRANSFORM_TWO_CARDS","is_prod":false,"is_daily":false,"chose_seed":false,"campfire_upgraded":2,"win_rate":0,"timestamp":1561190245,"path_taken":["M","?","M","M","M","R","E","?","T","R","E","M","M","E","R","BOSS","M","M","$","M","M","R","E","M"],"build_version":"2019-01-23","purchased_purges":0,"victory":false,"max_hp_per_floor":[80,80,80,80,80,80,80,80,80,80,80,80,80,80,80,80,80,80,80,80,80,80,80,80,80],"card_choices":[{"not_picked":["Burning Pact","Rage"],"picked":"Searing Blow","floor":1},{"not_picked":["Pummel","True Grit"],"picked":"Uppercut","floor":2},{"not_picked":["Anger","True Grit"],"picked":"Headbutt","floor":3},{"not_picked":["Anger","Entrench"],"picked":"Pommel Strike","floor":4},{"not_picked":["Armaments","Pommel Strike"],"picked":"Fiend Fire","floor":5},{"not_picked":["Clothesline","Berserk"],"picked":"Pommel Strike","floor":7},{"not_picked":["Wild Strike","Warcry"],"picked":"Armaments","floor":11},{"not_picked":["Sever Soul","Pommel Strike"],"picked":"Cleave","floor":12},{"not_picked":["Second Wind","Intimidate"],"picked":"Clash","floor":13},{"not_picked":["Wild Strike","True Grit"],"picked":"Heavy Blade","floor":14},{"not_picked":["Fiend Fire","Barricade"],"picked":"Demon Form","floor":16},{"not_picked":["Pummel+1","Clothesline"],"picked":"Battle Trance","floor":18},{"not_picked":["Armaments","True Grit"],"picked":"Uppercut+1","floor":19},{"not_picked":["Hemokinesis","Intimidate+1"],"picked":"Wild Strike","floor":21},{"not_picked":["Hemokinesis","Clothesline","Sentinel"],"picked":"SKIP","floor":22},{"not_picked":["Searing Blow","Brutality+1"],"picked":"Ghostly Armor","floor":24}],"player_experience":132707,"relics_obtained":[{"floor":7,"key":"Bag of Marbles"},{"floor":9,"key":"Omamori"},{"floor":11,"key":"Red Skull"},{"floor":14,"key":"War Paint"},{"floor":17,"key":"Lantern"},{"floor":17,"key":"Frozen Egg 2"},{"floor":17,"key":"FossilizedHelix"},{"floor":24,"key":"Centennial Puzzle"}],"event_choices":[{"damage_healed":0,"gold_gain":0,"player_choice":"Take Wound","damage_taken":0,"relics_obtained":["Golden Idol"],"max_hp_gain":0,"max_hp_loss":0,"event_name":"Golden Idol","floor":8,"gold_loss":0,"cards_obtained":["Injury"]}],"is_beta":false,"boss_relics":[{"not_picked":["Black Blood","Runic Cube"],"picked":"Calling Bell"}],"items_purged_floors":[],"is_endless":false,"potions_floor_spawned":[2,4,5,7,16,21,22],"killed_by":"Shelled Parasite and Fungi","ascension_level":4}