{"gold_per_floor":[114,189,204,219,219,219,234,264,339,339,114,129,144,159,159,259,259,274,289,304,34,34,34,49,49],"floor_reached":25,"playtime":1148,"items_purged":[],"score":207,"play_id":"cd9dc4d1-8ae5-44b9-b8ff-05c63ccfd694","local_time":"20181204215046","daily_mods":["Heirloom","Uncertain Future","Binary"],"is_ascension_mode":false,"campfire_choices":[{"data":"Loop","floor":6,"key":"SMITH"},{"floor":10,"key":"REST"},{"floor":15,"key":"REST"},{"floor":23,"key":"REST"}],"neow_cost":"","seed_source_timestamp":0,"circlet_count":0,"master_deck":["Strike_B","Strike_B","Strike_B","Strike_B","Defend_B","Defend_B","Defend_B","Defend_B","Zap","Dualcast","Conserve Battery","Loop+1","Ball Lightning","Sunder","Fusion","Gash","Armaments","Undo","Conserve Battery","Mayhem","Iron Wave","Hello World+1","Enlightenment","Apotheosis","Creative AI","Inflame"],"special_seed":17870,"relics":["Cracked Core","Gambling Chip","Dodecahedron","Symbiotic Virus","PrismaticShard","Nuclear Battery","Nloth\u0027s Gift"],"potions_floor_usage":[8,16,16,18,25],"damage_taken":[{"damage":1,"enemies":"2 Louse","floor":1,"turns":3},{"damage":0,"enemies":"Small Slimes","floor":3,"turns":3},{"damage":0,"enemies":"Jaw Worm","floor":4,"turns":5},{"damage":7,"enemies":"3 Louse","floor":7,"turns":4},{"damage":8,"enemies":"Gremlin Nob","floor":8,"turns":3},{"damage":4,"enemies":"Gremlin Gang","floor":12,"turns":4},{"damage":7,"enemies":"Blue Slaver","floor":13,"turns":3},{"damage":2,"enemies":"3 Louse","floor":14,"turns":4},{"damage":23,"enemies":"Hexaghost","floor":16,"turns":10},{"damage":13,"enemies":"Chosen","floor":18,"turns":6},{"damage":0,"enemies":"Spheric Guardian","floor":19,"turns":4},{"damage":20,"enemies":"Snecko","floor":20,"turns":4},{"damage":25,"enemies":"Sentry and Sphere","floor":24,"turns":5},{"damage":44,"enemies":"3 Cultists","floor":25,"turns":5}],"seed_played":"6234403270390555822","potions_obtained":[{"floor":3,"key":"AttackPotion"},{"floor":8,"key":"Poison Potion"},{"floor":14,"key":"Ancient Potion"},{"floor":16,"key":"Weak Potion"},{"floor":24,"key":"Ancient Potion"}],"is_trial":false,"path_per_floor":["M","?","M","M","?","R","M","E","T","R","$","M","M","M","R","B",null,"M","M","M","$","?","R","M","M"],"character_chosen":"DEFECT","items_purchased":["PrismaticShard","Gash","Apotheosis","Creative AI"],"campfire_rested":3,"item_purchase_floors":[11,11,21,21],"current_hp_per_floor":[74,63,63,63,60,60,53,45,45,67,67,63,56,54,75,52,75,62,62,42,42,42,64,39,0],"gold":49,"neow_bonus":"","is_prod":false,"is_daily":true,"chose_seed":false,"campfire_upgraded":1,"win_rate":0,"timestamp":1543978246,"path_taken":["M","?","M","M","?","R","M","E","T","R","$","?","M","M","R","BOSS","M","M","M","$","?","R","?","M"],"build_version":"2018-11-15","purchased_purges":0,"victory":false,"max_hp_per_floor":[75,75,75,75,75,75,75,75,75,75,75,75,75,75,75,75,75,75,75,75,75,75,75,75,75],"card_choices":[{"not_picked":["Go for the Eyes"],"picked":"Conserve Battery","floor":1},{"not_picked":["Streamline"],"picked":"Loop","floor":3},{"not_picked":["Sweeping Beam"],"picked":"Ball Lightning","floor":4},{"not_picked":["Streamline"],"picked":"Sunder","floor":7},{"not_picked":["Turbo"],"picked":"Fusion","floor":8},{"not_picked":["Master of Strategy"],"picked":"Armaments","floor":12},{"not_picked":["Fusion"],"picked":"Undo","floor":13},{"not_picked":["Cloak And Dagger"],"picked":"Conserve Battery","floor":14},{"not_picked":["Offering"],"picked":"Mayhem","floor":16},{"not_picked":["Sweeping Beam"],"picked":"Iron Wave","floor":18},{"not_picked":["Consume"],"picked":"Hello World+1","floor":19},{"not_picked":["Bane"],"picked":"Enlightenment","floor":20},{"not_picked":["Tactician"],"picked":"Inflame","floor":24}],"player_experience":243353,"relics_obtained":[{"floor":8,"key":"Dodecahedron"},{"floor":9,"key":"Symbiotic Virus"}],"event_choices":[{"damage_healed":0,"gold_gain":75,"player_choice":"Gather Gold","damage_taken":11,"max_hp_gain":0,"max_hp_loss":0,"event_name":"World of Goop","floor":2,"gold_loss":0},{"damage_healed":0,"gold_gain":0,"player_choice":"Success","damage_taken":3,"relics_obtained":["Kunai"],"max_hp_gain":0,"max_hp_loss":0,"event_name":"Scrap Ooze","floor":5,"gold_loss":0},{"damage_healed":0,"gold_gain":0,"player_choice":"Traded Relic","damage_taken":0,"relics_obtained":["Nloth\u0027s Gift"],"max_hp_gain":0,"max_hp_loss":0,"event_name":"N\u0027loth","floor":22,"relics_lost":["Kunai"],"gold_loss":0}],"is_beta":false,"boss_relics":[{"not_picked":["Runic Dome","Coffee Dripper"],"picked":"Nuclear Battery"}],"items_purged_floors":[],"is_endless":false,"potions_floor_spawned":[3,8,14,16,24],"killed_by":"3 Cultists","ascension_level":0}