{"gold_per_floor":[119,119,132,143,163,163,190,4,4,35,54,79,135,151,151,248,248,267,267,255,273,292,292,311,311,348,459,471,483,509,548,560,672,714,742,754],"floor_reached":36,"playtime":2943,"items_purged":[],"score":478,"play_id":"03f7c8bf-d5e1-4b87-8c24-ae9d042805d6","local_time":"20190623172933","is_ascension_mode":true,"campfire_choices":[{"data":"Dash","floor":6.0,"key":"SMITH"},{"data":"Bullet Time","floor":15,"key":"SMITH"},{"data":"A Thousand Cuts","floor":23,"key":"SMITH"},{"floor":29,"key":"REST"},{"floor":32,"key":"REST"}],"neow_cost":"NONE","seed_source_timestamp":240447482670355,"circlet_count":0,"master_deck":["Defend_G","Defend_G","Defend_G+1","Defend_G","Defend_G","Strike_G","Strike_G+1","Strike_G","Strike_G","Strike_G","Survivor","Neutralize","Bullet Time+1","Backstab","Dash+1","Leg Sweep","Slice","Flying Knee+1","Glass Knife","Well Laid Plans","Acrobatics","Dodge and Roll","A Thousand Cuts+1","Escape Plan","Dodge and Roll","Infinite Blades","Night Terror+1","Noxious Fumes","All Out Attack","A Thousand Cuts","Endless Agony+1","Dodge and Roll","Footwork","Noxious Fumes","After Image","PiercingWail","Sucker Punch+1","Venomology","Clumsy","Normality","Shame","Deflect"],"special_seed":0,"relics":["Ring of the Snake","Matryoshka","Whetstone","Question Card","Vajra","Du-Vu Doll","Prayer Wheel","Sozu","War Paint","MawBank","Molten Egg 2","Centennial Puzzle","Juzu Bracelet","Calling Bell","Tiny Chest","Gremlin Horn","Girya"],"potions_floor_usage":[13,20,21],"damage_taken":[{"damage":0.0,"enemies":"2 Louse","floor":1.0,"turns":2.0},{"damage":0.0,"enemies":"Cultist","floor":3.0,"turns":3.0},{"damage":0.0,"enemies":"Jaw Worm","floor":4.0,"turns":2.0},{"damage":1.0,"enemies":"Exordium Wildlife","floor":5.0,"turns":4.0},{"damage":13.0,"enemies":"Lagavulin","floor":7.0,"turns":9.0},{"damage":4.0,"enemies":"3 Sentries","floor":10.0,"turns":7.0},{"damage":0,"enemies":"2 Fungi Beasts","floor":11,"turns":3},{"damage":0,"enemies":"Gremlin Nob","floor":12,"turns":3},{"damage":8,"enemies":"Lagavulin Event","floor":13,"turns":4},{"damage":0,"enemies":"Blue Slaver","floor":14,"turns":2},{"damage":15,"enemies":"Hexaghost","floor":16,"turns":11},{"damage":8,"enemies":"Shell Parasite","floor":18,"turns":4},{"damage":0,"enemies":"2 Thieves","floor":20,"turns":4},{"damage":36,"enemies":"Snake Plant","floor":21,"turns":5},{"damage":0,"enemies":"Centurion and Healer","floor":22,"turns":7},{"damage":11,"enemies":"Snecko","floor":24,"turns":5},{"damage":4,"enemies":"Snake Plant","floor":30,"turns":4},{"damage":10,"enemies":"Book of Stabbing","floor":31,"turns":10},{"damage":36,"enemies":"Champ","floor":33,"turns":13},{"damage":61,"enemies":"3 Darklings","floor":35,"turns":6},{"damage":16,"enemies":"Orb Walker","floor":36,"turns":3}],"seed_played":"-4959174243658366062","potions_obtained":[{"floor":1.0,"key":"PowerPotion"},{"floor":3.0,"key":"Regen Potion"},{"floor":5.0,"key":"EssenceOfSteel"},{"floor":7.0,"key":"Dexterity Potion"},{"floor":16,"key":"Weak Potion"}],"is_trial":false,"path_per_floor":["M","?","M","M","M","R","E","$","T","E","M","E","?","M","R","B",null,"M","?","M","M","M","R","M","T","T","?","?","R","M","E","R","B",null,"M","M"],"character_chosen":"THE_SILENT","items_purchased":["Whetstone","Well Laid Plans"],"campfire_rested":2,"item_purchase_floors":[8,8],"current_hp_per_floor":[70,70,70,70,69,69,56,56,56,67,67,67,59,59,59,44,70,62,62,62,26,26,26,15,15,15,15,15,36,32,22,43,7,70,9,0],"gold":754,"neow_bonus":"ONE_RANDOM_RARE_CARD","is_prod":false,"is_daily":false,"chose_seed":false,"campfire_upgraded":3,"win_rate":1,"timestamp":1561336173,"path_taken":["M","?","M","M","M","R","E","$","T","E","?","E","?","M","R","BOSS","M","?","M","M","M","R","M","?","T","?","?","R","M","E","R","BOSS","M","M"],"build_version":"2019-01-23","purchased_purges":0,"victory":false,"max_hp_per_floor":[70,70,70,70,70,70,70,70,70,70,70,70,70,70,70,70,70,70,70,70,70,70,70,70,70,70,70,70,70,70,70,70,70,70,70,70],"card_choices":[{"not_picked":["Caltrops","All Out Attack"],"picked":"Backstab","floor":1.0},{"not_picked":["Tactician","Outmaneuver"],"picked":"Leg Sweep","floor":3.0},{"not_picked":["Infinite Blades","Backflip"],"picked":"Slice","floor":4.0},{"not_picked":["Acrobatics","Outmaneuver"],"picked":"Flying Knee","floor":5.0},{"not_picked":["Poisoned Stab","Prepared"],"picked":"Glass Knife","floor":7.0},{"not_picked":["Backflip","Prepared","Endless Agony"],"picked":"Acrobatics","floor":10},{"not_picked":["Blade Dance","Slice","Tactician"],"picked":"Dodge and Roll","floor":11},{"not_picked":["Sucker Punch","Deflect","PiercingWail"],"picked":"A Thousand Cuts","floor":12},{"not_picked":["Flying Knee","Underhanded Strike","Sucker Punch"],"picked":"Escape Plan","floor":13},{"not_picked":["Expertise","Bane","Blade Dance"],"picked":"Dodge and Roll","floor":14},{"not_picked":["Prepared","Leg Sweep","Outmaneuver"],"picked":"Infinite Blades","floor":14},{"not_picked":["Adrenaline","Die Die Die","Tools of the Trade"],"picked":"Night Terror","floor":16},{"not_picked":["Distraction","Predator","Blade Dance"],"picked":"Noxious Fumes","floor":18},{"not_picked":["Flechettes+1","Slice","Prepared","Well Laid Plans"],"picked":"SKIP","floor":18},{"not_picked":["Crippling Poison+1","Acrobatics+1","Prepared"],"picked":"All Out Attack","floor":20},{"not_picked":["Heel Hook+1","Dash","Blade Dance"],"picked":"A Thousand Cuts","floor":20},{"not_picked":["Bane+1","Underhanded Strike","Slice"],"picked":"Endless Agony+1","floor":21},{"not_picked":["Dagger Throw","Deadly Poison+1","Blade Dance+1"],"picked":"Dodge and Roll","floor":21},{"not_picked":["Acrobatics","Underhanded Strike+1","Backflip"],"picked":"Footwork","floor":22},{"not_picked":["Riddle With Holes","Deadly Poison","Outmaneuver","Bane+1"],"picked":"SKIP","floor":22},{"not_picked":["Acrobatics","Flying Knee+1","Quick Slash+1"],"picked":"Noxious Fumes","floor":24},{"not_picked":["Underhanded Strike","Well Laid Plans","Catalyst","Backflip+1"],"picked":"SKIP","floor":24},{"not_picked":["Acrobatics","Choke+1","Footwork"],"picked":"PiercingWail","floor":30},{"not_picked":["All Out Attack+1","Phantasmal Killer","Blur","Poisoned Stab+1"],"picked":"SKIP","floor":30},{"not_picked":["Expertise","Dodge and Roll","Phantasmal Killer"],"picked":"Sucker Punch+1","floor":31},{"not_picked":["Malaise","Tools of the Trade","Doppelganger"],"picked":"Venomology","floor":33},{"not_picked":["Deadly Poison","Backflip","Expertise"],"picked":"Deflect","floor":35},{"not_picked":["Underhanded Strike+1","Masterful Stab+1","Flying Knee+1","Quick Slash+1"],"picked":"SKIP","floor":35}],"player_experience":15846,"relics_obtained":[{"floor":7.0,"key":"Matryoshka"},{"floor":9.0,"key":"Question Card"},{"floor":10,"key":"Vajra"},{"floor":12,"key":"Du-Vu Doll"},{"floor":13,"key":"Prayer Wheel"},{"floor":25,"key":"MawBank"},{"floor":25,"key":"Molten Egg 2"},{"floor":26,"key":"Centennial Puzzle"},{"floor":31,"key":"Juzu Bracelet"},{"floor":34,"key":"Tiny Chest"},{"floor":34,"key":"Gremlin Horn"},{"floor":34,"key":"Girya"}],"event_choices":[{"damage_healed":0.0,"max_hp_gain":0.0,"max_hp_loss":0.0,"gold_gain":0.0,"event_name":"Match and Keep!","player_choice":"1 cards matched","floor":2.0,"gold_loss":0.0,"damage_taken":0.0,"cards_obtained":["Dash"]},{"damage_healed":0,"gold_gain":0,"player_choice":"Searched \u00272\u0027 times","damage_taken":0,"max_hp_gain":0,"max_hp_loss":0,"event_name":"Dead Adventurer","floor":13,"gold_loss":0},{"damage_healed":0,"gold_gain":0,"player_choice":"Opened","damage_taken":0,"relics_obtained":["War Paint"],"max_hp_gain":0,"max_hp_loss":0,"event_name":"The Mausoleum","floor":19,"gold_loss":0},{"damage_healed":0,"gold_gain":99,"player_choice":"Stole From Cult","damage_taken":0,"max_hp_gain":0,"max_hp_loss":0,"event_name":"Nest","floor":27,"gold_loss":0},{"damage_healed":0,"gold_gain":0,"player_choice":"Read","damage_taken":0,"max_hp_gain":0,"max_hp_loss":0,"event_name":"The Library","floor":28,"gold_loss":0,"cards_obtained":["After Image"]}],"is_beta":false,"boss_relics":[{"not_picked":["Orrery","Busted Crown"],"picked":"Sozu"},{"not_picked":["Coffee Dripper","WristBlade"],"picked":"Calling Bell"}],"items_purged_floors":[],"is_endless":false,"potions_floor_spawned":[1,3,5,7,16,22,30,31],"killed_by":"Orb Walker","ascension_level":1}