{"gold_per_floor":[214,226,45,45,62,62,89,89,114,114,14,32,0,19,19,93,93,104,8,8,20,20,20,20],"floor_reached":24,"playtime":4532,"items_purged":["Strike_G"],"score":349,"play_id":"95867012-97c3-43b0-b6f9-b4b4461b96e2","local_time":"20190616103335","is_ascension_mode":true,"campfire_choices":[{"data":"Dagger Spray","floor":6,"key":"SMITH"},{"floor":8,"key":"REST"},{"data":"Burst","floor":15,"key":"SMITH"},{"data":"Tactician","floor":23,"key":"SMITH"}],"neow_cost":"NONE","seed_source_timestamp":315578520512000,"circlet_count":0,"master_deck":["AscendersBane","Defend_G","Defend_G","Defend_G","Defend_G","Defend_G","Strike_G","Strike_G","Survivor","Neutralize","Acrobatics","Dodge and Roll","Adrenaline","Poisoned Stab","Dagger Spray+1","Burst+1","Bane","Deadly Poison","Bane","Corpse Explosion","Tactician+1","Acrobatics","Cloak And Dagger","Slice"],"relics":["Ring of the Snake","Centennial Puzzle","Pen Nib","Busted Crown"],"potions_floor_usage":[7],"damage_taken":[{"damage":0,"enemies":"Small Slimes","floor":1,"turns":4},{"damage":0,"enemies":"Jaw Worm","floor":2,"turns":4},{"damage":1,"enemies":"Cultist","floor":5,"turns":5},{"damage":41,"enemies":"Gremlin Nob","floor":7,"turns":5},{"damage":3,"enemies":"Looter","floor":12,"turns":3},{"damage":0,"enemies":"Blue Slaver","floor":14,"turns":2},{"damage":31,"enemies":"The Guardian","floor":16,"turns":11},{"damage":14,"enemies":"Spheric Guardian","floor":18,"turns":4},{"damage":0,"enemies":"Chosen","floor":21,"turns":4},{"damage":39,"enemies":"Book of Stabbing","floor":24,"turns":5}],"seed_played":"-479325157059244898","potions_obtained":[{"floor":5,"key":"Weak Potion"},{"floor":16,"key":"Explosive Potion"}],"is_trial":false,"path_per_floor":["M","M","$","?","M","R","E","R","T","?","$","M","?","M","R","B",null,"M","$","?","M","?","R","E"],"character_chosen":"THE_SILENT","items_purchased":["Adrenaline","Poisoned Stab","Deadly Poison","Tactician","Acrobatics"],"campfire_rested":1,"item_purchase_floors":[3,3,11,19,19],"current_hp_per_floor":[59,59,59,59,58,58,17,36,36,36,36,33,33,33,33,2,50,36,36,36,36,36,36,0],"gold":20,"neow_bonus":"HUNDRED_GOLD","is_prod":false,"is_daily":false,"chose_seed":false,"campfire_upgraded":3,"win_rate":0,"timestamp":1560652415,"path_taken":["M","M","$","?","M","R","E","R","T","?","$","?","?","M","R","BOSS","M","$","?","M","?","R","E"],"build_version":"2019-01-23","purchased_purges":1,"victory":false,"max_hp_per_floor":[66,66,66,66,66,66,66,66,66,66,66,66,66,66,66,66,66,66,66,66,66,66,66,66],"card_choices":[{"not_picked":["Prepared","Blade Dance"],"picked":"Acrobatics","floor":1},{"not_picked":["Prepared","Sucker Punch"],"picked":"Dodge and Roll","floor":2},{"not_picked":["Underhanded Strike","Masterful Stab"],"picked":"Dagger Spray","floor":5},{"not_picked":["Quick Slash","PiercingWail"],"picked":"Burst","floor":7},{"not_picked":["Flying Knee","Deflect"],"picked":"Bane","floor":12},{"not_picked":["Outmaneuver","Predator","Dagger Throw"],"picked":"SKIP","floor":14},{"not_picked":["Envenom","A Thousand Cuts"],"picked":"Corpse Explosion","floor":16},{"not_picked":["Prepared"],"picked":"SKIP","floor":18},{"not_picked":["Acrobatics"],"picked":"SKIP","floor":21}],"player_experience":868053,"relics_obtained":[{"floor":7,"key":"Centennial Puzzle"},{"floor":9,"key":"Pen Nib"}],"event_choices":[{"damage_healed":0,"gold_gain":0,"player_choice":"Ignored","damage_taken":0,"max_hp_gain":0,"max_hp_loss":0,"event_name":"Liars Game","floor":4,"gold_loss":0},{"damage_healed":0,"gold_gain":0,"player_choice":"1 cards matched","damage_taken":0,"max_hp_gain":0,"max_hp_loss":0,"event_name":"Match and Keep!","floor":10,"gold_loss":0,"cards_obtained":["Bane"]},{"damage_healed":0,"gold_gain":0,"player_choice":"Left Gold","damage_taken":0,"max_hp_gain":0,"max_hp_loss":0,"event_name":"World of Goop","floor":13,"gold_loss":32},{"damage_healed":0,"gold_gain":0,"player_choice":"Ignored","damage_taken":0,"max_hp_gain":0,"max_hp_loss":0,"event_name":"Ghosts","floor":20,"gold_loss":0},{"damage_healed":0,"gold_gain":0,"cards_transformed":["Strike_G","Strike_G"],"player_choice":"Became Test Subject","damage_taken":0,"max_hp_gain":0,"max_hp_loss":0,"event_name":"Drug Dealer","floor":22,"gold_loss":0,"cards_obtained":["Cloak And Dagger","Slice"]}],"is_beta":false,"boss_relics":[{"not_picked":["Black Star","Tiny House"],"picked":"Busted Crown"}],"items_purged_floors":[11],"is_endless":false,"potions_floor_spawned":[5,16],"killed_by":"Book of Stabbing","ascension_level":16}