{"gold_per_floor":[15,28,44,55,55,55,55,75,75,75,90,110,110,133,133,228,228,253,253,272,0,0,0,0],"floor_reached":24,"playtime":670,"items_purged":[],"score":480,"play_id":"d6e8e754-6bd1-4fbb-bba8-45b0763c509e","local_time":"20190109011909","is_ascension_mode":true,"campfire_choices":[{"data":"Zap","floor":6,"key":"SMITH"},{"data":"Fission","floor":13,"key":"SMITH"},{"data":"Coolheaded","floor":15,"key":"SMITH"},{"floor":23,"key":"REST"}],"neow_cost":"NO_GOLD","seed_source_timestamp":5141088533357,"circlet_count":0,"master_deck":["AscendersBane","Strike_B","Strike_B","Strike_B","Strike_B","Defend_B","Defend_B","Defend_B","Defend_B","Zap+1","Dualcast","Electrodynamics","Streamline","BootSequence","Rebound","Reinforced Body","Barrage","Fission+1","Coolheaded+1","Loop+1","Biased Cognition+1","Cold Snap","Conserve Battery"],"relics":["Cracked Core","Golden Idol","Letter Opener","Frozen Egg 2","Sundial","Eternal Feather"],"potions_floor_usage":[16,16,24],"damage_taken":[{"damage":1,"enemies":"Cultist","floor":1,"turns":3},{"damage":1,"enemies":"Small Slimes","floor":2,"turns":3},{"damage":0,"enemies":"2 Louse","floor":3,"turns":3},{"damage":3,"enemies":"Blue Slaver","floor":4,"turns":3},{"damage":0,"enemies":"Exordium Wildlife","floor":8,"turns":2},{"damage":1,"enemies":"Lots of Slimes","floor":11,"turns":2},{"damage":16,"enemies":"2 Fungi Beasts","floor":12,"turns":3},{"damage":3,"enemies":"Exordium Thugs","floor":14,"turns":5},{"damage":0,"enemies":"Slime Boss","floor":16,"turns":4},{"damage":26,"enemies":"Chosen","floor":18,"turns":5},{"damage":31,"enemies":"Shell Parasite","floor":20,"turns":7},{"damage":37,"enemies":"Slavers","floor":24,"turns":2}],"seed_played":"-2096436965932166785","potions_obtained":[{"floor":4,"key":"FocusPotion"},{"floor":8,"key":"FearPotion"},{"floor":11,"key":"PowerPotion"},{"floor":12,"key":"FocusPotion"},{"floor":16,"key":"Energy Potion"},{"floor":18,"key":"EssenceOfSteel"},{"floor":19,"key":"Ancient Potion"}],"is_trial":false,"path_per_floor":["M","M","M","M","?","R","?","M","T","T","M","M","R","M","R","B",null,"M","?","M","?","$","R","E"],"character_chosen":"DEFECT","items_purchased":[],"campfire_rested":1,"item_purchase_floors":[],"current_hp_per_floor":[63,62,62,59,59,59,59,59,59,59,58,42,42,39,39,39,58,32,32,1,1,1,32,0],"gold":0,"neow_bonus":"THREE_RARE_CARDS","is_prod":false,"is_daily":false,"chose_seed":false,"campfire_upgraded":3,"win_rate":0,"timestamp":1547007549,"path_taken":["M","?","M","M","?","R","?","M","T","?","M","M","R","M","R","BOSS","M","?","?","?","?","R","E"],"build_version":"2019-01-03v4","purchased_purges":0,"victory":false,"max_hp_per_floor":[71,71,71,71,64,64,64,64,64,64,64,64,64,64,64,64,64,64,64,64,64,64,64,64],"card_choices":[{"not_picked":["Hyperbeam","All For One"],"picked":"Electrodynamics","floor":0},{"not_picked":["Stack","Hologram"],"picked":"Streamline","floor":1},{"not_picked":["Streamline","Hello World"],"picked":"BootSequence","floor":2},{"not_picked":["Scrape","Redo"],"picked":"Rebound","floor":3},{"not_picked":["BootSequence","Steam Power"],"picked":"Reinforced Body","floor":4},{"not_picked":["Chaos","Redo"],"picked":"Barrage","floor":8},{"not_picked":["Double Energy","Rip and Tear"],"picked":"Fission","floor":11},{"not_picked":["Force Field","Leap"],"picked":"Coolheaded","floor":12},{"not_picked":["Turbo","Melter"],"picked":"Loop+1","floor":14},{"not_picked":["Thunder Strike","Core Surge"],"picked":"Biased Cognition+1","floor":16},{"not_picked":["Gash","BootSequence"],"picked":"Cold Snap","floor":18},{"not_picked":["Redo","Leap"],"picked":"Conserve Battery","floor":20}],"player_experience":741170,"relics_obtained":[{"floor":9,"key":"Frozen Egg 2"},{"floor":10,"key":"Sundial"}],"event_choices":[{"damage_healed":0,"gold_gain":0,"player_choice":"Lose Max HP","damage_taken":0,"relics_obtained":["Golden Idol"],"max_hp_gain":0,"max_hp_loss":7,"event_name":"Golden Idol","floor":5,"gold_loss":0},{"damage_healed":0,"gold_gain":0,"player_choice":"Searched \u00271\u0027 times","damage_taken":0,"relics_obtained":["Letter Opener"],"max_hp_gain":0,"max_hp_loss":0,"event_name":"Dead Adventurer","floor":7,"gold_loss":0},{"damage_healed":0,"gold_gain":0,"player_choice":"Got Potions","damage_taken":0,"max_hp_gain":0,"max_hp_loss":0,"event_name":"Lab","floor":19,"gold_loss":0},{"damage_healed":0,"gold_gain":0,"player_choice":"Paid Fearfully","damage_taken":0,"max_hp_gain":0,"max_hp_loss":0,"event_name":"Masked Bandits","floor":21,"gold_loss":272}],"is_beta":false,"boss_relics":[{"not_picked":["Empty Cage","Orrery"],"picked":"Eternal Feather"}],"items_purged_floors":[],"is_endless":false,"potions_floor_spawned":[4,8,11,12,16,18],"killed_by":"Slavers","ascension_level":20}