{"gold_per_floor":[115,44,44,64,84,119,119,133,133,150,150,163,163,163,163,260,260,279,311,46,56,56,56,56,56,56,67,84,84,104,119,119,119],"floor_reached":33,"playtime":1665,"items_purged":[],"score":299,"play_id":"ddb95a7a-5035-4f6d-b622-98e6eb742ec6","local_time":"20181225224609","is_ascension_mode":true,"campfire_choices":[{"data":"Seeing Red","floor":11,"key":"SMITH"},{"data":"Hemokinesis","floor":15,"key":"SMITH"},{"data":"Pommel Strike","floor":23,"key":"SMITH"},{"data":"Feed","floor":25,"key":"SMITH"},{"floor":32,"key":"REST"}],"neow_cost":"NONE","seed_source_timestamp":294976622766085,"circlet_count":0,"master_deck":["Strike_R","Strike_R","Strike_R","Strike_R","Strike_R","Defend_R","Defend_R","Defend_R","Defend_R","Bash","Pommel Strike+1","Seeing Red+1","Cleave","Thunderclap","Hemokinesis+1","Disarm","Clothesline","Seeing Red","Feed+1","Inflame","Flex+1","Seeing Red","Pummel","Power Through+1","Headbutt","Inflame","Impervious","Flex"],"relics":["Burning Blood","NeowsBlessing","Incense Burner","Question Card","Blue Candle","Pantograph","Eternal Feather","Red Mask","Potion Belt","Sundial","Gremlin Horn","Happy Flower"],"potions_floor_usage":[6,16,16,16,19,28,30,31],"damage_taken":[{"damage":0,"enemies":"2 Louse","floor":1,"turns":1},{"damage":0,"enemies":"Jaw Worm","floor":4,"turns":1},{"damage":0,"enemies":"Small Slimes","floor":5,"turns":1},{"damage":67,"enemies":"Lagavulin","floor":6,"turns":8},{"damage":24,"enemies":"Blue Slaver","floor":8,"turns":4},{"damage":4,"enemies":"Looter","floor":10,"turns":4},{"damage":18,"enemies":"Exordium Thugs","floor":12,"turns":3},{"damage":36,"enemies":"The Guardian","floor":16,"turns":13},{"damage":26,"enemies":"3 Byrds","floor":18,"turns":6},{"damage":30,"enemies":"Masked Bandits","floor":19,"turns":5},{"damage":11,"enemies":"Chosen","floor":21,"turns":4},{"damage":26,"enemies":"Shelled Parasite and Fungi","floor":27,"turns":6},{"damage":37,"enemies":"Cultist and Chosen","floor":28,"turns":8},{"damage":10,"enemies":"3 Cultists","floor":30,"turns":4},{"damage":0,"enemies":"Sentry and Sphere","floor":31,"turns":2},{"damage":96,"enemies":"Champ","floor":33,"turns":14}],"seed_played":"6453362719528627050","potions_obtained":[{"floor":5,"key":"Poison Potion"},{"floor":6,"key":"EssenceOfSteel"},{"floor":12,"key":"EntropicBrew"},{"floor":18,"key":"PowerPotion"},{"floor":28,"key":"Swift Potion"},{"floor":31,"key":"LiquidBronze"}],"is_trial":false,"path_per_floor":["M","$","?","M","M","E","?","M","T","M","R","M","?","T","R","B",null,"M","?","$","M","?","R","T","R","T","M","M","?","M","M","R","B"],"character_chosen":"IRONCLAD","items_purchased":["Seeing Red","Potion Belt","Seeing Red","Pummel"],"campfire_rested":1,"item_purchase_floors":[2,20,20,20],"current_hp_per_floor":[80,80,80,80,80,19,45,27,27,29,29,17,14,14,14,9,80,63,42,42,37,37,49,49,61,61,41,10,10,10,16,58,0],"gold":119,"neow_bonus":"THREE_ENEMY_KILL","is_prod":false,"is_daily":false,"chose_seed":false,"campfire_upgraded":4,"win_rate":0,"timestamp":1545806769,"path_taken":["M","$","?","M","M","E","?","M","T","M","R","?","?","?","R","BOSS","M","?","$","M","?","R","?","R","T","M","?","?","M","M","R","BOSS"],"build_version":"2018-12-20","purchased_purges":0,"victory":false,"max_hp_per_floor":[80,80,80,80,80,80,80,80,80,80,80,80,80,80,80,80,80,83,86,86,86,86,86,86,86,86,86,86,86,90,90,90,90],"card_choices":[{"not_picked":["Shrug It Off","Havoc"],"picked":"Pommel Strike","floor":1},{"not_picked":["Havoc","Clash"],"picked":"Cleave","floor":4},{"not_picked":["Feel No Pain","Bloodletting"],"picked":"Thunderclap","floor":5},{"not_picked":["Flex","Burning Pact"],"picked":"Hemokinesis","floor":6},{"not_picked":["Warcry","Flame Barrier"],"picked":"Disarm","floor":8},{"not_picked":["Cleave","Anger","Perfected Strike"],"picked":"Clothesline","floor":10},{"not_picked":["Twin Strike","Dropkick","Whirlwind"],"picked":"Seeing Red","floor":12},{"not_picked":["Bludgeon","Berserk","Limit Break"],"picked":"Feed","floor":16},{"not_picked":["Evolve","Flex","Cleave"],"picked":"Inflame","floor":18},{"not_picked":["Evolve","Pommel Strike","Corruption"],"picked":"Flex+1","floor":19},{"not_picked":["Anger","Perfected Strike","Burning Pact"],"picked":"Power Through+1","floor":21},{"not_picked":["Armaments","Anger","True Grit"],"picked":"Headbutt","floor":27},{"not_picked":["Havoc","Warcry","Body Slam"],"picked":"Inflame","floor":28},{"not_picked":["Flex","Pommel Strike","Wild Strike"],"picked":"Impervious","floor":30},{"not_picked":["Whirlwind","Warcry","Combust"],"picked":"Flex","floor":31}],"player_experience":104692,"relics_obtained":[{"floor":6,"key":"Incense Burner"},{"floor":9,"key":"Question Card"},{"floor":14,"key":"Pantograph"},{"floor":19,"key":"Red Mask"},{"floor":24,"key":"Sundial"},{"floor":26,"key":"Gremlin Horn"}],"event_choices":[{"damage_healed":0,"gold_gain":0,"player_choice":"Ignored","damage_taken":0,"max_hp_gain":0,"max_hp_loss":0,"event_name":"Liars Game","floor":3,"gold_loss":0},{"damage_healed":26,"gold_gain":0,"player_choice":"Banana","damage_taken":0,"max_hp_gain":0,"max_hp_loss":0,"event_name":"Big Fish","floor":7,"gold_loss":0},{"damage_healed":0,"gold_gain":0,"player_choice":"Success","damage_taken":3,"relics_obtained":["Blue Candle"],"max_hp_gain":0,"max_hp_loss":0,"event_name":"Scrap Ooze","floor":13,"gold_loss":0},{"damage_healed":0,"gold_gain":0,"player_choice":"Fought Bandits","damage_taken":0,"max_hp_gain":0,"max_hp_loss":0,"event_name":"Masked Bandits","floor":19,"gold_loss":0},{"damage_healed":0,"gold_gain":0,"player_choice":"Ignored","damage_taken":0,"max_hp_gain":0,"max_hp_loss":0,"event_name":"Cursed Tome","floor":22,"gold_loss":0},{"damage_healed":0,"gold_gain":0,"player_choice":"Opened","damage_taken":0,"relics_obtained":["Happy Flower"],"max_hp_gain":0,"max_hp_loss":0,"event_name":"The Mausoleum","floor":29,"gold_loss":0}],"is_beta":false,"boss_relics":[{"not_picked":["Runic Pyramid","Runic Cube"],"picked":"Eternal Feather"}],"items_purged_floors":[],"is_endless":false,"potions_floor_spawned":[5,6,12,18,28,31],"killed_by":"Champ","ascension_level":4}