{"gold_per_floor":[114,41,58,8,8,47,47,61,61,61,102,121,121,18,18,142,142,130,130,45,66,87,87,118,118,118,162,181,205,205,96,96,197,197,217,54,70,81,81,81,98,110,137,37,67,67,77,94,94,94],"floor_reached":51,"playtime":8642,"items_purged":["Writhe","Doubt"],"score":1233,"play_id":"55f48c72-6b5b-4989-83a7-6739c00769bd","local_time":"20190506160027","is_ascension_mode":true,"campfire_choices":[{"data":"Leg Sweep","floor":7,"key":"SMITH"},{"data":"Footwork","floor":13,"key":"SMITH"},{"data":"Footwork","floor":15,"key":"SMITH"},{"floor":23,"key":"REST"},{"floor":25,"key":"REST"},{"floor":32,"key":"REST"},{"floor":46,"key":"REST"},{"data":"Footwork","floor":49,"key":"SMITH"}],"neow_cost":"NONE","seed_source_timestamp":417087684433060,"circlet_count":0,"master_deck":["AscendersBane","Defend_G+1","Defend_G","Defend_G","Defend_G","Strike_G","Strike_G","Strike_G","Strike_G","Strike_G","Survivor","Neutralize","Leg Sweep+1","Noxious Fumes","Deadly Poison+1","Injury","All Out Attack","Footwork+1","Acrobatics","Footwork+1","Backstab","Malaise","Well Laid Plans","Finisher+1","Dodge and Roll+1","Clumsy","Cloak And Dagger+1","Footwork+1","After Image","Burst+1","Acrobatics+1","Noxious Fumes","Bouncing Flask+1","Well Laid Plans","Catalyst+1","Backflip+1"],"relics":["Ring of the Serpent","NeowsBlessing","Bloody Idol","Question Card","Vajra","Thread and Needle","Cursed Key","Bag of Preparation","Pen Nib","Happy Flower","Toxic Egg 2","Tingsha","Snake Skull","War Paint","Bottled Lightning"],"potions_floor_usage":[21,40,42,50],"damage_taken":[{"damage":0,"enemies":"Cultist","floor":1,"turns":1},{"damage":0,"enemies":"Small Slimes","floor":3,"turns":1},{"damage":0,"enemies":"Lagavulin","floor":6,"turns":1},{"damage":0,"enemies":"Jaw Worm","floor":8,"turns":5},{"damage":19,"enemies":"3 Sentries","floor":11,"turns":6},{"damage":2,"enemies":"Large Slime","floor":12,"turns":7},{"damage":26,"enemies":"Hexaghost","floor":16,"turns":13},{"damage":24,"enemies":"2 Thieves","floor":18,"turns":4},{"damage":9,"enemies":"Chosen","floor":21,"turns":9},{"damage":17,"enemies":"Shelled Parasite and Fungi","floor":22,"turns":6},{"damage":6,"enemies":"Slavers","floor":24,"turns":9},{"damage":23,"enemies":"Gremlin Leader","floor":27,"turns":8},{"damage":2,"enemies":"Centurion and Healer","floor":28,"turns":9},{"damage":13,"enemies":"Champ","floor":33,"turns":14},{"damage":11,"enemies":"3 Darklings","floor":35,"turns":8},{"damage":0,"enemies":"3 Shapes","floor":37,"turns":2},{"damage":10,"enemies":"Writhing Mass","floor":38,"turns":8},{"damage":18,"enemies":"Reptomancer","floor":40,"turns":6},{"damage":1,"enemies":"3 Darklings","floor":41,"turns":5},{"damage":5,"enemies":"4 Shapes","floor":42,"turns":6},{"damage":1,"enemies":"Nemesis","floor":45,"turns":9},{"damage":0,"enemies":"Transient","floor":47,"turns":5},{"damage":15,"enemies":"3 Darklings","floor":48,"turns":6},{"damage":23,"enemies":"Donu and Deca","floor":50,"turns":11}],"seed_played":"7936016637382129667","potions_obtained":[{"floor":1,"key":"SteroidPotion"},{"floor":6,"key":"Regen Potion"},{"floor":24,"key":"GamblersBrew"},{"floor":37,"key":"Dexterity Potion"},{"floor":39,"key":"SmokeBomb"},{"floor":45,"key":"Explosive Potion"},{"floor":47,"key":"Swift Potion"}],"is_trial":false,"path_per_floor":["M","$","M","?","?","E","R","M","T","$","E","M","R","$","R","B",null,"M","?","?","M","M","R","E","R","T","E","M","T","?","$","R","B",null,"M","$","M","M","?","E","M","M","T","$","E","R","M","M","R","B",null],"character_chosen":"THE_SILENT","items_purchased":["Noxious Fumes","Footwork","Backstab","Footwork","Burst+1"],"campfire_rested":4,"item_purchase_floors":[2,14,14,31,36],"current_hp_per_floor":[63,63,63,63,63,63,63,63,63,63,44,42,42,42,42,16,57,33,33,33,38,21,42,36,57,57,34,32,32,32,32,53,45,64,58,58,63,58,58,40,44,44,49,49,53,70,70,60,60,37],"gold":94,"neow_bonus":"THREE_ENEMY_KILL","is_prod":false,"is_daily":false,"chose_seed":false,"campfire_upgraded":4,"win_rate":0,"timestamp":1557172827,"path_taken":["M","$","M","?","?","E","R","M","T","$","E","M","R","$","R","BOSS","M","?","?","M","M","R","E","R","T","E","M","?","?","$","R","BOSS","M","$","M","M","?","E","M","M","T","$","E","R","?","M","R","BOSS"],"build_version":"2019-01-23","purchased_purges":2,"victory":true,"max_hp_per_floor":[70,70,70,70,70,70,70,70,70,70,70,70,70,70,70,70,70,70,70,70,70,70,70,70,70,70,70,70,70,70,70,70,70,70,70,70,70,70,70,70,70,70,70,70,70,70,70,70,70,70],"card_choices":[{"not_picked":["Blur","Flying Knee"],"picked":"Leg Sweep","floor":1},{"not_picked":["Escape Plan","Calculated Gamble"],"picked":"Deadly Poison","floor":3},{"not_picked":["Deflect","Sucker Punch","Underhanded Strike"],"picked":"SKIP","floor":6},{"not_picked":["Terror","Acrobatics","Sucker Punch"],"picked":"All Out Attack","floor":8},{"not_picked":["Quick Slash","All Out Attack","Adrenaline"],"picked":"Footwork","floor":11},{"not_picked":["Outmaneuver","Bane","Prepared"],"picked":"Acrobatics","floor":12},{"not_picked":["Die Die Die","Bullet Time","Storm of Steel"],"picked":"Malaise","floor":16},{"not_picked":["PiercingWail","Dodge and Roll","Bane"],"picked":"Well Laid Plans","floor":18},{"not_picked":["Poisoned Stab","Footwork","Bane"],"picked":"Finisher+1","floor":21},{"not_picked":["Blade Dance","Dodge and Roll","Cloak And Dagger","Poisoned Stab"],"picked":"SKIP","floor":22},{"not_picked":["Tools of the Trade","All Out Attack","Underhanded Strike+1"],"picked":"Dodge and Roll+1","floor":24},{"not_picked":["Dodge and Roll+1","Sucker Punch","Reflex+1","Dagger Spray"],"picked":"SKIP","floor":27},{"not_picked":["Expertise+1","Sucker Punch","Dash"],"picked":"Cloak And Dagger+1","floor":28},{"not_picked":["Grand Finale","Glass Knife","Bullet Time+1"],"picked":"After Image","floor":33},{"not_picked":["Setup+1","Underhanded Strike","Endless Agony","Poisoned Stab"],"picked":"SKIP","floor":35},{"not_picked":["Bane","Setup+1","Sucker Punch"],"picked":"Acrobatics+1","floor":37},{"not_picked":["Caltrops","Poisoned Stab","Flechettes+1"],"picked":"Noxious Fumes","floor":38},{"not_picked":["Calculated Gamble+1","Escape Plan+1","Crippling Poison+1"],"picked":"Bouncing Flask+1","floor":41},{"not_picked":["Dagger Throw","Infinite Blades","Underhanded Strike+1"],"picked":"Well Laid Plans","floor":42},{"not_picked":["Eviscerate+1","Heel Hook","Outmaneuver+1"],"picked":"Catalyst+1","floor":45},{"not_picked":["Crippling Poison+1","Calculated Gamble+1","Outmaneuver+1"],"picked":"Backflip+1","floor":47},{"not_picked":["Deflect+1","Setup+1","Venomology+1","Quick Slash"],"picked":"SKIP","floor":48}],"player_experience":481658,"relics_obtained":[{"floor":6,"key":"Question Card"},{"floor":9,"key":"Vajra"},{"floor":11,"key":"Thread and Needle"},{"floor":24,"key":"Happy Flower"},{"floor":26,"key":"Toxic Egg 2"},{"floor":27,"key":"Tingsha"},{"floor":29,"key":"Snake Skull"},{"floor":43,"key":"War Paint"},{"floor":45,"key":"Bottled Lightning"}],"event_choices":[{"cards_removed":["Defend_G"],"damage_healed":0,"gold_gain":0,"player_choice":"Card Removal","damage_taken":0,"max_hp_gain":0,"max_hp_loss":0,"event_name":"The Cleric","floor":4,"gold_loss":50},{"damage_healed":0,"gold_gain":0,"player_choice":"Take Wound","damage_taken":0,"relics_obtained":["Golden Idol"],"max_hp_gain":0,"max_hp_loss":0,"event_name":"Golden Idol","floor":5,"gold_loss":0,"cards_obtained":["Injury"]},{"damage_healed":0,"gold_gain":0,"player_choice":"Opened","damage_taken":0,"relics_obtained":["Bag of Preparation"],"max_hp_gain":0,"max_hp_loss":0,"event_name":"The Mausoleum","floor":19,"gold_loss":0},{"damage_healed":0,"gold_gain":0,"player_choice":"Obtained Relic","damage_taken":0,"relics_obtained":["Pen Nib"],"max_hp_gain":0,"max_hp_loss":0,"event_name":"Addict","floor":20,"gold_loss":85},{"damage_healed":0,"gold_gain":0,"player_choice":"Gave Idol","damage_taken":0,"relics_obtained":["Bloody Idol"],"max_hp_gain":0,"max_hp_loss":0,"event_name":"Forgotten Altar","floor":30,"relics_lost":["Golden Idol"],"gold_loss":0},{"damage_healed":0,"gold_gain":0,"player_choice":"Got Potions","damage_taken":0,"max_hp_gain":0,"max_hp_loss":0,"event_name":"Lab","floor":39,"gold_loss":0}],"is_beta":false,"boss_relics":[{"not_picked":["WristBlade","HoveringKite"],"picked":"Cursed Key"},{"not_picked":["Pandora\u0027s Box","Tiny House"],"picked":"Ring of the Serpent"}],"items_purged_floors":[31,44],"is_endless":false,"potions_floor_spawned":[1,6,11,16,18,24,27,33,37,38,45,47,48],"ascension_level":12}