{"gold_per_floor":[118,118,130,130,144,170,185,185,185,205,237,252,252,32,32,130,130,145,174,192,192,206,234,234,263,286,319,16,26,26,40,40,142,142,152,152,165,41,51,83,83,98,148,160,187,187,187,200,200,200],"floor_reached":51,"playtime":4307,"items_purged":["Strike_R","Sever Soul"],"score":779,"play_id":"b4d45f48-2b63-47d0-8b4b-50ef901ce4be","local_time":"20190622184150","is_ascension_mode":false,"campfire_choices":[{"data":"Bash","floor":8,"key":"SMITH"},{"data":"Uppercut","floor":13,"key":"SMITH"},{"data":"Metallicize","floor":15,"key":"SMITH"},{"data":"Juggernaut","floor":24,"key":"SMITH"},{"data":"Juggernaut","floor":30,"key":"SMITH"},{"data":"Armaments","floor":32,"key":"SMITH"},{"data":"Impervious","floor":41,"key":"SMITH"},{"data":"Impervious","floor":46,"key":"SMITH"},{"data":"Flame Barrier","floor":49,"key":"SMITH"}],"neow_cost":"","seed_source_timestamp":163533166057011,"circlet_count":0,"master_deck":["Strike_R","Strike_R","Defend_R+1","Defend_R","Defend_R","Defend_R+1","Bash+1","Shrug It Off+1","Pommel Strike","Thunderclap","Headbutt","Metallicize+1","Uppercut+1","Juggernaut+1","Clothesline+1","Sword Boomerang","Dropkick+1","Armaments+1","Flame Barrier+1","Impervious+1","Body Slam+1","Juggernaut+1","True Grit+1","Impervious+1","Shockwave+1","Bandage Up","Armaments","Ghostly Armor","Flame Barrier+1"],"relics":["Burning Blood","Pocketwatch","Bottled Lightning","Self Forming Clay","Bag of Preparation","Bronze Scales","Velvet Choker","Red Mask","Question Card","Calipers","PreservedInsect","Vajra","War Paint","Empty Cage","Pen Nib","Bag of Marbles","Boot","GremlinMask"],"potions_floor_usage":[6,16,22,23,25,27,33,48,50,50],"damage_taken":[{"damage":2,"enemies":"Small Slimes","floor":1,"turns":4},{"damage":11,"enemies":"Jaw Worm","floor":3,"turns":2},{"damage":0,"enemies":"Cultist","floor":5,"turns":3},{"damage":17,"enemies":"3 Sentries","floor":6,"turns":8},{"damage":2,"enemies":"Large Slime","floor":7,"turns":8},{"damage":0,"enemies":"3 Louse","floor":10,"turns":3},{"damage":31,"enemies":"Lagavulin","floor":11,"turns":6},{"damage":2,"enemies":"Exordium Thugs","floor":12,"turns":5},{"damage":16,"enemies":"The Guardian","floor":16,"turns":10},{"damage":1,"enemies":"3 Byrds","floor":18,"turns":4},{"damage":26,"enemies":"Masked Bandits","floor":19,"turns":4},{"damage":0,"enemies":"Chosen","floor":20,"turns":4},{"damage":0,"enemies":"Snecko","floor":22,"turns":3},{"damage":14,"enemies":"Slavers","floor":23,"turns":5},{"damage":13,"enemies":"Gremlin Leader","floor":25,"turns":6},{"damage":0,"enemies":"Book of Stabbing","floor":27,"turns":4},{"damage":2,"enemies":"3 Cultists","floor":29,"turns":4},{"damage":4,"enemies":"Snake Plant","floor":31,"turns":3},{"damage":9,"enemies":"Champ","floor":33,"turns":10},{"damage":2,"enemies":"3 Darklings","floor":35,"turns":4},{"damage":1,"enemies":"3 Shapes","floor":37,"turns":4},{"damage":15,"enemies":"Sphere and 2 Shapes","floor":39,"turns":6},{"damage":0,"enemies":"Giant Head","floor":40,"turns":6},{"damage":1,"enemies":"Spire Growth","floor":42,"turns":5},{"damage":5,"enemies":"Writhing Mass","floor":44,"turns":4},{"damage":19,"enemies":"Nemesis","floor":45,"turns":5},{"damage":20,"enemies":"Sphere and 2 Shapes","floor":48,"turns":5},{"damage":61,"enemies":"Awakened One","floor":50,"turns":13}],"seed_played":"-7310879821640955087","potions_obtained":[{"floor":3,"key":"Poison Potion"},{"floor":7,"key":"Ancient Potion"},{"floor":11,"key":"SkillPotion"},{"floor":16,"key":"GamblersBrew"},{"floor":20,"key":"Strength Potion"},{"floor":22,"key":"GamblersBrew"},{"floor":23,"key":"Block Potion"},{"floor":25,"key":"EssenceOfSteel"},{"floor":31,"key":"Ancient Potion"},{"floor":35,"key":"BloodPotion"},{"floor":37,"key":"Fire Potion"}],"is_trial":false,"path_per_floor":["M","?","M","?","M","E","M","R","T","M","E","M","R","$","R","B",null,"M","?","M","?","M","E","R","E","T","E","$","M","R","M","R","B",null,"M","?","M","$","M","E","R","M","T","M","E","R","?","M","R","B",null],"character_chosen":"IRONCLAD","items_purchased":["Bronze Scales","Juggernaut","War Paint","Armaments"],"campfire_rested":0,"item_purchase_floors":[14,28,28,38],"current_hp_per_floor":[80,77,72,72,78,67,71,71,71,77,52,56,56,56,56,46,80,80,60,66,71,77,69,69,62,62,68,68,72,72,74,74,71,80,80,80,80,80,77,80,80,80,80,80,73,73,73,73,73,22],"gold":200,"neow_bonus":"","is_prod":false,"is_daily":false,"chose_seed":false,"campfire_upgraded":9,"win_rate":0.0,"timestamp":1561254110,"path_taken":["M","?","M","?","M","E","M","R","T","M","E","M","R","$","R","BOSS","M","?","M","?","?","E","R","E","T","E","$","M","R","M","R","BOSS","M","?","M","$","M","E","R","M","T","M","E","R","?","?","R","BOSS"],"build_version":"2019-01-23","purchased_purges":2,"victory":true,"max_hp_per_floor":[80,80,80,80,80,80,80,80,80,80,80,80,80,80,80,80,80,80,80,80,80,80,80,80,80,80,80,80,80,80,80,80,80,80,80,80,80,80,80,80,80,80,80,80,80,80,80,80,80,80],"card_choices":[{"not_picked":["Warcry","True Grit"],"picked":"Shrug It Off","floor":1},{"not_picked":["Rupture","Twin Strike"],"picked":"Pommel Strike","floor":3},{"not_picked":["Inflame","Dropkick"],"picked":"Thunderclap","floor":5},{"not_picked":["Warcry","Dual Wield"],"picked":"Headbutt","floor":6},{"not_picked":["Rage","Iron Wave"],"picked":"Sever Soul","floor":7},{"not_picked":["Headbutt","Clash"],"picked":"Anger","floor":10},{"not_picked":["Perfected Strike","Iron Wave"],"picked":"Metallicize","floor":11},{"not_picked":["True Grit","Bludgeon"],"picked":"Uppercut","floor":12},{"not_picked":["Fiend Fire","Demon Form"],"picked":"Juggernaut","floor":16},{"not_picked":["Whirlwind","Iron Wave+1"],"picked":"Clothesline+1","floor":18},{"not_picked":["Thunderclap","Power Through"],"picked":"Sword Boomerang","floor":19},{"not_picked":["Seeing Red","Infernal Blade"],"picked":"Dropkick+1","floor":20},{"not_picked":["Clothesline","Body Slam"],"picked":"Armaments","floor":22},{"not_picked":["Disarm","Cleave"],"picked":"Flame Barrier+1","floor":23},{"not_picked":["Battle Trance","Armaments","Whirlwind+1"],"picked":"Impervious","floor":25},{"not_picked":["Searing Blow","Blood for Blood","Headbutt"],"picked":"Body Slam+1","floor":27},{"not_picked":["Pommel Strike","Warcry+1","Sword Boomerang","Carnage+1"],"picked":"SKIP","floor":29},{"not_picked":["Anger","Sword Boomerang","Clothesline+1"],"picked":"True Grit+1","floor":31},{"not_picked":["Offering","Brutality","Barricade"],"picked":"Impervious","floor":33},{"not_picked":["Dropkick+1","Flex+1","Iron Wave+1"],"picked":"Shockwave+1","floor":35},{"not_picked":["Enlightenment","Magnetism","Panacea"],"picked":"Bandage Up","floor":36},{"not_picked":["Thunderclap+1","Anger+1","Second Wind+1","Rage"],"picked":"SKIP","floor":37},{"not_picked":["Bloodletting","Uppercut+1","Pommel Strike+1","Clash"],"picked":"SKIP","floor":39},{"not_picked":["Dropkick+1","Twin Strike","Clothesline+1","Whirlwind"],"picked":"SKIP","floor":40},{"not_picked":["Rupture","Reckless Charge","Clothesline+1"],"picked":"Ghostly Armor","floor":42},{"not_picked":["Sword Boomerang","Bloodletting","Flex+1","Second Wind+1"],"picked":"SKIP","floor":44},{"not_picked":["Reckless Charge","Anger","Iron Wave","Clothesline+1"],"picked":"SKIP","floor":45},{"not_picked":["Shrug It Off+1","Cleave","Whirlwind"],"picked":"Flame Barrier","floor":48}],"player_experience":0,"relics_obtained":[{"floor":6,"key":"Bottled Lightning"},{"floor":9,"key":"Self Forming Clay"},{"floor":11,"key":"Bag of Preparation"},{"floor":19,"key":"Red Mask"},{"floor":23,"key":"Question Card"},{"floor":25,"key":"Calipers"},{"floor":26,"key":"PreservedInsect"},{"floor":27,"key":"Vajra"},{"floor":40,"key":"Pen Nib"},{"floor":43,"key":"Bag of Marbles"},{"floor":45,"key":"Boot"}],"event_choices":[{"damage_healed":0,"gold_gain":0,"player_choice":"Success","damage_taken":3,"relics_obtained":["Pocketwatch"],"max_hp_gain":0,"max_hp_loss":0,"event_name":"Scrap Ooze","floor":2,"gold_loss":0},{"damage_healed":0,"gold_gain":0,"player_choice":"Grow","damage_taken":0,"max_hp_gain":0,"max_hp_loss":0,"event_name":"Living Wall","floor":4,"gold_loss":0,"cards_upgraded":["Shrug It Off"]},{"damage_healed":0,"gold_gain":0,"player_choice":"Fought Bandits","damage_taken":0,"max_hp_gain":0,"max_hp_loss":0,"event_name":"Masked Bandits","floor":19,"gold_loss":0},{"cards_removed":["Anger"],"damage_healed":5,"gold_gain":0,"player_choice":"Offered Common","damage_taken":0,"max_hp_gain":0,"max_hp_loss":0,"event_name":"Bonfire Elementals","floor":21,"gold_loss":0},{"cards_removed":["Anger"],"damage_healed":5,"gold_gain":0,"player_choice":"Offered Special","damage_taken":0,"max_hp_gain":0,"max_hp_loss":0,"event_name":"Bonfire Elementals","floor":21,"gold_loss":0},{"damage_healed":0,"gold_gain":0,"player_choice":"Memory 1","damage_taken":0,"max_hp_gain":0,"max_hp_loss":0,"event_name":"SensoryStone","floor":36,"gold_loss":0},{"damage_healed":0,"gold_gain":0,"player_choice":"Trade","damage_taken":0,"relics_obtained":["GremlinMask"],"max_hp_gain":0,"max_hp_loss":0,"event_name":"FaceTrader","floor":47,"gold_loss":0}],"is_beta":false,"boss_relics":[{"not_picked":["Fusion Hammer","Black Blood"],"picked":"Velvet Choker"},{"not_picked":["Coffee Dripper","Mark of Pain"],"picked":"Empty Cage"}],"items_purged_floors":[14,38],"is_endless":false,"potions_floor_spawned":[3,7,11,16,20,22,23,25,31,35,37,42],"ascension_level":0}