{"gold_per_floor":[117,90,110,385,385,418,418,443,470,505,505,505],"floor_reached":12,"playtime":351,"items_purged":[],"score":99,"play_id":"7f23df89-c5af-4b7e-9df3-fd733a67fa50","local_time":"20180917195221","is_ascension_mode":true,"campfire_choices":[{"floor":7,"key":"REST"}],"neow_cost":"NONE","seed_source_timestamp":281219659860432,"circlet_count":0,"master_deck":["Strike_B","Strike_B","Strike_B","Strike_B","Defend_B","Defend_B","Defend_B","Defend_B","Zap","Dualcast","Aggregate","Compile Driver","Gash","FTL","Ball Lightning","Leap","FTL"],"relics":["Cracked Core","Smiling Mask","Dream Catcher","Pear","Vajra","Ancient Tea Set","Mercury Hourglass"],"potions_floor_usage":[6,12],"damage_taken":[{"damage":1,"enemies":"Cultist","floor":1,"turns":3},{"damage":0,"enemies":"Small Slimes","floor":3,"turns":3},{"damage":32,"enemies":"Gremlin Nob","floor":6,"turns":4},{"damage":39,"enemies":"Lagavulin","floor":8,"turns":6},{"damage":25,"enemies":"3 Sentries","floor":10,"turns":7},{"damage":13,"enemies":"Lagavulin","floor":12,"turns":3}],"seed_played":"4544897395554688097","potions_obtained":[{"floor":3,"key":"Strength Potion"},{"floor":8,"key":"Poison Potion"}],"is_trial":false,"path_per_floor":["M","$","M","?","?","E","R","E","T","E","T"],"character_chosen":"DEFECT","items_purchased":["Compile Driver"],"campfire_rested":1,"item_purchase_floors":[2],"current_hp_per_floor":[74,74,74,74,74,42,64,35,35,10,10,0],"gold":505,"neow_bonus":"RANDOM_COMMON_RELIC","is_prod":false,"is_daily":false,"chose_seed":false,"campfire_upgraded":0,"win_rate":0,"timestamp":1537228341,"path_taken":["M","?","M","?","?","E","R","E","T","E","?","E"],"build_version":"2018-09-06","purchased_purges":0,"victory":false,"max_hp_per_floor":[75,75,75,75,75,75,75,85,85,85,85,85],"card_choices":[{"not_picked":["Coolheaded","Loop"],"picked":"Aggregate","floor":1},{"not_picked":["Beam Cell","White Noise"],"picked":"Gash","floor":3},{"not_picked":["Consume","Barrage"],"picked":"FTL","floor":6},{"not_picked":["Sweeping Beam","Coolheaded"],"picked":"Ball Lightning","floor":7},{"not_picked":["Compile Driver","Biased Cognition"],"picked":"Leap","floor":8},{"not_picked":["Coolheaded","Multi-Cast"],"picked":"FTL","floor":10}],"player_experience":130995,"relics_obtained":[{"floor":6,"key":"Dream Catcher"},{"floor":8,"key":"Pear"},{"floor":9,"key":"Vajra"},{"floor":10,"key":"Ancient Tea Set"},{"floor":11,"key":"Mercury Hourglass"}],"event_choices":[{"event_name":"Golden Shrine","player_choice":"Desecrate","floor":4,"damage_taken":0},{"event_name":"Purifier","player_choice":"One Purge","floor":5,"damage_taken":0}],"is_beta":false,"boss_relics":[],"items_purged_floors":[],"is_endless":false,"potions_floor_spawned":[3,8],"killed_by":"Lagavulin","ascension_level":1}