{"gold_per_floor":[117,132,151,167,185,185,198,228,228,239,255,244,17,32,32,135,135,148,148,158,169,180,180,279,279],"floor_reached":25,"playtime":1446,"items_purged":[],"score":224,"play_id":"3ccd6e34-e920-46db-87b6-40c4dbd3d414","local_time":"20181009010143","is_ascension_mode":true,"campfire_choices":[{"data":"Chill","floor":6,"key":"SMITH"},{"floor":15,"key":"REST"},{"floor":23,"key":"REST"}],"neow_cost":"","seed_source_timestamp":4757621926718,"circlet_count":0,"master_deck":["Strike_B","Strike_B","Strike_B","Strike_B","Defend_B","Defend_B","Defend_B","Defend_B","Zap","Dualcast","Ball Lightning","Chill+1","Redo","Glacier","Coolheaded","Cold Snap","Defragment","Fission","Loop","Rainbow","Finesse","Hologram","Machine Learning","Darkness"],"relics":["FrozenCore","Pantograph","Matryoshka"],"potions_floor_usage":[4,8,16,20,22],"damage_taken":[{"damage":1,"enemies":"Cultist","floor":1,"turns":3},{"damage":0,"enemies":"2 Louse","floor":2,"turns":2},{"damage":5,"enemies":"Small Slimes","floor":3,"turns":2},{"damage":8,"enemies":"Gremlin Gang","floor":4,"turns":4},{"damage":14,"enemies":"Exordium Thugs","floor":5,"turns":4},{"damage":0,"enemies":"Blue Slaver","floor":7,"turns":4},{"damage":15,"enemies":"Lagavulin","floor":8,"turns":8},{"damage":0,"enemies":"Lots of Slimes","floor":10,"turns":4},{"damage":0,"enemies":"Large Slime","floor":11,"turns":5},{"damage":8,"enemies":"Exordium Thugs","floor":12,"turns":4},{"damage":4,"enemies":"Red Slaver","floor":14,"turns":3},{"damage":30,"enemies":"The Guardian","floor":16,"turns":10},{"damage":8,"enemies":"Shell Parasite","floor":18,"turns":7},{"damage":24,"enemies":"3 Byrds","floor":20,"turns":6},{"damage":7,"enemies":"Shelled Parasite and Fungi","floor":21,"turns":9},{"damage":29,"enemies":"Snake Plant","floor":22,"turns":6},{"damage":28,"enemies":"3 Cultists","floor":25,"turns":6}],"seed_played":"-661627881419099979","potions_obtained":[{"floor":1,"key":"AttackPotion"},{"floor":2,"key":"GamblersBrew"},{"floor":3,"key":"Explosive Potion"},{"floor":11,"key":"Energy Potion"},{"floor":12,"key":"FocusPotion"},{"floor":20,"key":"GamblersBrew"},{"floor":21,"key":"Regen Potion"}],"is_trial":false,"path_per_floor":["M","M","M","M","M","R","M","E","T","M","M","M","$","M","R","B",null,"M","?","M","M","M","R","?"],"character_chosen":"DEFECT","items_purchased":["Rainbow","Finesse"],"campfire_rested":2,"item_purchase_floors":[13,13],"current_hp_per_floor":[74,74,69,61,47,47,47,32,32,32,32,24,24,20,42,37,75,67,67,43,36,22,44,44,16],"gold":279,"neow_bonus":"","is_prod":false,"is_daily":false,"chose_seed":false,"campfire_upgraded":1,"win_rate":0,"timestamp":1539057703,"path_taken":["M","M","M","M","?","R","M","E","T","M","M","M","$","M","R","BOSS","M","?","?","M","M","R","?","M"],"build_version":"2018-10-04v2","purchased_purges":0,"victory":false,"max_hp_per_floor":[75,75,75,75,75,75,75,75,75,75,75,75,75,75,75,75,75,75,75,75,75,75,75,75,75],"card_choices":[{"not_picked":["Gash","Barrage"],"picked":"Ball Lightning","floor":1},{"not_picked":["Hello World","Turbo"],"picked":"Chill","floor":2},{"not_picked":["Go for the Eyes","Turbo"],"picked":"Redo","floor":3},{"not_picked":["Storm","Scrape"],"picked":"Glacier","floor":4},{"not_picked":["Gash","Rebound"],"picked":"Coolheaded","floor":5},{"not_picked":["Scrape","Conserve Battery"],"picked":"Cold Snap","floor":7},{"not_picked":["Ball Lightning","Chill"],"picked":"Defragment","floor":8},{"not_picked":["Ball Lightning","Tempest"],"picked":"Fission","floor":10},{"not_picked":["Conserve Battery","Chaos"],"picked":"Loop","floor":11},{"not_picked":["Sweeping Beam","Ball Lightning","Barrage"],"picked":"SKIP","floor":12},{"not_picked":["Streamline","Gash"],"picked":"Hologram","floor":14},{"not_picked":["Creative AI","Fission"],"picked":"Machine Learning","floor":16},{"not_picked":["Glacier","Barrage","Stack+1"],"picked":"SKIP","floor":18},{"not_picked":["Chill+1","Turbo","Blizzard"],"picked":"SKIP","floor":20},{"not_picked":["Steam","Leap","Fusion"],"picked":"SKIP","floor":21},{"not_picked":["Stack+1","Undo","Reinforced Body"],"picked":"SKIP","floor":22}],"player_experience":120506,"relics_obtained":[{"floor":8,"key":"Pantograph"},{"floor":9,"key":"Matryoshka"}],"event_choices":[{"event_name":"The Library","player_choice":"Read","floor":19,"damage_taken":0},{"event_name":"Nest","player_choice":"Stole From Cult","floor":24,"damage_taken":0}],"is_beta":false,"boss_relics":[{"not_picked":["Runic Dome","Eternal Feather"],"picked":"FrozenCore"}],"items_purged_floors":[],"is_endless":false,"potions_floor_spawned":[1,2,3,11,12,20,21],"killed_by":"3 Cultists","ascension_level":1}