{"gold_per_floor":[111,122,134,150,16,16,34,34,58,69,104,104,104,4,4,81,81,91,105,30,30,48,48,48],"floor_reached":24,"playtime":1071,"items_purged":["Strike_G","Strike_G"],"score":396,"play_id":"2f130d5a-5874-48b4-94ce-611348ea2e3e","local_time":"20190329124849","is_ascension_mode":true,"campfire_choices":[{"data":"Predator","floor":6,"key":"SMITH"},{"data":"Deadly Poison","floor":8,"key":"SMITH"},{"data":"Deadly Poison","floor":13,"key":"SMITH"},{"floor":15,"key":"REST"},{"floor":23,"key":"REST"}],"neow_cost":"NONE","seed_source_timestamp":942001741676,"circlet_count":0,"master_deck":["AscendersBane","Defend_G","Defend_G","Defend_G","Defend_G","Defend_G","Strike_G","Strike_G","Survivor","Neutralize","Predator+1","Slice","Deadly Poison+1","Deadly Poison+1","PiercingWail","Malaise","Deflect","PiercingWail"],"relics":["Ring of the Snake","NeowsBlessing","Happy Flower","PreservedInsect","Cursed Key"],"potions_floor_usage":[11,16],"damage_taken":[{"damage":0,"enemies":"Cultist","floor":1,"turns":1},{"damage":0,"enemies":"2 Louse","floor":2,"turns":1},{"damage":0,"enemies":"Jaw Worm","floor":3,"turns":1},{"damage":2,"enemies":"2 Fungi Beasts","floor":4,"turns":3},{"damage":13,"enemies":"3 Louse","floor":7,"turns":4},{"damage":13,"enemies":"Red Slaver","floor":10,"turns":4},{"damage":19,"enemies":"3 Sentries","floor":11,"turns":8},{"damage":18,"enemies":"The Guardian","floor":16,"turns":9},{"damage":18,"enemies":"Shell Parasite","floor":18,"turns":5},{"damage":20,"enemies":"3 Byrds","floor":19,"turns":7},{"damage":9,"enemies":"Snake Plant","floor":22,"turns":5},{"damage":39,"enemies":"Slavers","floor":24,"turns":5}],"seed_played":"-4699035521541123625","potions_obtained":[{"floor":2,"key":"LiquidBronze"},{"floor":4,"key":"AttackPotion"},{"floor":7,"key":"Regen Potion"},{"floor":16,"key":"Ancient Potion"}],"is_trial":false,"path_per_floor":["M","M","M","M","$","R","M","R","T","M","E","?","R","$","R","B",null,"M","M","?","$","M","R","E"],"character_chosen":"THE_SILENT","items_purchased":["Deadly Poison"],"campfire_rested":2,"item_purchase_floors":[5],"current_hp_per_floor":[59,59,59,57,57,57,44,44,44,31,27,27,27,27,46,28,57,39,19,19,19,10,29,0],"gold":48,"neow_bonus":"THREE_ENEMY_KILL","is_prod":false,"is_daily":false,"chose_seed":false,"campfire_upgraded":3,"win_rate":0,"timestamp":1553874529,"path_taken":["M","M","?","M","$","R","M","R","T","M","E","?","R","?","R","BOSS","M","M","?","$","M","R","E"],"build_version":"2019-01-23","purchased_purges":2,"victory":false,"max_hp_per_floor":[66,66,66,66,66,66,66,66,66,66,66,66,66,66,66,66,66,66,66,66,66,66,66,66],"card_choices":[{"not_picked":["Acrobatics","Bane","Distraction"],"picked":"SKIP","floor":1},{"not_picked":["Well Laid Plans","PiercingWail"],"picked":"Predator","floor":2},{"not_picked":["Finisher","Outmaneuver"],"picked":"Slice","floor":3},{"not_picked":["Choke","Bane","Setup"],"picked":"SKIP","floor":4},{"not_picked":["Choke","Bane","Setup"],"picked":"SKIP","floor":4},{"not_picked":["PiercingWail","Flying Knee"],"picked":"Deadly Poison","floor":7},{"not_picked":["Crippling Poison","Caltrops"],"picked":"PiercingWail","floor":10},{"not_picked":["Blade Dance","Flechettes","Dodge and Roll"],"picked":"SKIP","floor":11},{"not_picked":["Doppelganger","A Thousand Cuts"],"picked":"Malaise","floor":16},{"not_picked":["Acrobatics","Outmaneuver"],"picked":"Deflect","floor":18},{"not_picked":["Sucker Punch+1","Eviscerate"],"picked":"PiercingWail","floor":19},{"not_picked":["Slice+1","Choke","Deflect"],"picked":"SKIP","floor":22}],"player_experience":1000275,"relics_obtained":[{"floor":9,"key":"Happy Flower"},{"floor":11,"key":"PreservedInsect"}],"event_choices":[{"damage_healed":0,"gold_gain":0,"player_choice":"Ignored","damage_taken":0,"max_hp_gain":0,"max_hp_loss":0,"event_name":"Liars Game","floor":12,"gold_loss":0},{"cards_removed":["Strike_G"],"damage_healed":0,"gold_gain":0,"player_choice":"Gave Gold","damage_taken":0,"max_hp_gain":0,"max_hp_loss":0,"event_name":"Beggar","floor":20,"gold_loss":75}],"is_beta":false,"boss_relics":[{"not_picked":["Black Star","Fusion Hammer"],"picked":"Cursed Key"}],"items_purged_floors":[5,14],"is_endless":false,"potions_floor_spawned":[2,4,7,10,16],"killed_by":"Slavers","ascension_level":20}