{"gold_per_floor":[117,117,131,147,147,147,160,160,160,16,29,48,48,48,48,147,147,160,120,137,237,84,84,84,84,84,99,189,189,205,37,37,139,139,155,173,224,243,243,243,253,89,140,140,151,151,165,180,180,180],"floor_reached":50,"playtime":3028,"items_purged":["Regret","Bash"],"score":543,"play_id":"f4ecabde-cbce-42b7-b235-389ccec1c3e6","local_time":"20181101232436","is_ascension_mode":true,"campfire_choices":[{"data":"Havoc","floor":6,"key":"SMITH"},{"data":"Battle Trance","floor":8,"key":"SMITH"},{"data":"Flex","floor":13,"key":"SMITH"},{"data":"Flex","floor":15,"key":"SMITH"},{"data":"Havoc","floor":23,"key":"SMITH"},{"data":"Immolate","floor":25,"key":"SMITH"},{"data":"Warcry","floor":29,"key":"SMITH"},{"data":"Uppercut","floor":32,"key":"SMITH"},{"floor":40,"key":"REST"},{"data":"Chrysalis","floor":44,"key":"SMITH"},{"data":"Pommel Strike","floor":46,"key":"SMITH"},{"floor":49,"key":"REST"}],"neow_cost":"NONE","seed_source_timestamp":688439643864,"circlet_count":0,"master_deck":["Strike_R","Strike_R","Strike_R","Strike_R","Strike_R","Defend_R","Defend_R","Defend_R","Defend_R+1","Bash+1","Blind","Twin Strike","Havoc+1","Flash of Steel","Shrug It Off","Shrug It Off","Battle Trance+1","Uppercut+1","Flex+1","Flex+1","Immolate+1","Headbutt","Rage","Havoc+1","Warcry+1","Panache+1","Dark Embrace+1","Feed","Feel No Pain+1","Clothesline+1","Pommel Strike+1","Chrysalis+1","Shrug It Off+1"],"relics":["Burning Blood","Centennial Puzzle","Frozen Egg 2","Torii","Runic Cube","Ginger","Self Forming Clay","Meat on the Bone","Incense Burner","Sozu","Champion Belt","Dream Catcher","Omamori"],"potions_floor_usage":[18,21,21,21,33],"damage_taken":[{"damage":12,"enemies":"2 Louse","floor":1,"turns":2},{"damage":4,"enemies":"Cultist","floor":3,"turns":3},{"damage":2,"enemies":"Jaw Worm","floor":4,"turns":3},{"damage":4,"enemies":"Looter","floor":7,"turns":3},{"damage":6,"enemies":"Exordium Wildlife","floor":11,"turns":5},{"damage":10,"enemies":"Lots of Slimes","floor":12,"turns":5},{"damage":30,"enemies":"The Guardian","floor":16,"turns":9},{"damage":6,"enemies":"Spheric Guardian","floor":18,"turns":3},{"damage":25,"enemies":"2 Thieves","floor":20,"turns":3},{"damage":9,"enemies":"Colosseum Slavers","floor":21,"turns":3},{"damage":10,"enemies":"Colosseum Nobs","floor":21,"turns":3},{"damage":0,"enemies":"Chosen and Byrds","floor":27,"turns":4},{"damage":2,"enemies":"Cultist and Chosen","floor":30,"turns":3},{"damage":23,"enemies":"Collector","floor":33,"turns":7},{"damage":1,"enemies":"3 Darklings","floor":35,"turns":3},{"damage":1,"enemies":"Orb Walker","floor":36,"turns":2},{"damage":17,"enemies":"2 Orb Walkers","floor":37,"turns":5},{"damage":51,"enemies":"Writhing Mass","floor":38,"turns":4},{"damage":2,"enemies":"Maw","floor":41,"turns":6},{"damage":2,"enemies":"Jaw Worm Horde","floor":45,"turns":4},{"damage":23,"enemies":"Spire Growth","floor":47,"turns":5},{"damage":0,"enemies":"Sphere and 2 Shapes","floor":48,"turns":3},{"damage":84,"enemies":"Donu and Deca","floor":50,"turns":9}],"seed_played":"8501404342117458355","potions_obtained":[{"floor":7,"key":"Energy Potion"},{"floor":11,"key":"Explosive Potion"},{"floor":12,"key":"AttackPotion"},{"floor":20,"key":"Explosive Potion"},{"floor":21,"key":"LiquidBronze"},{"floor":27,"key":"Regen Potion"}],"is_trial":false,"path_per_floor":["M","?","M","M","?","R","M","R","T","$","M","M","R","?","R","B",null,"M","?","M","?","$","R","?","R","T","M","?","R","M","$","R","B",null,"M","M","?","M","T","R","M","$","T","R","M","R","M","M","R","B"],"character_chosen":"IRONCLAD","items_purchased":["Uppercut","Havoc","Panache+1","Chrysalis"],"campfire_rested":2,"item_purchase_floors":[10,22,31,42],"current_hp_per_floor":[74,74,76,80,80,80,80,80,80,80,80,76,76,73,73,49,72,72,72,53,46,46,46,46,46,46,52,36,36,52,52,52,50,73,78,80,69,36,36,60,64,64,64,64,68,68,51,60,83,0],"gold":180,"neow_bonus":"RANDOM_COLORLESS","is_prod":false,"is_daily":false,"chose_seed":false,"campfire_upgraded":10,"win_rate":0,"timestamp":1541125476,"path_taken":["M","?","M","?","?","R","M","R","T","$","M","M","R","?","R","BOSS","M","?","?","?","$","R","?","R","T","?","?","R","M","$","R","BOSS","M","?","?","M","?","R","M","$","T","R","M","R","M","M","R","BOSS"],"build_version":"2018-11-01","purchased_purges":2,"victory":false,"max_hp_per_floor":[80,80,80,80,80,80,80,80,80,80,80,80,80,80,80,80,80,80,80,80,80,80,80,80,80,80,80,80,80,80,80,80,80,80,80,80,80,80,80,80,80,80,80,80,80,80,80,83,83,83],"card_choices":[{"not_picked":["Anger","Spot Weakness"],"picked":"Twin Strike","floor":1},{"not_picked":["Sentinel","Seeing Red"],"picked":"Shrug It Off","floor":3},{"not_picked":["Sever Soul","Rampage"],"picked":"Shrug It Off","floor":4},{"not_picked":["Seeing Red","Anger"],"picked":"Battle Trance","floor":7},{"not_picked":["Twin Strike","Rampage"],"picked":"Flex","floor":11},{"not_picked":["Thunderclap","Limit Break"],"picked":"Flex","floor":12},{"not_picked":["Fiend Fire","Feed"],"picked":"Immolate","floor":16},{"not_picked":["Thunderclap","Clothesline"],"picked":"Headbutt","floor":18},{"not_picked":["Perfected Strike","Clash"],"picked":"Rage","floor":20},{"not_picked":["Uppercut","Clothesline"],"picked":"Warcry","floor":27},{"not_picked":["Rampage","Perfected Strike+1","Cleave"],"picked":"SKIP","floor":30},{"not_picked":["Impervious","Reaper"],"picked":"Dark Embrace+1","floor":33},{"not_picked":["Corruption+1","Clothesline+1","Wild Strike"],"picked":"SKIP","floor":35},{"not_picked":["Iron Wave","Sword Boomerang+1","Disarm"],"picked":"SKIP","floor":36},{"not_picked":["Iron Wave","Sword Boomerang"],"picked":"Feed","floor":37},{"not_picked":["Flex","Body Slam+1"],"picked":"Feel No Pain+1","floor":38},{"not_picked":["Thunderclap","Spot Weakness+1"],"picked":"Clothesline+1","floor":40},{"not_picked":["Disarm+1","Power Through+1"],"picked":"Pommel Strike","floor":41},{"not_picked":["Cleave+1","Sword Boomerang","Inflame+1"],"picked":"SKIP","floor":45},{"not_picked":["Headbutt+1","Searing Blow+1","Flex"],"picked":"SKIP","floor":47},{"not_picked":["Perfected Strike","Corruption+1"],"picked":"Shrug It Off+1","floor":48}],"player_experience":232499,"relics_obtained":[{"floor":9,"key":"Frozen Egg 2"},{"floor":21,"key":"Ginger"},{"floor":21,"key":"Self Forming Clay"},{"floor":26,"key":"Incense Burner"},{"floor":37,"key":"Champion Belt"},{"floor":39,"key":"Dream Catcher"},{"floor":43,"key":"Omamori"}],"event_choices":[{"damage_healed":0,"gold_gain":0,"player_choice":"3 cards matched","damage_taken":0,"max_hp_gain":0,"max_hp_loss":0,"event_name":"Match and Keep!","floor":2,"gold_loss":0,"cards_obtained":["Bash","Havoc","Flash of Steel"]},{"damage_healed":0,"gold_gain":0,"player_choice":"Box","damage_taken":0,"relics_obtained":["Centennial Puzzle"],"max_hp_gain":0,"max_hp_loss":0,"event_name":"Big Fish","floor":5,"gold_loss":0,"cards_obtained":["Regret"]},{"damage_healed":0,"gold_gain":0,"player_choice":"Success","damage_taken":3,"relics_obtained":["Torii"],"max_hp_gain":0,"max_hp_loss":0,"event_name":"Scrap Ooze","floor":14,"gold_loss":0},{"damage_healed":0,"gold_gain":0,"player_choice":"Upgraded Two","damage_taken":0,"max_hp_gain":0,"max_hp_loss":0,"event_name":"Designer","floor":19,"gold_loss":40,"cards_upgraded":["Bash","Defend_R"]},{"damage_healed":0,"gold_gain":0,"player_choice":"Fight","damage_taken":0,"max_hp_gain":0,"max_hp_loss":0,"event_name":"Colosseum","floor":21,"gold_loss":0},{"damage_healed":0,"gold_gain":0,"player_choice":"Fought Nobs","damage_taken":0,"max_hp_gain":0,"max_hp_loss":0,"event_name":"Colosseum","floor":21,"gold_loss":0},{"damage_healed":0,"gold_gain":0,"player_choice":"Gave Potion","damage_taken":0,"relics_obtained":["Meat on the Bone"],"max_hp_gain":0,"max_hp_loss":0,"event_name":"WeMeetAgain","floor":24,"gold_loss":0},{"damage_healed":0,"gold_gain":90,"player_choice":"GOLD ","damage_taken":16,"max_hp_gain":0,"max_hp_loss":0,"event_name":"Knowing Skull","floor":28,"potions_obtained":[],"gold_loss":0,"cards_obtained":[]},{"damage_healed":0,"gold_gain":0,"player_choice":"Fight","damage_taken":0,"max_hp_gain":0,"max_hp_loss":0,"event_name":"Mysterious Sphere","floor":37,"gold_loss":0}],"is_beta":false,"boss_relics":[{"not_picked":["Coffee Dripper","Lizard Tail"],"picked":"Runic Cube"},{"not_picked":["Runic Dome","Pandora\u0027s Box"],"picked":"Sozu"}],"items_purged_floors":[10,22],"is_endless":false,"potions_floor_spawned":[7,11,12,20,21,27,36,37,38,45],"killed_by":"Donu and Deca","ascension_level":5}