{"gold_per_floor":[110,110,49,129,149,184,149,149,176,188,212,243,269,297,309,399,411,435,447,471,501,531,543,555,567,579,591,636,665,61,95,95,173,173,193,204,204,39,0,0,13,13],"floor_reached":42,"playtime":3029,"items_purged":["Bite"],"score":928,"play_id":"dfc95177-7dcf-4118-bcba-9a50b6072828","local_time":"20181221205102","is_ascension_mode":true,"campfire_choices":[{"data":"Zap","floor":10,"key":"SMITH"},{"data":"Loop","floor":15,"key":"SMITH"},{"floor":23,"key":"REST"},{"floor":27,"key":"REST"},{"floor":32,"key":"REST"},{"data":"Defragment","floor":40,"key":"SMITH"}],"neow_cost":"NONE","seed_source_timestamp":15852480109181,"circlet_count":0,"master_deck":["AscendersBane","Defend_B","Defend_B","Defend_B","Defend_B","Zap+1","Dualcast","Ball Lightning","Conserve Battery","Redo","Loop+1","Sunder","Cold Snap","Rainbow","Defragment+1","Leap","Bite","Bite","Bite","Bite","Conserve Battery+1","Coolheaded","Core Surge","Coolheaded+1","Chill"],"relics":["Cracked Core","NeowsBlessing","Centennial Puzzle","Ornamental Fan","MawBank","Velvet Choker","Juzu Bracelet","Singing Bowl","The Courier","Bag of Preparation","Strawberry","Pantograph","Oddly Smooth Stone","White Beast Statue","Pen Nib","Red Mask"],"potions_floor_usage":[16,16,22,22,29,31,33,41,42],"damage_taken":[{"damage":0,"enemies":"Cultist","floor":1,"turns":1},{"damage":0,"enemies":"Jaw Worm","floor":5,"turns":1},{"damage":0,"enemies":"3 Sentries","floor":6,"turns":1},{"damage":0,"enemies":"Small Slimes","floor":11,"turns":3},{"damage":0,"enemies":"2 Fungi Beasts","floor":12,"turns":3},{"damage":6,"enemies":"Looter","floor":13,"turns":2},{"damage":5,"enemies":"Gremlin Gang","floor":14,"turns":3},{"damage":18,"enemies":"Slime Boss","floor":16,"turns":6},{"damage":16,"enemies":"2 Thieves","floor":18,"turns":3},{"damage":11,"enemies":"Shell Parasite","floor":20,"turns":5},{"damage":27,"enemies":"Shelled Parasite and Fungi","floor":21,"turns":5},{"damage":6,"enemies":"Snecko","floor":22,"turns":5},{"damage":36,"enemies":"Gremlin Leader","floor":28,"turns":10},{"damage":18,"enemies":"Sentry and Sphere","floor":29,"turns":5},{"damage":24,"enemies":"Book of Stabbing","floor":31,"turns":7},{"damage":89,"enemies":"Collector","floor":33,"turns":11},{"damage":4,"enemies":"3 Shapes","floor":35,"turns":5},{"damage":7,"enemies":"Orb Walker","floor":36,"turns":4},{"damage":21,"enemies":"3 Darklings","floor":41,"turns":9},{"damage":118,"enemies":"Giant Head","floor":42,"turns":9}],"seed_played":"-4557302308515872514","potions_obtained":[{"floor":6,"key":"SpeedPotion"},{"floor":11,"key":"SpeedPotion"},{"floor":12,"key":"AttackPotion"},{"floor":20,"key":"Fire Potion"},{"floor":21,"key":"Weak Potion"},{"floor":28,"key":"GamblersBrew"},{"floor":31,"key":"GamblersBrew"},{"floor":35,"key":"Energy Potion"},{"floor":41,"key":"Energy Potion"}],"is_trial":false,"path_per_floor":["M","?","?","T","M","E","?","?","T","R","M","M","M","M","R","B",null,"M","?","M","M","M","R","?","?","T","R","E","M","$","E","R","B",null,"M","M","?","$","?","R","M","E"],"character_chosen":"DEFECT","items_purchased":["Bag of Preparation","Strawberry","Pantograph","Coolheaded","PowerPotion","Swift Potion","Chill","Pen Nib"],"campfire_rested":3,"item_purchase_floors":[30,30,30,30,30,30,38,38],"current_hp_per_floor":[64,38,38,38,38,38,55,48,48,48,50,52,48,45,45,29,61,47,47,38,13,9,30,30,30,30,51,41,35,42,24,48,8,64,70,73,73,73,73,73,70,0],"gold":13,"neow_bonus":"THREE_ENEMY_KILL","is_prod":false,"is_daily":false,"chose_seed":false,"campfire_upgraded":3,"win_rate":0,"timestamp":1545436262,"path_taken":["M","?","?","?","M","E","?","?","T","R","?","M","M","M","R","BOSS","M","?","?","M","M","R","?","?","T","R","E","M","$","E","R","BOSS","M","M","?","$","?","R","M","E"],"build_version":"2018-12-20","purchased_purges":1,"victory":false,"max_hp_per_floor":[71,71,71,71,71,71,71,71,71,71,71,71,71,71,71,71,71,71,71,71,71,71,71,71,71,71,71,71,73,80,82,82,82,82,82,84,84,84,84,84,86,86],"card_choices":[{"not_picked":["Compile Driver","Aggregate"],"picked":"Ball Lightning","floor":1},{"not_picked":["Fusion","Go for the Eyes"],"picked":"Conserve Battery","floor":5},{"not_picked":["Gash","Echo Form"],"picked":"Sweeping Beam","floor":6},{"not_picked":["Compile Driver","Coolheaded"],"picked":"Redo","floor":11},{"not_picked":["Leap","Melter"],"picked":"Loop","floor":12},{"not_picked":["Gash","Chaos"],"picked":"Sunder","floor":13},{"not_picked":["Go for the Eyes","Aggregate"],"picked":"Cold Snap","floor":14},{"not_picked":["Thunder Strike","Amplify"],"picked":"Rainbow","floor":16},{"not_picked":["Auto Shields","Ball Lightning"],"picked":"Defragment","floor":18},{"not_picked":["Melter","Rip and Tear","Beam Cell"],"picked":"SKIP","floor":20},{"not_picked":["Compile Driver","Coolheaded"],"picked":"Leap","floor":21},{"not_picked":["Redo","FTL+1","Beam Cell"],"picked":"SKIP","floor":22},{"not_picked":["Turbo","Reprogram"],"picked":"Conserve Battery+1","floor":28},{"not_picked":["Undo","Redo+1","Steam Power+1"],"picked":"Singing Bowl","floor":29},{"not_picked":["Multi-Cast","Cold Snap","Steam Power"],"picked":"Singing Bowl","floor":31},{"not_picked":["Meteor Strike","Fission"],"picked":"Core Surge","floor":33},{"not_picked":["Compile Driver","Consume"],"picked":"Coolheaded+1","floor":35},{"not_picked":["Lockon","Rebound","Redo+1"],"picked":"Singing Bowl","floor":36},{"not_picked":["Rip and Tear","Hello World+1","Blizzard"],"picked":"Singing Bowl","floor":41}],"player_experience":598641,"relics_obtained":[{"floor":4,"key":"Ornamental Fan"},{"floor":6,"key":"Blood Vial"},{"floor":9,"key":"MawBank"},{"floor":24,"key":"Juzu Bracelet"},{"floor":26,"key":"Singing Bowl"},{"floor":28,"key":"The Courier"},{"floor":31,"key":"Oddly Smooth Stone"}],"event_choices":[{"damage_healed":0,"gold_gain":0,"player_choice":"Success","damage_taken":26,"relics_obtained":["Centennial Puzzle"],"max_hp_gain":0,"max_hp_loss":0,"event_name":"Scrap Ooze","floor":2,"gold_loss":0},{"damage_healed":0,"gold_gain":0,"player_choice":"Left Gold","damage_taken":0,"max_hp_gain":0,"max_hp_loss":0,"event_name":"World of Goop","floor":3,"gold_loss":61},{"damage_healed":17,"gold_gain":0,"player_choice":"Healed","damage_taken":0,"max_hp_gain":0,"max_hp_loss":0,"event_name":"The Cleric","floor":7,"gold_loss":35},{"cards_removed":["Strike_B"],"damage_healed":0,"gold_gain":0,"player_choice":"Card Removal","damage_taken":7,"max_hp_gain":0,"max_hp_loss":0,"event_name":"Golden Wing","floor":8,"gold_loss":0},{"damage_healed":0,"gold_gain":0,"player_choice":"Ignored","damage_taken":0,"max_hp_gain":0,"max_hp_loss":0,"event_name":"N\u0027loth","floor":19,"gold_loss":0},{"damage_healed":0,"gold_gain":0,"player_choice":"Relic","damage_taken":0,"max_hp_gain":0,"max_hp_loss":0,"event_name":"Wheel of Change","floor":24,"gold_loss":0},{"damage_healed":0,"gold_gain":0,"player_choice":"Became a vampire (Vial)","damage_taken":0,"max_hp_gain":0,"max_hp_loss":0,"event_name":"Vampires","floor":25,"relics_lost":["Blood Vial"],"gold_loss":0,"cards_obtained":["Bite","Bite","Bite","Bite","Bite"]},{"cards_removed":["Sweeping Beam"],"damage_healed":0,"gold_gain":0,"player_choice":"Removed Attack","damage_taken":0,"max_hp_gain":0,"max_hp_loss":0,"event_name":"Falling","floor":37,"gold_loss":0},{"damage_healed":0,"gold_gain":0,"player_choice":"Paid","damage_taken":0,"relics_obtained":["Red Mask"],"max_hp_gain":0,"max_hp_loss":0,"event_name":"Tomb of Lord Red Mask","floor":39,"gold_loss":39}],"is_beta":false,"boss_relics":[{"not_picked":["Cursed Key","Philosopher\u0027s Stone"],"picked":"Velvet Choker"},{"not_picked":["Busted Crown","Nuclear Battery"],"picked":"White Beast Statue"}],"items_purged_floors":[30],"is_endless":false,"potions_floor_spawned":[6,11,12,20,21,28,31,35,36,41],"killed_by":"Giant Head","ascension_level":17}