{"gold_per_floor":[117,132,151,21,21,21,49,49,72,72,103,154,182,357,357,453,453,465,465,25,25,41,41,41,71,126,137,149,149,160,225,225,329,329,349,53,63,63,63,63],"floor_reached":40,"playtime":3118,"items_purged":["Strike_G"],"score":550,"play_id":"eb164aa0-cf6f-459e-9aae-532dc535f5fe","local_time":"20190120213417","is_ascension_mode":true,"campfire_choices":[{"data":"Neutralize","floor":6,"key":"SMITH"},{"floor":8,"key":"REST"},{"data":"Cloak And Dagger","floor":10,"key":"SMITH"},{"floor":15,"key":"REST"},{"data":"1","floor":23,"key":"LIFT"},{"floor":32,"key":"REST"}],"neow_cost":"TEN_PERCENT_HP_LOSS","seed_source_timestamp":1012400723121069,"circlet_count":0,"master_deck":["Defend_G","Defend_G","Defend_G","Defend_G","Defend_G","Strike_G","Strike_G","Strike_G","Strike_G","Survivor","Neutralize+1","Dagger Throw","Acrobatics","Blade Dance","Predator","Concentrate","Caltrops","Cloak And Dagger+1","Backflip","Dash","Malaise","Doubt","After Image+1","Cloak And Dagger","PiercingWail","Footwork","Wraith Form v2","Footwork","Finisher","Backstab+1","Blur+1","A Thousand Cuts","Blade Dance+1","Die Die Die"],"relics":["Ring of the Snake","Prayer Wheel","Regal Pillow","Boot","Strawberry","Vajra","Dodecahedron","Fusion Hammer","MutagenicStrength","Girya","Singing Bowl","Pen Nib","Tiny Chest","Eternal Feather","Ice Cream"],"potions_floor_usage":[7,16,25,25,25,31,33,40],"damage_taken":[{"damage":0,"enemies":"Jaw Worm","floor":1,"turns":8},{"damage":0,"enemies":"2 Louse","floor":2,"turns":4},{"damage":0,"enemies":"Small Slimes","floor":3,"turns":3},{"damage":32,"enemies":"Lagavulin","floor":7,"turns":7},{"damage":19,"enemies":"3 Sentries","floor":11,"turns":9},{"damage":14,"enemies":"Gremlin Nob","floor":13,"turns":4},{"damage":37,"enemies":"Hexaghost","floor":16,"turns":9},{"damage":19,"enemies":"3 Byrds","floor":18,"turns":4},{"damage":2,"enemies":"Shell Parasite","floor":22,"turns":4},{"damage":9,"enemies":"Gremlin Leader","floor":25,"turns":8},{"damage":1,"enemies":"Centurion and Healer","floor":27,"turns":8},{"damage":9,"enemies":"Sentry and Sphere","floor":28,"turns":6},{"damage":4,"enemies":"Snake Plant","floor":30,"turns":4},{"damage":12,"enemies":"Slavers","floor":31,"turns":6},{"damage":40,"enemies":"Automaton","floor":33,"turns":14},{"damage":7,"enemies":"Orb Walker","floor":35,"turns":4},{"damage":15,"enemies":"3 Shapes","floor":37,"turns":7},{"damage":44,"enemies":"Nemesis","floor":40,"turns":3}],"seed_played":"-5723850294718095159","potions_obtained":[{"floor":1,"key":"SteroidPotion"},{"floor":3,"key":"Swift Potion"},{"floor":11,"key":"Poison Potion"},{"floor":13,"key":"SteroidPotion"},{"floor":16,"key":"PowerPotion"},{"floor":18,"key":"Fire Potion"},{"floor":22,"key":"Dexterity Potion"},{"floor":27,"key":"Ancient Potion"},{"floor":28,"key":"GamblersBrew"},{"floor":33,"key":"SkillPotion"}],"is_trial":false,"path_per_floor":["M","M","M","$","?","R","E","R","T","R","E","T","E","?","R","B",null,"M","?","$","?","M","R","$","E","T","M","M","?","M","E","R","B",null,"M","$","M","$","$","E"],"character_chosen":"THE_SILENT","items_purchased":["Caltrops","Cloak And Dagger","Footwork","Girya","Ice Cream"],"campfire_rested":3,"item_purchase_floors":[4,4,20,20,36],"current_hp_per_floor":[63,63,63,63,63,63,31,63,63,63,51,51,37,37,70,33,61,42,42,42,42,40,40,40,31,31,32,25,25,25,13,51,11,61,54,54,43,43,43,0],"gold":63,"neow_bonus":"ONE_RARE_RELIC","is_prod":false,"is_daily":false,"chose_seed":false,"campfire_upgraded":2,"win_rate":0,"timestamp":1548038057,"path_taken":["M","M","M","$","?","R","E","R","T","R","E","?","E","?","R","BOSS","M","?","$","?","M","R","$","E","T","M","M","?","M","E","R","BOSS","M","$","M","?","$","E"],"build_version":"2019-01-17v2","purchased_purges":1,"victory":false,"max_hp_per_floor":[63,63,63,63,63,63,63,63,63,63,70,70,70,70,70,70,70,70,70,70,70,70,70,70,70,70,72,74,74,78,78,78,78,78,78,78,82,82,82,82],"card_choices":[{"not_picked":["Concentrate","Escape Plan"],"picked":"Dagger Throw","floor":1},{"not_picked":["Finisher","Bane","Choke"],"picked":"SKIP","floor":1},{"not_picked":["Bouncing Flask","Crippling Poison"],"picked":"Acrobatics","floor":2},{"not_picked":["Acrobatics","Underhanded Strike"],"picked":"Blade Dance","floor":2},{"not_picked":["Expertise","Well Laid Plans"],"picked":"Predator","floor":3},{"not_picked":["PiercingWail","Dagger Throw"],"picked":"Concentrate","floor":3},{"not_picked":["Slice","Endless Agony"],"picked":"Backflip","floor":7},{"not_picked":["Deadly Poison","Prepared"],"picked":"Dash","floor":11},{"not_picked":["Catalyst","Storm of Steel"],"picked":"Malaise","floor":13},{"not_picked":["Unload","Corpse Explosion"],"picked":"After Image","floor":16},{"not_picked":["Acrobatics","Prepared+1"],"picked":"Cloak And Dagger","floor":18},{"not_picked":["Dodge and Roll","Expertise"],"picked":"PiercingWail","floor":18},{"not_picked":["Slice","Dodge and Roll"],"picked":"Wraith Form v2","floor":22},{"not_picked":["Flying Knee","Slice+1","Choke+1"],"picked":"SKIP","floor":22},{"not_picked":["Eviscerate","Outmaneuver+1"],"picked":"Footwork","floor":25},{"not_picked":["Deadly Poison","Dagger Spray"],"picked":"Finisher","floor":27},{"not_picked":["Slice+1","Sucker Punch","Reflex"],"picked":"Singing Bowl","floor":27},{"not_picked":["Dodge and Roll","Deadly Poison+1","Cloak And Dagger"],"picked":"Singing Bowl","floor":28},{"not_picked":["Bane","Finisher+1"],"picked":"Backstab+1","floor":28},{"not_picked":["Dash","Slice","Deadly Poison"],"picked":"Singing Bowl","floor":30},{"not_picked":["Unload","Footwork","Poisoned Stab"],"picked":"Singing Bowl","floor":30},{"not_picked":["Deadly Poison","Deflect"],"picked":"Blur+1","floor":31},{"not_picked":["Envenom","Doppelganger"],"picked":"A Thousand Cuts","floor":33},{"not_picked":["Dagger Throw","Slice+1"],"picked":"Blade Dance+1","floor":35},{"not_picked":["Sucker Punch","Dodge and Roll+1"],"picked":"Die Die Die","floor":35},{"not_picked":["Quick Slash+1","Acrobatics+1","Calculated Gamble"],"picked":"Singing Bowl","floor":37},{"not_picked":["Outmaneuver","Quick Slash+1","Choke"],"picked":"Singing Bowl","floor":37}],"player_experience":150062,"relics_obtained":[{"floor":7,"key":"Regal Pillow"},{"floor":9,"key":"Boot"},{"floor":11,"key":"Strawberry"},{"floor":12,"key":"Vajra"},{"floor":13,"key":"Dodecahedron"},{"floor":25,"key":"Singing Bowl"},{"floor":26,"key":"Pen Nib"},{"floor":31,"key":"Tiny Chest"}],"event_choices":[{"damage_healed":0,"gold_gain":0,"player_choice":"Ignored","damage_taken":0,"max_hp_gain":0,"max_hp_loss":0,"event_name":"Shining Light","floor":5,"gold_loss":0},{"damage_healed":0,"gold_gain":175,"player_choice":"AGREE","damage_taken":0,"max_hp_gain":0,"max_hp_loss":0,"event_name":"Liars Game","floor":14,"gold_loss":0,"cards_obtained":["Doubt"]},{"damage_healed":0,"gold_gain":0,"player_choice":"Inject Mutagens","damage_taken":0,"relics_obtained":["MutagenicStrength"],"max_hp_gain":0,"max_hp_loss":0,"event_name":"Drug Dealer","floor":19,"gold_loss":0},{"damage_healed":0,"gold_gain":0,"player_choice":"Ignored","damage_taken":0,"max_hp_gain":0,"max_hp_loss":0,"event_name":"Ghosts","floor":21,"gold_loss":0},{"damage_healed":0,"gold_gain":0,"player_choice":"Upgraded","damage_taken":0,"max_hp_gain":0,"max_hp_loss":0,"event_name":"Upgrade Shrine","floor":29,"gold_loss":0,"cards_upgraded":["After Image"]}],"is_beta":false,"boss_relics":[{"not_picked":["Calling Bell","HoveringKite"],"picked":"Fusion Hammer"},{"not_picked":["Runic Pyramid","Busted Crown"],"picked":"Eternal Feather"}],"items_purged_floors":[20],"is_endless":false,"potions_floor_spawned":[1,3,11,13,16,18,22,27,28,33],"killed_by":"Nemesis","ascension_level":5}