{"gold_per_floor":[116,116,132,132,149,149,175,192,192,467,478,492,526,526],"floor_reached":14,"playtime":685,"items_purged":[],"score":107,"play_id":"1aef6232-1734-4b02-a38d-14e95929e054","local_time":"20190123133332","is_ascension_mode":true,"campfire_choices":[{"data":"Armaments","floor":6,"key":"SMITH"}],"neow_cost":"NONE","seed_source_timestamp":1560002004834171,"circlet_count":0,"master_deck":["Strike_R","Strike_R","Strike_R","Strike_R","Strike_R","Defend_R","Defend_R","Defend_R","Defend_R","Bash","Offering","Infernal Blade","Armaments+1","Regret","Cleave","Twin Strike","Inflame","Regret","Pommel Strike","Anger","Demon Form"],"relics":["Burning Blood","Happy Flower","Nunchaku","Bottled Flame","Magic Flower"],"potions_floor_usage":[7,13,13],"damage_taken":[{"damage":7,"enemies":"Small Slimes","floor":1,"turns":4},{"damage":7,"enemies":"Jaw Worm","floor":3,"turns":3},{"damage":8,"enemies":"Cultist","floor":5,"turns":3},{"damage":41,"enemies":"Lagavulin","floor":7,"turns":7},{"damage":9,"enemies":"Blue Slaver","floor":8,"turns":2},{"damage":18,"enemies":"Red Slaver","floor":11,"turns":4},{"damage":7,"enemies":"2 Fungi Beasts","floor":12,"turns":2},{"damage":16,"enemies":"3 Sentries","floor":13,"turns":3},{"damage":20,"enemies":"3 Louse","floor":14,"turns":1}],"seed_played":"-4418755599313320744","potions_obtained":[{"floor":1,"key":"Dexterity Potion"},{"floor":7,"key":"SmokeBomb"},{"floor":8,"key":"Swift Potion"},{"floor":12,"key":"LiquidBronze"}],"is_trial":false,"path_per_floor":["?","?","?"],"character_chosen":"IRONCLAD","items_purchased":[],"campfire_rested":0,"item_purchase_floors":[],"current_hp_per_floor":[79,79,78,78,76,76,41,38,38,38,26,25,15,0],"gold":526,"neow_bonus":"ONE_RANDOM_RARE_CARD","is_prod":false,"is_daily":false,"chose_seed":false,"campfire_upgraded":1,"win_rate":0,"timestamp":1548268412,"path_taken":["M","?","M","?","M","R","E","M","T","?","M","M","E","M"],"build_version":"2019-01-23","purchased_purges":0,"victory":false,"max_hp_per_floor":[80,80,80,80,80,80,80,80,80,80,80,80,80,80],"card_choices":[{"not_picked":["Iron Wave","Body Slam"],"picked":"Infernal Blade","floor":1},{"not_picked":["Intimidate","Perfected Strike"],"picked":"Armaments","floor":3},{"not_picked":["Perfected Strike","Wild Strike"],"picked":"Cleave","floor":5},{"not_picked":["Perfected Strike","Entrench"],"picked":"Twin Strike","floor":7},{"not_picked":["Rage","Fire Breathing"],"picked":"Inflame","floor":8},{"not_picked":["Armaments","Clothesline"],"picked":"Pommel Strike","floor":11},{"not_picked":["Headbutt","Perfected Strike"],"picked":"Anger","floor":12},{"not_picked":["Heavy Blade","Headbutt"],"picked":"Demon Form","floor":13}],"player_experience":326111,"relics_obtained":[{"floor":7,"key":"Nunchaku"},{"floor":9,"key":"Bottled Flame"},{"floor":13,"key":"Magic Flower"}],"event_choices":[{"damage_healed":0,"gold_gain":0,"player_choice":"Leave","damage_taken":0,"max_hp_gain":0,"max_hp_loss":0,"event_name":"The Cleric","floor":2,"gold_loss":0},{"damage_healed":0,"gold_gain":0,"player_choice":"Box","damage_taken":0,"relics_obtained":["Happy Flower"],"max_hp_gain":0,"max_hp_loss":0,"event_name":"Big Fish","floor":4,"gold_loss":0,"cards_obtained":["Regret"]},{"damage_healed":0,"gold_gain":275,"player_choice":"Desecrate","damage_taken":0,"max_hp_gain":0,"max_hp_loss":0,"event_name":"Golden Shrine","floor":10,"gold_loss":0,"cards_obtained":["Regret"]}],"is_beta":false,"boss_relics":[],"items_purged_floors":[],"is_endless":false,"potions_floor_spawned":[1,7,8,12],"killed_by":"3 Louse","ascension_level":1}