{"gold_per_floor":[111,130,130,10,20,46,64,99,99,113,113],"floor_reached":11,"playtime":416,"items_purged":[],"score":75,"play_id":"78e886a1-d5cd-4977-b0e6-e9641c2805ae","local_time":"20190130163117","is_ascension_mode":false,"campfire_choices":[],"neow_cost":"NONE","seed_source_timestamp":2175740942654010,"circlet_count":0,"master_deck":["Strike_B","Strike_B","Strike_B","Strike_B","Defend_B","Defend_B","Defend_B","Defend_B","Zap","Dualcast","Storm","Double Energy","Chrysalis","Sadistic Nature","Secret Weapon","Heatsinks","Turbo","Stack","Leap","Gash"],"relics":["Cracked Core","NeowsBlessing","Potion Belt","ReplayTheSpireMod:ShopPack","Turnip","Ice Cream","Unceasing Top"],"potions_floor_usage":[],"damage_taken":[{"damage":0,"enemies":"2 Louse","floor":1,"turns":1},{"damage":0,"enemies":"Cultist","floor":2,"turns":1},{"damage":0,"enemies":"Jaw Worm","floor":5,"turns":1},{"damage":35,"enemies":"Lagavulin","floor":6,"turns":8},{"damage":3,"enemies":"2 Fungi Beasts","floor":7,"turns":3},{"damage":7,"enemies":"Blue Slaver","floor":10,"turns":3},{"damage":35,"enemies":"Gremlin Nob","floor":11,"turns":4}],"seed_played":"-8206958251500369071","potions_obtained":[{"floor":1,"key":"Strength Potion"}],"is_trial":false,"path_per_floor":["M","M","?","$","M","E","M","?","T","M","E"],"character_chosen":"DEFECT","items_purchased":["ReplayTheSpireMod:ShopPack"],"campfire_rested":0,"item_purchase_floors":[4],"current_hp_per_floor":[75,75,75,75,75,40,37,37,37,30,0],"gold":113,"neow_bonus":"THREE_ENEMY_KILL","is_prod":false,"is_daily":false,"chose_seed":false,"campfire_upgraded":0,"win_rate":0,"timestamp":1548883877,"path_taken":["M","M","?","?","M","E","M","?","T","?","E"],"build_version":"2019-01-23","purchased_purges":0,"victory":false,"max_hp_per_floor":[75,75,75,75,75,75,75,75,75,75,75],"card_choices":[{"not_picked":["Steam","Hologram"],"picked":"Storm","floor":1},{"not_picked":["Recycle","Steam"],"picked":"Double Energy","floor":2},{"not_picked":["Violence","Panache"],"picked":"Chrysalis","floor":4},{"not_picked":["Deep Breath","Blind"],"picked":"Sadistic Nature","floor":4},{"not_picked":["ReplayUltimateDefense","Replay:Sssssssssshield"],"picked":"Secret Weapon","floor":4},{"not_picked":["Rainbow","Panic Button"],"picked":"Heatsinks","floor":5},{"not_picked":["Barrage","Undo"],"picked":"Turbo","floor":6},{"not_picked":["BasicCrystalCard","Steam"],"picked":"Stack","floor":7},{"not_picked":["Seek","ReplayTheSpireMod:System Scan"],"picked":"Leap","floor":8},{"not_picked":["Rebound","Hologram"],"picked":"Gash","floor":10}],"player_experience":386584,"relics_obtained":[{"floor":6,"key":"Turnip"},{"floor":8,"key":"Ice Cream"},{"floor":9,"key":"Unceasing Top"}],"event_choices":[{"damage_healed":0,"gold_gain":0,"player_choice":"Gave Potion","damage_taken":0,"relics_obtained":["Potion Belt"],"max_hp_gain":0,"max_hp_loss":0,"event_name":"WeMeetAgain","floor":3,"gold_loss":0}],"is_beta":false,"boss_relics":[],"items_purged_floors":[],"is_endless":false,"potions_floor_spawned":[1],"killed_by":"Gremlin Nob","ascension_level":0}