{"gold_per_floor":[114,44,44,60,60,90,106,106,106,106,106,126,140,156,156,252,252,269,269,269,269,156,314,330,362,362,362],"floor_reached":27,"playtime":1152,"items_purged":["Shame"],"score":255,"play_id":"36d4e571-3dee-483e-bf56-524836f39178","local_time":"20190130182820","is_ascension_mode":false,"campfire_choices":[{"data":"Infinite Blades","floor":8,"key":"SMITH"},{"floor":15,"key":"REST"},{"floor":23,"key":"DIG"}],"neow_cost":"NONE","seed_source_timestamp":2182027452856167,"circlet_count":0,"master_deck":["Defend_G","Defend_G","Defend_G","Strike_G","Strike_G","Strike_G","Survivor","Neutralize","Predator","Infinite Blades+1","Dagger Throw","Outmaneuver+1","Fluid Movement","Blade Dance","Noxious Fumes","Venomology","Dodge and Roll","Die Die Die","Slice+1","Writhe","Infinite Blades","Underhanded Strike","Backflip"],"relics":["Ring of the Snake","theJungle:SneckoAutograph","NeowsBlessing","Pet Ghost","Vajra","Centennial Puzzle","Eternal Feather","theJungle:SpiritDisease","Shovel","infinitespire:Bottled Soul","Bottled Flame","Replay:Wax Seal","Spirit Poop"],"potions_floor_usage":[14,16,16,16,18,24,25,25,25,25],"damage_taken":[{"damage":0,"enemies":"Small Slimes","floor":1,"turns":1},{"damage":0,"enemies":"Cultist","floor":4,"turns":1},{"damage":0,"enemies":"Gremlin Nob","floor":6,"turns":1},{"damage":2,"enemies":"2 Louse","floor":7,"turns":3},{"damage":7,"enemies":"Looter","floor":12,"turns":2},{"damage":14,"enemies":"3 Louse","floor":13,"turns":3},{"damage":16,"enemies":"Exordium Wildlife","floor":14,"turns":3},{"damage":32,"enemies":"Hexaghost","floor":16,"turns":12},{"damage":3,"enemies":"Shell Parasite","floor":18,"turns":7},{"damage":10,"enemies":"theJungle:5_Spyders","floor":24,"turns":3},{"damage":55,"enemies":"Nightmare","floor":25,"turns":9}],"seed_played":"4104768483867136697","potions_obtained":[{"floor":1,"key":"FearPotion"},{"floor":7,"key":"Elixir"},{"floor":13,"key":"Fire Potion"},{"floor":16,"key":"Dexterity Potion"}],"is_trial":false,"path_per_floor":["M","$","?","M","?","E","M","R","T","?","?","M","M","M","R","B",null,"M","?","?","?","$","R","M","NM","T","?"],"character_chosen":"THE_SILENT","items_purchased":["Infinite Blades","Infinite Blades"],"campfire_rested":1,"item_purchase_floors":[2,22],"current_hp_per_floor":[70,70,70,70,70,70,68,68,68,68,68,61,47,31,52,20,70,67,67,67,67,67,70,60,5,5,0],"gold":362,"neow_bonus":"THREE_ENEMY_KILL","is_prod":false,"is_daily":false,"chose_seed":false,"campfire_upgraded":1,"win_rate":0,"timestamp":1548890900,"path_taken":["M","$","?","?","?","E","M","R","T","?","?","M","?","M","R","BOSS","M","?","?","?","?","R","?","NM","T","?"],"build_version":"2019-01-23","purchased_purges":1,"victory":false,"max_hp_per_floor":[70,70,70,70,70,70,70,70,70,70,70,70,70,70,70,70,70,70,70,70,70,70,70,70,70,70,70],"card_choices":[{"not_picked":["Slice","Flying Knee"],"picked":"Predator","floor":1},{"not_picked":["Expertise","Flechettes"],"picked":"Dagger Throw","floor":4},{"not_picked":["Concentrate","Eviscerate"],"picked":"Outmaneuver","floor":6},{"not_picked":["Expertise","Deadly Poison"],"picked":"Fluid Movement","floor":7},{"not_picked":["Prepared","Reflex"],"picked":"Noxious Fumes","floor":12},{"not_picked":["Dagger Spray","Backflip"],"picked":"Venomology","floor":13},{"not_picked":["Outmaneuver","Fluid Movement"],"picked":"Dodge and Roll","floor":14},{"not_picked":["Envenom","Wraith Form v2"],"picked":"Die Die Die","floor":16},{"not_picked":["Prepared","Dodge and Roll"],"picked":"Slice+1","floor":18},{"not_picked":["Deflect","Catalyst+1"],"picked":"Underhanded Strike","floor":24},{"not_picked":["Setup+1","Dagger Throw"],"picked":"Backflip","floor":25}],"player_experience":392582,"relics_obtained":[{"floor":5,"key":"Pet Ghost"},{"floor":6,"key":"Vajra"},{"floor":9,"key":"Centennial Puzzle"},{"floor":23,"key":"Bottled Flame"},{"floor":25,"key":"Replay:Wax Seal"},{"floor":26,"key":"Spirit Poop"}],"event_choices":[{"damage_healed":0,"gold_gain":0,"cards_transformed":["Strike_G"],"player_choice":"Change","damage_taken":0,"max_hp_gain":0,"max_hp_loss":0,"event_name":"Living Wall","floor":11,"gold_loss":0,"cards_obtained":["Blade Dance"]}],"is_beta":false,"boss_relics":[{"not_picked":["Snecko Scales","Tiny House"],"picked":"Eternal Feather"}],"items_purged_floors":[22],"is_endless":true,"potions_floor_spawned":[1,7,13,16],"ascension_level":0}