{"gold_per_floor":[119,119,133,133,151,177,177,177,200,211,246,246],"floor_reached":12,"playtime":321,"items_purged":[],"score":101,"play_id":"cd750111-f30f-4596-96e3-1014ba25a1da","local_time":"20180921181904","is_ascension_mode":true,"campfire_choices":[{"floor":7,"key":"REST"}],"neow_cost":"CURSE","seed_source_timestamp":621250585714831,"circlet_count":0,"master_deck":["Strike_B+1","Strike_B+1","Strike_B","Strike_B","Defend_B","Defend_B","Defend_B","Defend_B+1","Zap","Dualcast","All For One","Chaos+1","Gash","Chaos","Conserve Battery","Chaos","Force Field"],"relics":["Cracked Core","Bronze Scales","Bag of Preparation","Whetstone","Bottled Lightning"],"potions_floor_usage":[10,11],"damage_taken":[{"damage":7,"enemies":"Jaw Worm","floor":1,"turns":3},{"damage":5,"enemies":"Cultist","floor":3,"turns":3},{"damage":14,"enemies":"Small Slimes","floor":5,"turns":3},{"damage":34,"enemies":"Lagavulin","floor":6,"turns":7},{"damage":0,"enemies":"2 Fungi Beasts","floor":10,"turns":2},{"damage":32,"enemies":"Gremlin Nob","floor":11,"turns":4},{"damage":14,"enemies":"Exordium Thugs","floor":12,"turns":1}],"seed_played":"5817066156368330860","potions_obtained":[{"floor":1,"key":"FocusPotion"},{"floor":3,"key":"Fire Potion"},{"floor":10,"key":"Regen Potion"}],"is_trial":false,"path_per_floor":["M","?","M","?","M","E","R","?","T","M","E"],"character_chosen":"DEFECT","items_purchased":[],"campfire_rested":1,"item_purchase_floors":[],"current_hp_per_floor":[68,68,63,63,49,15,36,22,22,22,2,0],"gold":246,"neow_bonus":"THREE_RARE_CARDS","is_prod":false,"is_daily":false,"chose_seed":false,"campfire_upgraded":0,"win_rate":0,"timestamp":1537568344,"path_taken":["M","?","M","?","?","E","R","?","T","M","E","M"],"build_version":"2018-09-20","purchased_purges":0,"victory":false,"max_hp_per_floor":[75,75,75,72,72,72,72,72,72,72,72,72],"card_choices":[{"not_picked":["Thunder Strike","Amplify"],"picked":"All For One","floor":0},{"not_picked":["Double Energy","Reprogram"],"picked":"Chaos","floor":1},{"not_picked":["Steam","Sweeping Beam"],"picked":"Gash","floor":3},{"not_picked":["Ball Lightning","Redo"],"picked":"Chaos","floor":5},{"not_picked":["Leap","Ball Lightning"],"picked":"Conserve Battery","floor":6},{"not_picked":["Cold Snap","Compile Driver"],"picked":"Chaos","floor":10},{"not_picked":["Rebound","Reinforced Body"],"picked":"Force Field","floor":11}],"player_experience":165968,"relics_obtained":[{"floor":6,"key":"Bag of Preparation"},{"floor":9,"key":"Whetstone"},{"floor":11,"key":"Bottled Lightning"}],"event_choices":[{"event_name":"WeMeetAgain","player_choice":"Potion","floor":2,"damage_taken":0},{"event_name":"Purifier","player_choice":"One Purge","floor":4,"damage_taken":0},{"event_name":"Shining Light","player_choice":"Entered Light","floor":8,"damage_taken":0}],"is_beta":false,"boss_relics":[],"items_purged_floors":[],"is_endless":false,"potions_floor_spawned":[1,3,10],"killed_by":"Exordium Thugs","ascension_level":3}