{"gold_per_floor":[115,85,96,110,65,93,104,118,142,142,154,429,448,474,474,474],"floor_reached":16,"playtime":818,"items_purged":[],"score":137,"play_id":"76da16d3-e984-44c0-94c2-cdb257a815e5","local_time":"20190624003734","is_ascension_mode":true,"campfire_choices":[{"floor":10,"key":"REST"},{"floor":15,"key":"REST"}],"neow_cost":"NONE","seed_source_timestamp":89527360835900,"circlet_count":0,"master_deck":["Strike_R","Strike_R","Strike_R","Strike_R","Strike_R","Defend_R","Defend_R","Defend_R","Defend_R","Bash","Heavy Blade","Shrug It Off","Ghostly Armor","Armaments","Metallicize","Iron Wave","Carnage","Regret","Ghostly Armor","Armaments"],"relics":["Burning Blood","NeowsBlessing","Paper Frog","PreservedInsect","Red Skull"],"potions_floor_usage":[6,13,13,14,16],"damage_taken":[{"damage":0,"enemies":"2 Louse","floor":1,"turns":1},{"damage":0,"enemies":"Cultist","floor":3,"turns":1},{"damage":0,"enemies":"Small Slimes","floor":4,"turns":1},{"damage":72,"enemies":"Gremlin Nob","floor":6,"turns":7},{"damage":10,"enemies":"2 Fungi Beasts","floor":7,"turns":6},{"damage":7,"enemies":"3 Louse","floor":8,"turns":9},{"damage":5,"enemies":"Blue Slaver","floor":11,"turns":6},{"damage":8,"enemies":"Exordium Wildlife","floor":13,"turns":4},{"damage":12,"enemies":"3 Sentries","floor":14,"turns":6},{"damage":80,"enemies":"Slime Boss","floor":16,"turns":21}],"seed_played":"133556793941938569","potions_obtained":[{"floor":2,"key":"FairyPotion"},{"floor":2,"key":"Block Potion"},{"floor":6,"key":"BloodPotion"},{"floor":8,"key":"BloodPotion"},{"floor":13,"key":"PowerPotion"},{"floor":14,"key":"SpeedPotion"}],"is_trial":false,"path_per_floor":["M","?","M","M","$","E","M","M","T","R","M","?","M","E","R","B"],"character_chosen":"IRONCLAD","items_purchased":["Armaments"],"campfire_rested":2,"item_purchase_floors":[5],"current_hp_per_floor":[80,80,80,80,80,14,10,9,9,33,34,34,48,42,66,0],"gold":474,"neow_bonus":"THREE_ENEMY_KILL","is_prod":false,"is_daily":false,"chose_seed":false,"campfire_upgraded":0,"win_rate":0,"timestamp":1561300654,"path_taken":["M","?","M","?","$","E","M","M","T","R","M","?","?","E","R","BOSS"],"build_version":"2019-01-23","purchased_purges":0,"victory":false,"max_hp_per_floor":[80,80,80,80,80,80,80,80,80,80,80,80,80,80,80,80],"card_choices":[{"not_picked":["Flex","Anger"],"picked":"Heavy Blade","floor":1},{"not_picked":["Thunderclap","Combust"],"picked":"Shrug It Off","floor":3},{"not_picked":["True Grit","Flex"],"picked":"Ghostly Armor","floor":4},{"not_picked":["Combust","Flex"],"picked":"Metallicize","floor":6},{"not_picked":["Warcry","Clothesline","Disarm"],"picked":"SKIP","floor":7},{"not_picked":["Burning Pact","Evolve"],"picked":"Iron Wave","floor":8},{"not_picked":["Combust","Cleave"],"picked":"Carnage","floor":11},{"not_picked":["Inflame","Havoc"],"picked":"Ghostly Armor","floor":13},{"not_picked":["Bloodletting","Combust"],"picked":"Armaments","floor":14}],"player_experience":149045,"relics_obtained":[{"floor":6,"key":"Paper Frog"},{"floor":9,"key":"PreservedInsect"},{"floor":14,"key":"Red Skull"}],"event_choices":[{"damage_healed":0,"gold_gain":0,"player_choice":"Bought 2 Potions","damage_taken":0,"max_hp_gain":0,"max_hp_loss":0,"event_name":"The Woman in Blue","floor":2,"gold_loss":0},{"damage_healed":0,"gold_gain":275,"player_choice":"Desecrate","damage_taken":0,"max_hp_gain":0,"max_hp_loss":0,"event_name":"Golden Shrine","floor":12,"gold_loss":0,"cards_obtained":["Regret"]}],"is_beta":false,"boss_relics":[],"items_purged_floors":[],"is_endless":false,"potions_floor_spawned":[6,8,11,13,14],"killed_by":"Slime Boss","ascension_level":4}