{"gold_per_floor":[166,181,191,203,217,217,217,217,244,256,268,286,286,211,211,306,306,326,326,374,374,385,385,396,407,407,38,38,48,67,77,77,182,182,199,199,217,235,14,14,14,30,55,67,39,51,363,385,397,409],"floor_reached":50,"playtime":2908,"items_purged":["Caltrops"],"score":465,"play_id":"b0fa2bf0-ed6b-4ba9-9a5e-54a47764f299","local_time":"20180925004034","is_ascension_mode":false,"campfire_choices":[{"data":"Dagger Spray","floor":6,"key":"SMITH"},{"floor":13,"key":"REST"},{"data":"Blade Dance","floor":15,"key":"SMITH"},{"data":"After Image","floor":23,"key":"SMITH"},{"data":"Accuracy","floor":28,"key":"SMITH"},{"data":"J.A.X.","floor":32,"key":"SMITH"},{"floor":40,"key":"REST"},{"floor":46,"key":"REST"},{"floor":49,"key":"REST"}],"neow_cost":"NONE","seed_source_timestamp":34393531768090,"circlet_count":0,"master_deck":["Defend_G+1","Defend_G+1","Defend_G+1","Defend_G+1","Defend_G+1","Strike_G+1","Strike_G+1","Strike_G+1","Strike_G+1","Strike_G+1","Survivor","Blade Dance+1","Setup","Backflip","Backflip","Sucker Punch","Dagger Spray+1","Blade Dance+1","Sucker Punch+1","Dagger Spray","Dagger Spray","After Image+1","Terror","J.A.X.+1","Accuracy+1","Flash of Steel","Blur","Finisher","Blur","Blade Dance","Well Laid Plans+1"],"relics":["Tiny House","Juzu Bracelet","Dream Catcher","Busted Crown","Pen Nib","Shuriken","Lee\u0027s Waffle","WristBlade","MawBank"],"potions_floor_usage":[16,16,16,24,33,37,37,38,42,42,42,50],"damage_taken":[{"damage":0,"enemies":"Jaw Worm","floor":1,"turns":5},{"damage":2,"enemies":"Small Slimes","floor":2,"turns":4},{"damage":5,"enemies":"2 Louse","floor":3,"turns":3},{"damage":11,"enemies":"2 Fungi Beasts","floor":4,"turns":5},{"damage":31,"enemies":"Lots of Slimes","floor":5,"turns":7},{"damage":15,"enemies":"Exordium Wildlife","floor":10,"turns":4},{"damage":1,"enemies":"2 Fungi Beasts","floor":11,"turns":2},{"damage":5,"enemies":"Looter","floor":12,"turns":3},{"damage":39,"enemies":"The Guardian","floor":16,"turns":18},{"damage":18,"enemies":"2 Thieves","floor":18,"turns":4},{"damage":3,"enemies":"Shell Parasite","floor":22,"turns":3},{"damage":28,"enemies":"Snecko","floor":24,"turns":6},{"damage":12,"enemies":"Shelled Parasite and Fungi","floor":25,"turns":2},{"damage":7,"enemies":"Centurion and Healer","floor":29,"turns":5},{"damage":19,"enemies":"Snake Plant","floor":30,"turns":5},{"damage":4,"enemies":"Snecko","floor":31,"turns":3},{"damage":7,"enemies":"Champ","floor":33,"turns":8},{"damage":24,"enemies":"3 Shapes","floor":35,"turns":4},{"damage":13,"enemies":"3 Darklings","floor":37,"turns":5},{"damage":39,"enemies":"Sphere and 2 Shapes","floor":38,"turns":6},{"damage":3,"enemies":"Transient","floor":42,"turns":5},{"damage":24,"enemies":"Spire Growth","floor":48,"turns":6},{"damage":54,"enemies":"Awakened One","floor":50,"turns":9}],"seed_played":"5097360590795506172","potions_obtained":[{"floor":0,"key":"GamblersBrew"},{"floor":1,"key":"Swift Potion"},{"floor":3,"key":"SteroidPotion"},{"floor":12,"key":"Fire Potion"},{"floor":18,"key":"Strength Potion"},{"floor":29,"key":"Strength Potion"},{"floor":30,"key":"Explosive Potion"},{"floor":33,"key":"SteroidPotion"},{"floor":35,"key":"AttackPotion"}],"is_trial":false,"path_per_floor":["M","M","M","M","M","R","?","?","T","M","M","M","R","$","R","B",null,"M","?","T","?","M","R","M","M","T","$","R","M","M","M","R","B",null,"M","?","M","M","$","R","?","M","T","$","?","R","?","M","R"],"character_chosen":"THE_SILENT","items_purchased":["Caltrops","Lee\u0027s Waffle","Flash of Steel","Blur","Blade Dance","EntropicBrew"],"campfire_rested":4,"item_purchase_floors":[14,27,27,27,39,39],"current_hp_per_floor":[75,73,68,57,26,26,51,39,39,24,23,18,40,40,40,1,75,57,57,57,57,54,54,26,14,14,82,82,75,56,52,52,45,82,58,58,45,6,6,30,30,27,27,27,27,51,51,27,51,0],"gold":409,"neow_bonus":"BOSS_RELIC","is_prod":false,"is_daily":false,"chose_seed":false,"campfire_upgraded":5,"win_rate":0.0,"timestamp":1537846834,"path_taken":["M","M","M","M","M","R","?","?","T","M","M","M","R","$","R","BOSS","M","?","?","?","M","R","M","M","T","$","R","M","M","M","R","BOSS","M","?","M","M","$","R","?","M","T","$","?","R","?","M","R","BOSS"],"build_version":"2018-09-20","purchased_purges":1,"victory":false,"max_hp_per_floor":[75,75,75,75,75,75,75,75,75,75,75,75,75,75,75,75,75,75,75,75,75,75,75,75,75,75,82,82,82,82,82,82,82,82,82,82,82,82,82,82,82,82,82,82,82,82,82,82,82,82],"card_choices":[{"not_picked":["Choke","Dagger Throw"],"picked":"Blade Dance","floor":0},{"not_picked":["Leg Sweep","Crippling Poison"],"picked":"Setup","floor":1},{"not_picked":["Deadly Poison","Endless Agony"],"picked":"Backflip","floor":2},{"not_picked":["Crippling Poison","Underhanded Strike"],"picked":"Backflip","floor":3},{"not_picked":["Acrobatics","Night Terror"],"picked":"Sucker Punch","floor":4},{"not_picked":["Outmaneuver","Blade Dance"],"picked":"Dagger Spray","floor":5},{"not_picked":["Flying Knee","Prepared"],"picked":"Blade Dance","floor":10},{"not_picked":["Bouncing Flask","Reflex"],"picked":"Sucker Punch","floor":11},{"not_picked":["Distraction","Masterful Stab"],"picked":"Dagger Spray","floor":12},{"not_picked":["Slice","Poisoned Stab"],"picked":"Dagger Spray","floor":13},{"not_picked":["Burst","Storm of Steel"],"picked":"After Image","floor":16},{"not_picked":[],"picked":"Terror","floor":18},{"not_picked":["PiercingWail"],"picked":"SKIP","floor":22},{"not_picked":[],"picked":"Accuracy","floor":24},{"not_picked":["Slice"],"picked":"SKIP","floor":25},{"not_picked":["Deadly Poison"],"picked":"SKIP","floor":29},{"not_picked":["Dodge and Roll"],"picked":"SKIP","floor":30},{"not_picked":["Deadly Poison"],"picked":"SKIP","floor":31},{"not_picked":["Bane+1"],"picked":"SKIP","floor":35},{"not_picked":[],"picked":"Finisher","floor":37},{"not_picked":[],"picked":"Blur","floor":38},{"not_picked":["Poisoned Stab"],"picked":"SKIP","floor":42},{"not_picked":[],"picked":"Well Laid Plans+1","floor":46},{"not_picked":["Sucker Punch+1"],"picked":"SKIP","floor":48}],"player_experience":86023,"relics_obtained":[{"floor":9,"key":"Dream Catcher"},{"floor":20,"key":"Pen Nib"},{"floor":26,"key":"Shuriken"},{"floor":43,"key":"MawBank"}],"event_choices":[{"event_name":"Big Fish","player_choice":"Banana","floor":7,"damage_taken":0},{"event_name":"Scrap Ooze","player_choice":"success","floor":8,"damage_taken":12},{"event_name":"Back to Basics","player_choice":"Simplicity","floor":19,"damage_taken":0},{"event_name":"Drug Dealer","player_choice":"Got JAX","floor":21,"damage_taken":0},{"event_name":"Falling","player_choice":"Removed Attack","floor":36,"damage_taken":0},{"event_name":"SensoryStone","player_choice":"Memory 1","floor":41,"damage_taken":0},{"event_name":"Designer","player_choice":"Upgrade 2 Random Cards","floor":45,"damage_taken":0},{"event_name":"Wheel of Change","player_choice":"Gold","floor":47,"damage_taken":0}],"is_beta":false,"boss_relics":[{"not_picked":["Black Star","Philosopher\u0027s Stone"],"picked":"Busted Crown"},{"not_picked":["Runic Dome","Eternal Feather"],"picked":"WristBlade"}],"items_purged_floors":[39],"is_endless":false,"potions_floor_spawned":[1,3,4,12,18,29,30,33,35],"killed_by":"Awakened One","ascension_level":0}