{"gold_per_floor":[111,111,111,36,56,89,99,99,99,133,133,133,38,113,113,244,244,265,8,27,40,54,54,54],"floor_reached":24,"playtime":709,"items_purged":[],"score":249,"play_id":"8f486ac9-bdc3-46b8-b702-cd374b59a440","local_time":"20180918212102","is_ascension_mode":true,"campfire_choices":[{"floor":12,"key":"REST"},{"floor":15,"key":"REST"},{"floor":23,"key":"REST"}],"neow_cost":"NONE","seed_source_timestamp":372581522143493,"circlet_count":0,"master_deck":["Strike_B","Strike_B","Strike_B","Strike_B","Defend_B","Defend_B","Defend_B","Zap","Dualcast","Streamline","Conserve Battery","Biased Cognition","Conserve Battery","Redo","Go for the Eyes","Conserve Battery","Injury","Multi-Cast","Dramatic Entrance","Conserve Battery+1","Leap+1","FTL+1","Redo+1","Ball Lightning+1","Leap","Conserve Battery"],"relics":["Cracked Core","Matryoshka","Golden Idol","Mercury Hourglass","Dodecahedron","Bottled Tornado","Strawberry","Shuriken","Astrolabe","Bottled Lightning"],"potions_floor_usage":[16,22,22],"damage_taken":[{"damage":15,"enemies":"Small Slimes","floor":1,"turns":3},{"damage":1,"enemies":"Cultist","floor":5,"turns":3},{"damage":14,"enemies":"Lagavulin","floor":6,"turns":5},{"damage":0,"enemies":"2 Louse","floor":7,"turns":3},{"damage":26,"enemies":"3 Sentries","floor":10,"turns":5},{"damage":44,"enemies":"Slime Boss","floor":16,"turns":8},{"damage":16,"enemies":"Spheric Guardian","floor":18,"turns":4},{"damage":18,"enemies":"Shell Parasite","floor":20,"turns":4},{"damage":39,"enemies":"Centurion and Healer","floor":21,"turns":7},{"damage":3,"enemies":"Chosen and Byrds","floor":22,"turns":4},{"damage":34,"enemies":"Slavers","floor":24,"turns":1}],"seed_played":"5151005330378780781","potions_obtained":[{"floor":10,"key":"Strength Potion"},{"floor":16,"key":"Explosive Potion"},{"floor":21,"key":"PowerPotion"}],"is_trial":false,"path_per_floor":["M","?","?","$","M","E","M","?","T","E","T","R","$","?","R","B",null,"M","$","M","M","M","R"],"character_chosen":"DEFECT","items_purchased":["Conserve Battery","Redo","Dramatic Entrance","Bottled Lightning"],"campfire_rested":3,"item_purchase_floors":[4,4,13,19],"current_hp_per_floor":[60,60,60,60,59,45,45,45,45,19,26,50,50,39,63,19,82,66,66,48,9,6,30,0],"gold":54,"neow_bonus":"THREE_CARDS","is_prod":false,"is_daily":false,"chose_seed":false,"campfire_upgraded":0,"win_rate":0,"timestamp":1537320062,"path_taken":["M","?","?","$","M","E","M","?","T","E","?","R","$","?","R","BOSS","M","$","M","?","M","R","E"],"build_version":"2018-09-06","purchased_purges":0,"victory":false,"max_hp_per_floor":[75,75,75,75,75,75,75,75,75,75,82,82,82,82,82,82,82,82,82,82,82,82,82,82],"card_choices":[{"not_picked":["Conserve Battery","Leap"],"picked":"Streamline","floor":0},{"not_picked":["Turbo","Cold Snap"],"picked":"Conserve Battery","floor":1},{"not_picked":["Beam Cell","Double Energy"],"picked":"Go for the Eyes","floor":5},{"not_picked":["Glacier","Steam"],"picked":"Conserve Battery","floor":6},{"not_picked":["Tempest","Turbo"],"picked":"Defragment","floor":7},{"not_picked":["Steam","Coolheaded"],"picked":"Multi-Cast","floor":10},{"not_picked":["Hyperbeam","Reboot"],"picked":"Machine Learning","floor":16},{"not_picked":["Go for the Eyes","Recycle+1"],"picked":"Redo+1","floor":18},{"not_picked":["Turbo","Force Field"],"picked":"Ball Lightning+1","floor":20},{"not_picked":["Consume","Reinforced Body"],"picked":"Leap","floor":21},{"not_picked":["Go for the Eyes","Scrape"],"picked":"Conserve Battery","floor":22}],"player_experience":143067,"relics_obtained":[{"floor":6,"key":"Matryoshka"},{"floor":9,"key":"Mercury Hourglass"},{"floor":9,"key":"Dodecahedron"},{"floor":10,"key":"Bottled Tornado"},{"floor":11,"key":"Strawberry"},{"floor":11,"key":"Shuriken"}],"event_choices":[{"event_name":"Match and Keep!","player_choice":"2 cards matched","floor":2,"damage_taken":0},{"event_name":"Bonfire Elementals","player_choice":"BASIC","floor":3,"damage_taken":0},{"event_name":"Golden Idol","player_choice":"Take Wound","floor":8,"damage_taken":0},{"event_name":"World of Goop","player_choice":"Gather Gold","floor":14,"damage_taken":0}],"is_beta":false,"boss_relics":[{"not_picked":["FrozenCore","Velvet Choker"],"picked":"Astrolabe"}],"items_purged_floors":[],"is_endless":false,"potions_floor_spawned":[10,16,21],"killed_by":"Slavers","ascension_level":2}