{"gold_per_floor":[111,186,198,163,180,180,207,217,217,227,240,260,273,295,295,374,374,359,275,275,63,63,63,63,74,99,99,119,119,452,6,6,6],"floor_reached":33,"playtime":1790,"items_purged":[],"score":481,"play_id":"30a10540-ceb1-4702-a320-bfdf6c6d6a7f","local_time":"20181216191514","is_ascension_mode":true,"campfire_choices":[{"data":"Perfected Strike","floor":6,"key":"SMITH"},{"floor":15,"key":"REST"},{"data":"Apotheosis","floor":23,"key":"SMITH"},{"floor":27,"key":"REST"},{"data":"Inflame","floor":29,"key":"SMITH"},{"floor":32,"key":"REST"}],"neow_cost":"NONE","seed_source_timestamp":12393880551313,"circlet_count":0,"master_deck":["AscendersBane","Strike_R+1","Strike_R+1","Strike_R+1","Strike_R+1","Strike_R+1","Defend_R+1","Defend_R+1","Defend_R+1","Defend_R+1","Bash+1","Twin Strike","Burning Pact","Perfected Strike+1","Wild Strike","Clothesline","Inflame+1","Perfected Strike","Iron Wave","Offering","Rage","Shrug It Off","True Grit","Apotheosis+1","Spot Weakness","Iron Wave","Sword Boomerang","Trip"],"relics":["Burning Blood","Regal Pillow","Odd Mushroom","White Beast Statue","Blood Vial","Old Coin","Ice Cream"],"potions_floor_usage":[7,11,25,30,33],"damage_taken":[{"damage":1,"enemies":"2 Louse","floor":1,"turns":4},{"damage":8,"enemies":"Small Slimes","floor":3,"turns":4},{"damage":7,"enemies":"Jaw Worm","floor":5,"turns":3},{"damage":40,"enemies":"3 Sentries","floor":7,"turns":9},{"damage":15,"enemies":"Exordium Wildlife","floor":8,"turns":3},{"damage":9,"enemies":"3 Louse","floor":10,"turns":4},{"damage":13,"enemies":"Exordium Thugs","floor":11,"turns":4},{"damage":0,"enemies":"2 Fungi Beasts","floor":12,"turns":2},{"damage":3,"enemies":"Blue Slaver","floor":13,"turns":2},{"damage":18,"enemies":"The Mushroom Lair","floor":14,"turns":4},{"damage":18,"enemies":"Slime Boss","floor":16,"turns":8},{"damage":23,"enemies":"2 Thieves","floor":18,"turns":4},{"damage":24,"enemies":"Spheric Guardian","floor":25,"turns":4},{"damage":23,"enemies":"Snake Plant","floor":28,"turns":5},{"damage":45,"enemies":"Book of Stabbing","floor":30,"turns":5},{"damage":73,"enemies":"Automaton","floor":33,"turns":6}],"seed_played":"7359754370386283644","potions_obtained":[{"floor":3,"key":"Weak Potion"},{"floor":7,"key":"LiquidBronze"},{"floor":10,"key":"AttackPotion"},{"floor":11,"key":"Dexterity Potion"},{"floor":12,"key":"SpeedPotion"},{"floor":18,"key":"BloodPotion"},{"floor":25,"key":"GamblersBrew"},{"floor":28,"key":"BloodPotion"},{"floor":30,"key":"Ancient Potion"}],"is_trial":false,"path_per_floor":["M","?","M","?","M","R","E","M","T","M","M","M","M","?","R","B",null,"M","$","?","$","?","R","$","M","T","R","M","R","E","$","R","B"],"character_chosen":"IRONCLAD","items_purchased":["Shrug It Off","True Grit","Apotheosis","Ice Cream","Trip"],"campfire_rested":3,"item_purchase_floors":[19,19,21,31,31],"current_hp_per_floor":[73,62,60,75,74,74,40,31,31,28,21,27,30,18,55,43,67,50,50,50,50,50,50,50,39,39,75,58,58,28,28,65,0],"gold":6,"neow_bonus":"UPGRADE_CARD","is_prod":false,"is_daily":false,"chose_seed":false,"campfire_upgraded":3,"win_rate":0,"timestamp":1544998514,"path_taken":["M","?","M","?","M","R","E","M","T","M","M","M","M","?","R","BOSS","M","$","?","$","?","R","?","M","T","R","M","R","E","$","R","BOSS"],"build_version":"2018-12-13","purchased_purges":0,"victory":false,"max_hp_per_floor":[75,75,75,75,75,75,75,75,75,75,75,75,75,75,75,75,75,75,75,75,75,75,75,75,75,75,75,75,75,75,75,75,75],"card_choices":[{"not_picked":["Heavy Blade","Thunderclap"],"picked":"Twin Strike","floor":1},{"not_picked":["Thunderclap","Havoc"],"picked":"Burning Pact","floor":3},{"not_picked":["True Grit","Dark Embrace"],"picked":"Perfected Strike","floor":5},{"not_picked":["Sever Soul","Armaments"],"picked":"Wild Strike","floor":7},{"not_picked":["Pummel","Wild Strike"],"picked":"Clothesline","floor":8},{"not_picked":["Anger","Clash"],"picked":"Inflame","floor":10},{"not_picked":["Thunderclap","Wild Strike"],"picked":"Perfected Strike","floor":11},{"not_picked":["Body Slam","Blood for Blood","Warcry"],"picked":"SKIP","floor":12},{"not_picked":["Twin Strike","Carnage","Pommel Strike"],"picked":"SKIP","floor":13},{"not_picked":["Perfected Strike","Uppercut"],"picked":"Iron Wave","floor":14},{"not_picked":["Exhume","Barricade"],"picked":"Offering","floor":16},{"not_picked":["Rupture+1","Clash"],"picked":"Rage","floor":18},{"not_picked":["Clothesline","Pommel Strike","Cleave"],"picked":"SKIP","floor":25},{"not_picked":["Metallicize","Fire Breathing+1"],"picked":"Iron Wave","floor":28},{"not_picked":["Feel No Pain","Spot Weakness+1"],"picked":"Sword Boomerang","floor":30}],"player_experience":553188,"relics_obtained":[{"floor":7,"key":"Regal Pillow"},{"floor":14,"key":"Odd Mushroom"},{"floor":26,"key":"Blood Vial"},{"floor":30,"key":"Old Coin"}],"event_choices":[{"damage_healed":0,"gold_gain":75,"player_choice":"Gather Gold","damage_taken":11,"max_hp_gain":0,"max_hp_loss":0,"event_name":"World of Goop","floor":2,"gold_loss":0},{"damage_healed":18,"gold_gain":0,"player_choice":"Healed","damage_taken":0,"max_hp_gain":0,"max_hp_loss":0,"event_name":"The Cleric","floor":4,"gold_loss":35},{"damage_healed":0,"gold_gain":0,"player_choice":"Fought Mushrooms","damage_taken":0,"max_hp_gain":0,"max_hp_loss":0,"event_name":"Mushrooms","floor":14,"gold_loss":0},{"damage_healed":0,"gold_gain":0,"player_choice":"Simplicity","damage_taken":0,"max_hp_gain":0,"max_hp_loss":0,"event_name":"Back to Basics","floor":20,"gold_loss":0,"cards_upgraded":["Strike_R","Strike_R","Strike_R","Strike_R","Strike_R","Defend_R","Defend_R","Defend_R","Defend_R"]},{"damage_healed":0,"gold_gain":0,"player_choice":"Read","damage_taken":0,"max_hp_gain":0,"max_hp_loss":0,"event_name":"The Library","floor":22,"gold_loss":0,"cards_obtained":["Spot Weakness"]}],"is_beta":false,"boss_relics":[{"not_picked":["Coffee Dripper","Pandora\u0027s Box"],"picked":"White Beast Statue"}],"items_purged_floors":[],"is_endless":false,"potions_floor_spawned":[3,7,10,11,12,14,18,25,28,30],"killed_by":"Automaton","ascension_level":16}