{"gold_per_floor":[117,131,150,164,239,273,263,263,263,294,294,307,307,323,323,426,426,445,445,456,0,0,0,30,30,54,66],"floor_reached":27,"playtime":1205,"items_purged":[],"score":304,"play_id":"3d91583b-2b7d-4c98-8aa9-e960ff4854ef","local_time":"20190321234440","is_ascension_mode":true,"campfire_choices":[{"floor":8,"key":"REST"},{"floor":13,"key":"REST"},{"data":"Flame Barrier","floor":15,"key":"SMITH"},{"data":"Spot Weakness","floor":23,"key":"SMITH"},{"floor":25,"key":"REST"}],"neow_cost":"NONE","seed_source_timestamp":714651885532331,"circlet_count":0,"master_deck":["Strike_R","Strike_R","Strike_R","Strike_R","Strike_R","Defend_R","Defend_R","Defend_R","Defend_R","Bash","Metallicize","Uppercut","Pommel Strike","Flame Barrier+1","Carnage","Fiend Fire+1","Rage","Dark Embrace+1","Spot Weakness+1","Pummel","Shame"],"relics":["Burning Blood","Bag of Preparation","Vajra","Bottled Flame","Frozen Egg 2","Philosopher\u0027s Stone","CultistMask","Unceasing Top","Pen Nib","Torii","Toxic Egg 2","MawBank"],"potions_floor_usage":[6,16,16,16,24,27],"damage_taken":[{"damage":6,"enemies":"Cultist","floor":1,"turns":4},{"damage":8,"enemies":"Jaw Worm","floor":2,"turns":5},{"damage":4,"enemies":"Small Slimes","floor":3,"turns":4},{"damage":14,"enemies":"3 Louse","floor":4,"turns":4},{"damage":40,"enemies":"3 Sentries","floor":6,"turns":7},{"damage":8,"enemies":"Exordium Thugs","floor":7,"turns":4},{"damage":43,"enemies":"Lagavulin","floor":10,"turns":7},{"damage":0,"enemies":"Blue Slaver","floor":12,"turns":1},{"damage":0,"enemies":"Looter","floor":14,"turns":1},{"damage":31,"enemies":"Hexaghost","floor":16,"turns":8},{"damage":16,"enemies":"Shell Parasite","floor":18,"turns":2},{"damage":0,"enemies":"Chosen","floor":20,"turns":3},{"damage":44,"enemies":"Book of Stabbing","floor":24,"turns":5},{"damage":49,"enemies":"Gremlin Leader","floor":27,"turns":4}],"seed_played":"-2668991169586094140","potions_obtained":[{"floor":1,"key":"Strength Potion"},{"floor":3,"key":"PowerPotion"},{"floor":7,"key":"SpeedPotion"},{"floor":14,"key":"Strength Potion"},{"floor":16,"key":"Energy Potion"},{"floor":20,"key":"Weak Potion"},{"floor":24,"key":"Poison Potion"}],"is_trial":false,"path_per_floor":["M","M","M","M","?","E","M","R","T","E","?","M","R","M","R","B",null,"M","?","M","$","?","R","E","R","T","E"],"character_chosen":"IRONCLAD","items_purchased":["Unceasing Top","Pen Nib"],"campfire_rested":3,"item_purchase_floors":[21,21],"current_hp_per_floor":[80,78,80,72,61,27,25,49,49,12,12,18,42,48,48,23,66,56,56,62,62,62,62,24,48,48,0],"gold":66,"neow_bonus":"RANDOM_COMMON_RELIC","is_prod":false,"is_daily":false,"chose_seed":false,"campfire_upgraded":2,"win_rate":0,"timestamp":1553226280,"path_taken":["M","M","M","M","?","E","M","R","T","E","?","M","R","M","R","BOSS","M","?","?","$","?","R","E","R","T","E"],"build_version":"2019-01-23","purchased_purges":0,"victory":false,"max_hp_per_floor":[80,80,80,80,80,80,80,80,80,80,80,80,80,80,80,80,80,80,80,80,80,80,80,80,80,80,80],"card_choices":[{"not_picked":["Wild Strike","Ghostly Armor"],"picked":"Metallicize","floor":1},{"not_picked":["Infernal Blade","Twin Strike"],"picked":"Uppercut","floor":2},{"not_picked":["Body Slam","Flex"],"picked":"Pommel Strike","floor":3},{"not_picked":["Flex","Corruption"],"picked":"Flame Barrier","floor":4},{"not_picked":["Evolve","Sentinel"],"picked":"Carnage","floor":6},{"not_picked":["Blood for Blood","Wild Strike","Fire Breathing"],"picked":"SKIP","floor":7},{"not_picked":["Hemokinesis","Shockwave"],"picked":"Fiend Fire","floor":10},{"not_picked":["Perfected Strike","True Grit"],"picked":"Rage","floor":12},{"not_picked":["Anger","Flex","Sword Boomerang"],"picked":"SKIP","floor":14},{"not_picked":["Berserk+1","Fiend Fire"],"picked":"Dark Embrace+1","floor":16},{"not_picked":["Twin Strike","Seeing Red"],"picked":"Spot Weakness","floor":18},{"not_picked":["Reckless Charge","Sever Soul"],"picked":"Pummel","floor":20},{"not_picked":["Headbutt+1","Perfected Strike","Battle Trance"],"picked":"SKIP","floor":24}],"player_experience":232331,"relics_obtained":[{"floor":6,"key":"Vajra"},{"floor":9,"key":"Bottled Flame"},{"floor":10,"key":"Frozen Egg 2"},{"floor":24,"key":"Toxic Egg 2"},{"floor":26,"key":"MawBank"}],"event_choices":[{"damage_healed":0,"gold_gain":75,"player_choice":"Gather Gold","damage_taken":11,"max_hp_gain":0,"max_hp_loss":0,"event_name":"World of Goop","floor":5,"gold_loss":0},{"damage_healed":0,"gold_gain":0,"player_choice":"Grow","damage_taken":0,"max_hp_gain":0,"max_hp_loss":0,"event_name":"Living Wall","floor":11,"gold_loss":0,"cards_upgraded":["Fiend Fire"]},{"damage_healed":0,"gold_gain":0,"player_choice":"Trade","damage_taken":0,"relics_obtained":["CultistMask"],"max_hp_gain":0,"max_hp_loss":0,"event_name":"FaceTrader","floor":19,"gold_loss":0},{"damage_healed":0,"gold_gain":0,"player_choice":"Stole Relic","damage_taken":0,"relics_obtained":["Torii"],"max_hp_gain":0,"max_hp_loss":0,"event_name":"Addict","floor":22,"gold_loss":0,"cards_obtained":["Shame"]}],"is_beta":false,"boss_relics":[{"not_picked":["Black Star","Runic Dome"],"picked":"Philosopher\u0027s Stone"}],"items_purged_floors":[],"is_endless":false,"potions_floor_spawned":[1,3,7,14,16,20,24],"killed_by":"Gremlin Leader","ascension_level":5}