{"gold_per_floor":[119,119,44,59,70,103,103,137,161,161],"floor_reached":10,"playtime":357,"items_purged":["Regret"],"score":122,"play_id":"bfb6f574-0386-4c3f-8300-0fb19c2f020d","local_time":"20190322150440","is_ascension_mode":true,"campfire_choices":[{"floor":7,"key":"REST"}],"neow_cost":"CURSE","seed_source_timestamp":770707817312193,"circlet_count":0,"master_deck":["AscendersBane","Defend_G","Defend_G","Defend_G","Defend_G","Defend_G","Strike_G","Strike_G","Strike_G","Strike_G","Strike_G","Survivor","Neutralize","A Thousand Cuts","Dagger Spray","Dagger Throw","Corpse Explosion","Footwork","Terror"],"relics":["Ring of the Snake","Bronze Scales","Potion Belt","Blood Vial"],"potions_floor_usage":[],"damage_taken":[{"damage":9,"enemies":"Jaw Worm","floor":1,"turns":7},{"damage":6,"enemies":"2 Louse","floor":4,"turns":3},{"damage":7,"enemies":"Small Slimes","floor":5,"turns":4},{"damage":30,"enemies":"Lagavulin","floor":6,"turns":7},{"damage":14,"enemies":"3 Sentries","floor":8,"turns":4},{"damage":25,"enemies":"Exordium Thugs","floor":10,"turns":2}],"seed_played":"-8838591791604140007","potions_obtained":[{"floor":1,"key":"Swift Potion"},{"floor":6,"key":"Swift Potion"}],"is_trial":false,"path_per_floor":["M","?","$","M","M","E","R","E","T","M"],"character_chosen":"THE_SILENT","items_purchased":[],"campfire_rested":1,"item_purchase_floors":[],"current_hp_per_floor":[54,54,54,48,41,11,32,18,18,0],"gold":161,"neow_bonus":"THREE_RARE_CARDS","is_prod":false,"is_daily":false,"chose_seed":false,"campfire_upgraded":0,"win_rate":0,"timestamp":1553281480,"path_taken":["M","?","$","M","M","E","R","E","T","M"],"build_version":"2019-01-23","purchased_purges":1,"victory":false,"max_hp_per_floor":[70,70,70,70,70,70,70,70,70,70],"card_choices":[{"not_picked":["Phantasmal Killer","Venomology"],"picked":"A Thousand Cuts","floor":0},{"not_picked":["Quick Slash","PiercingWail"],"picked":"Dagger Spray","floor":1},{"not_picked":["Prepared","Heel Hook"],"picked":"Dagger Throw","floor":4},{"not_picked":["Bouncing Flask","Terror"],"picked":"Corpse Explosion","floor":5},{"not_picked":["Outmaneuver","Noxious Fumes"],"picked":"Footwork","floor":6},{"not_picked":["Underhanded Strike","Outmaneuver"],"picked":"Terror","floor":8}],"player_experience":237955,"relics_obtained":[{"floor":6,"key":"Bronze Scales"},{"floor":8,"key":"Potion Belt"},{"floor":9,"key":"Blood Vial"}],"event_choices":[{"damage_healed":0,"gold_gain":0,"player_choice":"Ignored","damage_taken":0,"max_hp_gain":0,"max_hp_loss":0,"event_name":"Golden Wing","floor":2,"gold_loss":0}],"is_beta":false,"boss_relics":[],"items_purged_floors":[3],"is_endless":false,"potions_floor_spawned":[1,6],"killed_by":"Exordium Thugs","ascension_level":12}