{"gold_per_floor":[110,126,146,156,175,209,209,227,253,265,291,291,291,291,291,391,391,406,117,127,76,93,122,122,42,42,42,61,80,180,33,33,130,130,140,140,156,169,186,186,213,55,78,78,13,13,113,141,141,141],"floor_reached":51,"playtime":3581,"items_purged":[],"score":1024,"play_id":"e49c36db-1eea-4565-a64a-51bb44cad219","local_time":"20190514151420","is_ascension_mode":true,"campfire_choices":[{"floor":7.0,"key":"REST"},{"floor":13.0,"key":"REST"},{"data":"Dualcast","floor":15.0,"key":"SMITH"},{"data":"Double Energy","floor":24.0,"key":"SMITH"},{"floor":27,"key":"REST"},{"data":"Buffer","floor":32,"key":"SMITH"},{"data":"Fission","floor":40,"key":"SMITH"},{"data":"Reboot","floor":44,"key":"SMITH"},{"data":"Coolheaded","floor":46,"key":"SMITH"},{"data":"Jack Of All Trades","floor":49,"key":"SMITH"}],"neow_cost":"NONE","seed_source_timestamp":1110536981539769,"circlet_count":0,"master_deck":["Strike_B+1","Defend_B","Defend_B","Defend_B","Defend_B","Zap+1","Dualcast+1","Lockon","FTL+1","Gash","Leap","Beam Cell","Ball Lightning","Hologram","Compile Driver","Rainbow","Hologram","Double Energy+1","Master of Strategy","Dark Shackles","Chill","Coolheaded+1","Coolheaded+1","Cold Snap+1","Fission+1","Chill+1","Hello World","Buffer+1","All For One","Compile Driver+1","Secret Technique","Go for the Eyes+1","Turbo","Defragment","Reboot+1","Jack Of All Trades+1","Barrage+1"],"special_seed":0,"relics":["Cracked Core","Dead Branch","Bronze Scales","Matryoshka","Philosopher\u0027s Stone","Potion Belt","Bag of Preparation","Mummified Hand","Nunchaku","Symbiotic Virus","Empty Cage","The Courier","Orichalcum","Bag of Marbles","Turnip","Blood Vial"],"potions_floor_usage":[29,30,50,50],"damage_taken":[{"damage":6.0,"enemies":"Small Slimes","floor":1.0,"turns":3.0},{"damage":0.0,"enemies":"2 Louse","floor":2.0,"turns":2.0},{"damage":1.0,"enemies":"Cultist","floor":3.0,"turns":3.0},{"damage":10.0,"enemies":"Gremlin Gang","floor":4.0,"turns":5.0},{"damage":6.0,"enemies":"Blue Slaver","floor":5.0,"turns":3.0},{"damage":12.0,"enemies":"3 Sentries","floor":6.0,"turns":7.0},{"damage":0.0,"enemies":"Large Slime","floor":8.0,"turns":3.0},{"damage":6.0,"enemies":"Looter","floor":10.0,"turns":2.0},{"damage":17.0,"enemies":"Gremlin Nob","floor":11.0,"turns":4.0},{"damage":26.0,"enemies":"The Guardian","floor":16.0,"turns":10.0},{"damage":21.0,"enemies":"2 Thieves","floor":18.0,"turns":3.0},{"damage":0.0,"enemies":"Spheric Guardian","floor":20.0,"turns":2.0},{"damage":4.0,"enemies":"Centurion and Healer","floor":22.0,"turns":6.0},{"damage":5.0,"enemies":"Book of Stabbing","floor":23.0,"turns":4.0},{"damage":0,"enemies":"Shelled Parasite and Fungi","floor":28,"turns":3},{"damage":0,"enemies":"Snecko","floor":29,"turns":2},{"damage":7,"enemies":"Colosseum Slavers","floor":30,"turns":2},{"damage":0,"enemies":"Colosseum Nobs","floor":30,"turns":2},{"damage":0,"enemies":"Champ","floor":33,"turns":10},{"damage":0,"enemies":"3 Shapes","floor":35,"turns":3},{"damage":0,"enemies":"3 Darklings","floor":37,"turns":4},{"damage":0,"enemies":"4 Shapes","floor":38,"turns":3},{"damage":0,"enemies":"Jaw Worm Horde","floor":39,"turns":2},{"damage":0,"enemies":"Nemesis","floor":41,"turns":7},{"damage":0,"enemies":"Mind Bloom Boss Battle","floor":47,"turns":1},{"damage":0,"enemies":"Reptomancer","floor":48,"turns":2},{"damage":26,"enemies":"Awakened One","floor":50,"turns":10}],"seed_played":"5963619233644633364","potions_obtained":[{"floor":1.0,"key":"SneckoOil"},{"floor":4.0,"key":"Strength Potion"},{"floor":5.0,"key":"FearPotion"},{"floor":16.0,"key":"LiquidBronze"},{"floor":18.0,"key":"PowerPotion"},{"floor":39,"key":"SkillPotion"},{"floor":41,"key":"Regen Potion"},{"floor":47,"key":"SkillPotion"}],"is_trial":false,"path_per_floor":["M","M","M","M","M","E","R","M","T","M","E","?","R","?","R","B",null,"M","$","M","$","M","E","R","$","T","R","M","M","?","$","R","B",null,"M","?","M","M","M","R","E","$","T","R","$","R","?","E","R","B",null],"character_chosen":"DEFECT","items_purchased":["Double Energy","Master of Strategy","Dark Shackles","Coolheaded","Fission","Buffer","Defragment","Reboot","Jack Of All Trades"],"campfire_rested":3,"item_purchase_floors":[19,19,19,21,25,31,42,42,45],"current_hp_per_floor":[69,69,68,58,52,40,62,62,62,56,39,24,46,46,46,20,75,54,54,54,54,50,45,45,45,45,67,67,67,60,60,60,60,75,75,75,75,75,75,75,75,75,75,75,75,75,75,75,75,49],"gold":141,"neow_bonus":"TRANSFORM_CARD","is_prod":false,"is_daily":false,"chose_seed":false,"campfire_upgraded":7,"win_rate":0,"timestamp":1557861260,"path_taken":["M","M","M","M","M","E","R","M","T","M","E","?","R","?","R","BOSS","M","?","?","$","?","E","R","$","T","R","?","M","?","$","R","BOSS","M","?","M","M","M","R","E","$","T","R","$","R","?","E","R","BOSS"],"build_version":"2019-01-23","purchased_purges":0,"victory":true,"max_hp_per_floor":[75,75,75,75,75,75,75,75,75,75,75,75,75,75,75,75,75,75,75,75,75,75,75,75,75,75,75,75,75,75,75,75,75,75,75,75,75,75,75,75,75,75,75,75,75,75,75,75,75,75],"card_choices":[{"not_picked":["Stack","Recycle"],"picked":"FTL","floor":1.0},{"not_picked":["FTL","Streamline"],"picked":"Gash","floor":2.0},{"not_picked":["Turbo","Rebound","Steam"],"picked":"SKIP","floor":3.0},{"not_picked":["Heatsinks","Streamline","Rip and Tear"],"picked":"SKIP","floor":4.0},{"not_picked":["Storm","Barrage"],"picked":"Leap","floor":5.0},{"not_picked":["Lockon","Reprogram"],"picked":"Beam Cell","floor":6.0},{"not_picked":["Streamline","Barrage"],"picked":"Ball Lightning","floor":8.0},{"not_picked":["Chaos","Heatsinks"],"picked":"Hologram","floor":10.0},{"not_picked":["Gash","Scrape"],"picked":"Compile Driver","floor":11.0},{"not_picked":["Machine Learning","Thunder Strike"],"picked":"Rainbow","floor":16.0},{"not_picked":["Leap","Reprogram"],"picked":"Hologram","floor":18.0},{"not_picked":["Darkness","Skim"],"picked":"Chill","floor":20.0},{"not_picked":["Storm","Genetic Algorithm"],"picked":"Coolheaded+1","floor":22.0},{"not_picked":["Hyperbeam","Redo+1"],"picked":"Cold Snap+1","floor":23.0},{"not_picked":["Compile Driver","Lockon","Stack+1"],"picked":"SKIP","floor":28},{"not_picked":["Leap","Static Discharge+1"],"picked":"Chill+1","floor":29},{"not_picked":["Rip and Tear+1","Conserve Battery"],"picked":"Hello World","floor":30},{"not_picked":["Core Surge","Creative AI"],"picked":"All For One","floor":33},{"not_picked":["Beam Cell","Redo+1"],"picked":"Compile Driver+1","floor":35},{"not_picked":["Chrysalis","Swift Strike"],"picked":"Secret Technique","floor":36},{"not_picked":["Fusion","Cold Snap+1","Scrape+1"],"picked":"SKIP","floor":37},{"not_picked":["Hologram+1","Blizzard"],"picked":"Go for the Eyes+1","floor":38},{"not_picked":["Ball Lightning+1","Conserve Battery+1"],"picked":"Turbo","floor":39},{"not_picked":["Meteor Strike","Reinforced Body+1","Redo+1"],"picked":"SKIP","floor":41},{"not_picked":["Force Field","Rebound+1"],"picked":"Barrage+1","floor":47},{"not_picked":["Ball Lightning+1","Storm","Hyperbeam"],"picked":"SKIP","floor":48}],"player_experience":542529,"relics_obtained":[{"floor":6.0,"key":"Dead Branch"},{"floor":9.0,"key":"Bronze Scales"},{"floor":11.0,"key":"Matryoshka"},{"floor":23.0,"key":"Potion Belt"},{"floor":26,"key":"Bag of Preparation"},{"floor":26,"key":"Mummified Hand"},{"floor":30,"key":"Nunchaku"},{"floor":30,"key":"Symbiotic Virus"},{"floor":41,"key":"The Courier"},{"floor":43,"key":"Orichalcum"},{"floor":43,"key":"Bag of Marbles"},{"floor":47,"key":"Turnip"},{"floor":48,"key":"Blood Vial"}],"event_choices":[{"damage_healed":0.0,"max_hp_gain":0.0,"max_hp_loss":0.0,"gold_gain":0.0,"event_name":"Shining Light","player_choice":"Entered Light","floor":12.0,"gold_loss":0.0,"damage_taken":15.0,"cards_upgraded":["FTL","Strike_B"]},{"damage_healed":0.0,"max_hp_gain":0.0,"max_hp_loss":0.0,"gold_gain":0.0,"event_name":"Accursed Blacksmith","player_choice":"Forge","floor":14.0,"gold_loss":0.0,"damage_taken":0.0,"cards_upgraded":["Zap"]},{"damage_healed":0,"gold_gain":0,"player_choice":"Fight","damage_taken":0,"max_hp_gain":0,"max_hp_loss":0,"event_name":"Colosseum","floor":30,"gold_loss":0},{"damage_healed":0,"gold_gain":0,"player_choice":"Fought Nobs","damage_taken":0,"max_hp_gain":0,"max_hp_loss":0,"event_name":"Colosseum","floor":30,"gold_loss":0},{"damage_healed":0,"gold_gain":0,"player_choice":"Memory 1","damage_taken":0,"max_hp_gain":0,"max_hp_loss":0,"event_name":"SensoryStone","floor":36,"gold_loss":0},{"damage_healed":0,"gold_gain":0,"player_choice":"Fight","damage_taken":0,"max_hp_gain":0,"max_hp_loss":0,"event_name":"MindBloom","floor":47,"gold_loss":0}],"is_beta":false,"boss_relics":[{"not_picked":["Coffee Dripper","Busted Crown"],"picked":"Philosopher\u0027s Stone"},{"not_picked":["Velvet Choker","Inserter"],"picked":"Empty Cage"}],"items_purged_floors":[],"is_endless":false,"potions_floor_spawned":[1,4,5,16,18,20,22,30,39,41,47],"ascension_level":4}