{"gold_per_floor":[114,114,129,144,144,174,189,204,254,4,4,34,49,64,64,164,164,179,179,179,179,194,194,209,239,239,239],"floor_reached":27,"playtime":1351,"items_purged":[],"score":395,"play_id":"91faeea9-4f92-429d-8714-7d7e6296eb99","local_time":"20180920212225","daily_mods":["Diverse","Time Dilation","Hoarder"],"is_ascension_mode":false,"campfire_choices":[{"floor":11,"key":"REST"},{"data":"Hello World","floor":15,"key":"SMITH"},{"data":"Fire Breathing","floor":23,"key":"SMITH"}],"neow_cost":"","seed_source_timestamp":0,"circlet_count":0,"master_deck":["Defend_G+1","Defend_G+1","Defend_G+1","Defend_G+1","Defend_G+1","Strike_G+1","Strike_G+1","Strike_G+1","Strike_G+1","Strike_G+1","Survivor","Neutralize","Hello World+1","Hello World+1","Hello World","Auto Shields","Auto Shields","Auto Shields","Slice","Slice","Slice","Shockwave","Shockwave","White Noise","White Noise","White Noise","Rupture","Rupture","Rupture","Beam Cell","Beam Cell","Beam Cell","Blade Dance","Blade Dance","Blade Dance","Fire Breathing+1","Fire Breathing","Fire Breathing","Machine Learning","Machine Learning","Machine Learning","Rage","Rage","Rage","Blade Dance+1","Blade Dance+1","Blade Dance+1","FTL+1","FTL+1","FTL+1","Gash","Gash","Gash"],"special_seed":17795,"relics":["Ring of the Snake","Bag of Marbles","Ancient Tea Set","Dodecahedron","Paper Crane","White Beast Statue","Dream Catcher","Orichalcum"],"potions_floor_usage":[6,8,12,24,25,25,27],"damage_taken":[{"damage":0,"enemies":"2 Louse","floor":1,"turns":3},{"damage":0,"enemies":"Jaw Worm","floor":3,"turns":3},{"damage":2,"enemies":"Cultist","floor":4,"turns":5},{"damage":15,"enemies":"Lagavulin","floor":6,"turns":8},{"damage":1,"enemies":"Red Slaver","floor":7,"turns":4},{"damage":0,"enemies":"2 Fungi Beasts","floor":8,"turns":5},{"damage":0,"enemies":"3 Sentries","floor":12,"turns":6},{"damage":3,"enemies":"Exordium Thugs","floor":13,"turns":5},{"damage":10,"enemies":"Looter","floor":14,"turns":2},{"damage":0,"enemies":"Slime Boss","floor":16,"turns":5},{"damage":42,"enemies":"2 Thieves","floor":18,"turns":4},{"damage":10,"enemies":"Shell Parasite","floor":22,"turns":3},{"damage":12,"enemies":"Shelled Parasite and Fungi","floor":24,"turns":2},{"damage":38,"enemies":"Slavers","floor":25,"turns":4},{"damage":10,"enemies":"Sentry and Sphere","floor":27,"turns":3}],"seed_played":"-8895511355168584513","potions_obtained":[{"floor":3,"key":"Poison Potion"},{"floor":6,"key":"Block Potion"},{"floor":7,"key":"Block Potion"},{"floor":12,"key":"Regen Potion"},{"floor":16,"key":"Swift Potion"},{"floor":18,"key":"Energy Potion"},{"floor":22,"key":"AttackPotion"},{"floor":24,"key":"Weak Potion"},{"floor":25,"key":"EssenceOfSteel"}],"is_trial":false,"path_per_floor":["M","?","M","M","?","E","M","M","T","$","R","E","M","M","R","B",null,"M","?","?","$","M","R","M","E","T"],"character_chosen":"THE_SILENT","items_purchased":["Dodecahedron"],"campfire_rested":1,"item_purchase_floors":[10],"current_hp_per_floor":[70,70,70,68,68,53,52,52,52,52,70,70,67,57,57,57,70,28,28,70,70,60,60,48,10,10,0],"gold":239,"neow_bonus":"","is_prod":false,"is_daily":true,"chose_seed":false,"campfire_upgraded":2,"win_rate":0,"timestamp":1537492945,"path_taken":["M","?","?","M","?","E","M","M","T","?","R","E","M","M","R","BOSS","M","?","?","$","M","R","M","E","T","M"],"build_version":"2018-09-20","purchased_purges":0,"victory":false,"max_hp_per_floor":[70,70,70,70,70,70,70,70,70,70,70,70,70,70,70,70,70,70,70,70,70,70,70,70,70,70,70],"card_choices":[{"not_picked":["Wild Strike","Rebound"],"picked":"Hello World","floor":1},{"not_picked":["Beam Cell","Recycle"],"picked":"Auto Shields","floor":3},{"not_picked":["Dagger Spray","Flying Knee"],"picked":"Slice","floor":4},{"not_picked":["Bane","Catalyst"],"picked":"Shockwave","floor":6},{"not_picked":["Double Energy","Coolheaded"],"picked":"White Noise","floor":7},{"not_picked":["Expertise","Dodge and Roll"],"picked":"Rupture","floor":8},{"not_picked":["Sucker Punch","Heavy Blade"],"picked":"Beam Cell","floor":12},{"not_picked":["Masterful Stab","Pommel Strike"],"picked":"Blade Dance","floor":13},{"not_picked":["Headbutt","Double Energy"],"picked":"Fire Breathing","floor":14},{"not_picked":["Grand Finale","Envenom"],"picked":"Machine Learning","floor":16},{"not_picked":["Streamline","Cold Snap"],"picked":"Rage","floor":18},{"not_picked":["Quick Slash","Setup+1"],"picked":"Blade Dance+1","floor":22},{"not_picked":["True Grit","Power Through"],"picked":"FTL+1","floor":24},{"not_picked":["Eviscerate","Uppercut+1"],"picked":"Gash","floor":25}],"player_experience":153186,"relics_obtained":[{"floor":6,"key":"Bag of Marbles"},{"floor":9,"key":"Ancient Tea Set"},{"floor":12,"key":"Paper Crane"},{"floor":25,"key":"Dream Catcher"},{"floor":26,"key":"Orichalcum"}],"event_choices":[{"event_name":"The Cleric","player_choice":"Leave","floor":2,"damage_taken":0},{"event_name":"Upgrade Shrine","player_choice":"Upgraded","floor":5,"damage_taken":0},{"event_name":"Back to Basics","player_choice":"Simplicity","floor":19,"damage_taken":0},{"event_name":"Bonfire Elementals","player_choice":"UNCOMMON","floor":20,"damage_taken":0}],"is_beta":false,"boss_relics":[{"not_picked":["Lizard Tail","Ectoplasm"],"picked":"White Beast Statue"}],"items_purged_floors":[],"is_endless":false,"potions_floor_spawned":[3,6,7,12,16,18,22,24,25],"killed_by":"Sentry and Sphere","ascension_level":0}