{"gold_per_floor":[117,217,236,249,23,57,57,83,113,140,140,105,115,131,131,231,231,243,203,218,218,233,233,245,245,245,245],"floor_reached":27,"playtime":1715,"items_purged":[],"score":328,"play_id":"129bc745-339b-4d7e-bc37-90bf3e0fd610","local_time":"20190121202056","is_ascension_mode":true,"campfire_choices":[{"data":"Neutralize","floor":7.0,"key":"SMITH"},{"floor":11.0,"key":"REST"},{"floor":15.0,"key":"REST"},{"floor":23,"key":"REST"},{"floor":25,"key":"REST"}],"neow_cost":"NONE","seed_source_timestamp":0,"circlet_count":0,"master_deck":["Defend_G","Defend_G","Defend_G","Defend_G","Defend_G","Strike_G","Strike_G","Strike_G","Strike_G","Strike_G","Survivor","Neutralize+1","Quick Slash","Blade Dance","Dagger Throw","Leg Sweep","Cloak And Dagger","All Out Attack","Footwork","Terror","Deadly Poison","After Image+1","Dagger Spray+1","Acrobatics","Dagger Spray+1"],"special_seed":0,"relics":["Ring of the Snake","Membership Card","Art of War","Ornamental Fan","Tiny Chest","Pear","Black Star","Singing Bowl"],"potions_floor_usage":[],"damage_taken":[{"damage":0.0,"enemies":"Jaw Worm","floor":1.0,"turns":6.0},{"damage":0.0,"enemies":"Cultist","floor":3.0,"turns":4.0},{"damage":0.0,"enemies":"2 Louse","floor":4.0,"turns":2.0},{"damage":34.0,"enemies":"3 Sentries","floor":6.0,"turns":11.0},{"damage":9.0,"enemies":"Gremlin Nob","floor":8.0,"turns":4.0},{"damage":23.0,"enemies":"Lagavulin","floor":10.0,"turns":7.0},{"damage":5.0,"enemies":"Exordium Wildlife","floor":13.0,"turns":5.0},{"damage":3.0,"enemies":"Red Slaver","floor":14.0,"turns":4.0},{"damage":32.0,"enemies":"Slime Boss","floor":16.0,"turns":17.0},{"damage":3.0,"enemies":"Chosen","floor":18.0,"turns":6.0},{"damage":1,"enemies":"3 Byrds","floor":20,"turns":5},{"damage":37,"enemies":"Shelled Parasite and Fungi","floor":22,"turns":7},{"damage":30,"enemies":"Snake Plant","floor":24,"turns":8},{"damage":63,"enemies":"Book of Stabbing","floor":27,"turns":7}],"seed_played":"-5395101799566648965","potions_obtained":[{"floor":1.0,"key":"EntropicBrew"},{"floor":6.0,"key":"Dexterity Potion"},{"floor":8.0,"key":"Explosive Potion"},{"floor":14.0,"key":"Strength Potion"},{"floor":20,"key":"FearPotion"}],"is_trial":false,"path_per_floor":["M","?","M","M","$","E","R","E","T","E","R","?","M","M","R","B",null,"M","?","M","?","M","R","M","R","T","E"],"character_chosen":"THE_SILENT","items_purchased":["Membership Card","Leg Sweep"],"campfire_rested":4,"item_purchase_floors":[5,5],"current_hp_per_floor":[70,70,70,70,70,36,36,27,27,14,40,61,56,53,79,47,77,74,74,73,73,36,62,32,58,58,0],"gold":245,"neow_bonus":"TEN_PERCENT_HP_BONUS","is_prod":false,"is_daily":false,"chose_seed":false,"campfire_upgraded":1,"win_rate":0,"timestamp":1548120056,"path_taken":["M","?","M","M","?","E","R","E","T","E","R","?","M","M","R","BOSS","M","?","?","?","M","R","M","R","T","E"],"build_version":"2019-01-17v2","purchased_purges":0,"victory":false,"max_hp_per_floor":[77,77,77,77,77,77,77,77,77,87,87,87,87,87,87,87,87,87,87,87,87,87,87,87,87,87,87],"card_choices":[{"not_picked":["Endless Agony","PiercingWail"],"picked":"Quick Slash","floor":1.0},{"not_picked":["Bane","Dodge and Roll"],"picked":"Blade Dance","floor":3.0},{"not_picked":["Prepared","Dodge and Roll"],"picked":"Dagger Throw","floor":4.0},{"not_picked":["Masterful Stab","Quick Slash"],"picked":"Cloak And Dagger","floor":6.0},{"not_picked":["Blade Dance","Flying Knee"],"picked":"All Out Attack","floor":8.0},{"not_picked":["Bane","Glass Knife"],"picked":"Footwork","floor":10.0},{"not_picked":["Prepared","Slice"],"picked":"Terror","floor":13.0},{"not_picked":["Outmaneuver","Flying Knee"],"picked":"Deadly Poison","floor":14.0},{"not_picked":["Adrenaline","Phantasmal Killer"],"picked":"After Image","floor":16.0},{"not_picked":["Backflip","Finisher"],"picked":"Dagger Spray+1","floor":18},{"not_picked":["Calculated Gamble","Flying Knee","Underhanded Strike"],"picked":"SKIP","floor":20},{"not_picked":["Underhanded Strike","Flechettes"],"picked":"Acrobatics","floor":22},{"not_picked":["Bane","All Out Attack"],"picked":"Dagger Spray+1","floor":24}],"player_experience":161723,"relics_obtained":[{"floor":6.0,"key":"Art of War"},{"floor":8.0,"key":"Ornamental Fan"},{"floor":9.0,"key":"Tiny Chest"},{"floor":10.0,"key":"Pear"},{"floor":26,"key":"Singing Bowl"}],"event_choices":[{"damage_healed":0.0,"max_hp_gain":0.0,"max_hp_loss":0.0,"gold_gain":100.0,"event_name":"Golden Shrine","player_choice":"Pray","floor":2.0,"gold_loss":0.0,"damage_taken":0.0},{"damage_healed":21.0,"max_hp_gain":0.0,"max_hp_loss":0.0,"gold_gain":0.0,"event_name":"The Cleric","player_choice":"Healed","floor":12.0,"gold_loss":35.0,"damage_taken":0.0},{"damage_healed":0,"gold_gain":0,"player_choice":"Upgrade","damage_taken":0,"max_hp_gain":0,"max_hp_loss":0,"event_name":"Designer","floor":19,"gold_loss":40,"cards_upgraded":["After Image"]},{"damage_healed":0,"gold_gain":0,"player_choice":"Ignored","damage_taken":0,"max_hp_gain":0,"max_hp_loss":0,"event_name":"Vampires","floor":21,"gold_loss":0}],"is_beta":false,"boss_relics":[{"not_picked":["Tiny House","Snecko Eye"],"picked":"Black Star"}],"items_purged_floors":[],"is_endless":false,"potions_floor_spawned":[1,6,8,14,20],"killed_by":"Book of Stabbing","ascension_level":6}