{"gold_per_floor":[113,113,128,142,162,162,174,187,257,271,285,285,340,340,340,444,444,458,469,469,469,482,482,482,498,524,534,547,563,563,576,576,677,677,694,694,694,712,729,729,743,755,780,797,797,797,380,398,398,423],"floor_reached":50,"playtime":4249,"items_purged":[],"score":471,"play_id":"bb2e2a1c-21f1-43a0-abf0-5f71d6bd4c38","local_time":"20190614022650","is_ascension_mode":false,"campfire_choices":[{"data":"Bash","floor":6,"key":"SMITH"},{"data":"Strike_R","floor":12,"key":"SMITH"},{"floor":15,"key":"REST"},{"floor":23,"key":"REST"},{"floor":32,"key":"REST"},{"floor":40,"key":"REST"},{"floor":45,"key":"REST"},{"data":"Carnage","floor":49,"key":"SMITH"}],"neow_cost":"NONE","seed_source_timestamp":23836435090100,"circlet_count":0,"master_deck":["Strike_R+1","Strike_R+1","Strike_R+1","Strike_R+1","Defend_R+1","Defend_R+1","Defend_R+1","Defend_R+1","Bash+1","Perfected Strike","Carnage+1","Clash","Pommel Strike","Blood for Blood","Combust","Juggernaut","Cleave","Bludgeon","Corruption+1","Battle Trance+1","RitualDagger","Shrug It Off+1","Warcry","Flame Barrier+1","Armaments","Barricade","Whirlwind+1","HandOfGreed","Violence","Mind Blast","Body Slam+1","Clothesline+1","Armaments+1","Double Tap","Transmutation","Thunderclap+1"],"relics":["Burning Blood","Dodecahedron","Vajra","Pocketwatch","Philosopher\u0027s Stone","War Paint","MutagenicStrength","Velvet Choker","Anchor","Lantern"],"potions_floor_usage":[4,16,22,22,25,25,29,33,33,42,50],"damage_taken":[{"damage":2,"enemies":"2 Louse","floor":1,"turns":5},{"damage":1,"enemies":"Cultist","floor":3,"turns":3},{"damage":0,"enemies":"Small Slimes","floor":4,"turns":3},{"damage":13,"enemies":"Gremlin Gang","floor":5,"turns":5},{"damage":0,"enemies":"Exordium Wildlife","floor":7,"turns":3},{"damage":0,"enemies":"Large Slime","floor":8,"turns":4},{"damage":11,"enemies":"Looter","floor":10,"turns":2},{"damage":4,"enemies":"Red Slaver","floor":11,"turns":3},{"damage":25,"enemies":"Gremlin Nob","floor":13,"turns":4},{"damage":56,"enemies":"Hexaghost","floor":16,"turns":6},{"damage":0,"enemies":"Spheric Guardian","floor":18,"turns":3},{"damage":7,"enemies":"Chosen","floor":19,"turns":3},{"damage":26,"enemies":"Shelled Parasite and Fungi","floor":22,"turns":4},{"damage":9,"enemies":"Centurion and Healer","floor":25,"turns":3},{"damage":24,"enemies":"Snake Plant","floor":27,"turns":2},{"damage":32,"enemies":"Shelled Parasite and Fungi","floor":28,"turns":5},{"damage":5,"enemies":"Centurion and Healer","floor":29,"turns":4},{"damage":0,"enemies":"Snecko","floor":31,"turns":2},{"damage":49,"enemies":"Champ","floor":33,"turns":9},{"damage":11,"enemies":"Orb Walker","floor":35,"turns":2},{"damage":20,"enemies":"3 Shapes","floor":38,"turns":3},{"damage":0,"enemies":"Jaw Worm Horde","floor":39,"turns":1},{"damage":15,"enemies":"3 Darklings","floor":41,"turns":5},{"damage":24,"enemies":"Transient","floor":42,"turns":5},{"damage":11,"enemies":"Jaw Worm Horde","floor":44,"turns":2},{"damage":5,"enemies":"Sphere and 2 Shapes","floor":48,"turns":1},{"damage":81,"enemies":"Awakened One","floor":50,"turns":5}],"seed_played":"5588716372294747394","potions_obtained":[{"floor":1,"key":"FearPotion"},{"floor":2,"key":"Swift Potion"},{"floor":2,"key":"AttackPotion"},{"floor":4,"key":"PowerPotion"},{"floor":19,"key":"PowerPotion"},{"floor":22,"key":"AttackPotion"},{"floor":27,"key":"SkillPotion"},{"floor":28,"key":"SkillPotion"},{"floor":29,"key":"SpeedPotion"},{"floor":35,"key":"Swift Potion"},{"floor":39,"key":"SteroidPotion"},{"floor":44,"key":"SmokeBomb"}],"is_trial":false,"path_per_floor":["M","?","M","M","M","R","M","M","T","M","M","R","?","?","R","B",null,"M","M","?","?","M","R","?","M","T","M","M","M","?","M","R","B",null,"M","?","?","M","M","R","M","M","T","M","R","?","$","M","R","B"],"character_chosen":"IRONCLAD","items_purchased":["Double Tap","Transmutation","Lantern"],"campfire_rested":5,"item_purchase_floors":[47,47,47],"current_hp_per_floor":[80,80,80,80,73,73,79,80,80,75,77,77,58,58,80,30,80,80,79,79,73,53,77,80,77,77,59,33,34,34,40,64,21,80,75,65,65,51,57,80,71,53,53,48,72,72,72,73,73,0],"gold":423,"neow_bonus":"TRANSFORM_CARD","is_prod":false,"is_daily":false,"chose_seed":false,"campfire_upgraded":3,"win_rate":0.0,"timestamp":1560443210,"path_taken":["M","?","M","M","M","R","M","?","T","M","M","R","?","?","R","BOSS","M","?","?","?","M","R","?","?","T","M","M","M","?","M","R","BOSS","M","?","?","M","M","R","M","M","T","M","R","?","?","M","R","BOSS"],"build_version":"2019-01-23","purchased_purges":0,"victory":false,"max_hp_per_floor":[80,80,80,80,80,80,80,80,80,80,80,80,80,80,80,80,80,80,80,80,80,80,80,80,80,80,80,80,80,80,80,80,80,80,80,80,80,80,80,80,80,80,80,80,80,80,80,80,80,80],"card_choices":[{"not_picked":["Combust","Second Wind"],"picked":"Perfected Strike","floor":1},{"not_picked":["Shrug It Off","Pommel Strike"],"picked":"Carnage","floor":3},{"not_picked":["Anger","Pommel Strike"],"picked":"Clash","floor":4},{"not_picked":["Bloodletting","Burning Pact"],"picked":"Pommel Strike","floor":5},{"not_picked":["Dual Wield","Anger"],"picked":"Blood for Blood","floor":7},{"not_picked":["True Grit","Searing Blow"],"picked":"Combust","floor":8},{"not_picked":["Searing Blow","Anger"],"picked":"Sever Soul","floor":10},{"not_picked":["Body Slam","True Grit"],"picked":"Juggernaut","floor":11},{"not_picked":["Iron Wave","Second Wind"],"picked":"Cleave","floor":13},{"not_picked":["Impervious","Juggernaut"],"picked":"Bludgeon","floor":16},{"not_picked":["Inflame","Iron Wave+1"],"picked":"Corruption+1","floor":18},{"not_picked":["Anger","Hemokinesis"],"picked":"Battle Trance","floor":19},{"not_picked":["Hemokinesis","Corruption+1"],"picked":"Shrug It Off+1","floor":22},{"not_picked":["Iron Wave","Dropkick"],"picked":"Cleave+1","floor":25},{"not_picked":["Sword Boomerang","Thunderclap"],"picked":"Warcry","floor":27},{"not_picked":["Perfected Strike","Iron Wave"],"picked":"Flame Barrier+1","floor":28},{"not_picked":["Battle Trance+1","Fire Breathing"],"picked":"Armaments","floor":29},{"not_picked":["Bloodletting","Feel No Pain+1","Warcry"],"picked":"SKIP","floor":31},{"not_picked":["Berserk","Brutality"],"picked":"Barricade","floor":33},{"not_picked":["Shrug It Off","Clash"],"picked":"Whirlwind+1","floor":35},{"not_picked":["Impatience","Panache"],"picked":"HandOfGreed","floor":36},{"not_picked":["Mayhem","Panacea"],"picked":"Violence","floor":36},{"not_picked":["Secret Weapon","Jack Of All Trades"],"picked":"Mind Blast","floor":36},{"not_picked":["Sword Boomerang","Clash","True Grit+1"],"picked":"SKIP","floor":38},{"not_picked":["Sword Boomerang+1","Anger"],"picked":"Body Slam+1","floor":39},{"not_picked":["Power Through","Second Wind","Iron Wave"],"picked":"SKIP","floor":41},{"not_picked":["Body Slam+1","Warcry"],"picked":"Clothesline+1","floor":42},{"not_picked":["Second Wind","Reckless Charge"],"picked":"Armaments+1","floor":44},{"not_picked":["Headbutt","Pommel Strike"],"picked":"Thunderclap+1","floor":48}],"player_experience":1162,"relics_obtained":[{"floor":9,"key":"Dodecahedron"},{"floor":26,"key":"War Paint"},{"floor":43,"key":"Anchor"}],"event_choices":[{"damage_healed":0,"gold_gain":0,"player_choice":"Got Potions","damage_taken":0,"max_hp_gain":0,"max_hp_loss":0,"event_name":"Lab","floor":2,"gold_loss":0},{"damage_healed":0,"gold_gain":0,"player_choice":"Searched \u00273\u0027 times","damage_taken":0,"relics_obtained":["Vajra"],"max_hp_gain":0,"max_hp_loss":0,"event_name":"Dead Adventurer","floor":13,"gold_loss":0},{"cards_removed":["Sever Soul"],"damage_healed":0,"gold_gain":0,"player_choice":"Gave Card","damage_taken":0,"relics_obtained":["Pocketwatch"],"max_hp_gain":0,"max_hp_loss":0,"event_name":"WeMeetAgain","floor":14,"gold_loss":0},{"damage_healed":0,"gold_gain":0,"player_choice":"Simplicity","damage_taken":0,"max_hp_gain":0,"max_hp_loss":0,"event_name":"Back to Basics","floor":20,"gold_loss":0,"cards_upgraded":["Strike_R","Strike_R","Strike_R","Defend_R","Defend_R","Defend_R","Defend_R"]},{"damage_healed":0,"gold_gain":0,"player_choice":"Joined the Cult","damage_taken":6,"max_hp_gain":0,"max_hp_loss":0,"event_name":"Nest","floor":21,"gold_loss":0,"cards_obtained":["RitualDagger"]},{"cards_removed":["Pummel"],"damage_healed":3,"gold_gain":0,"player_choice":"Offered Uncommon","damage_taken":0,"max_hp_gain":0,"max_hp_loss":0,"event_name":"Bonfire Elementals","floor":24,"gold_loss":0},{"damage_healed":0,"gold_gain":0,"player_choice":"Inject Mutagens","damage_taken":0,"relics_obtained":["MutagenicStrength"],"max_hp_gain":0,"max_hp_loss":0,"event_name":"Drug Dealer","floor":30,"gold_loss":0},{"damage_healed":0,"gold_gain":0,"player_choice":"Memory 3","damage_taken":10,"max_hp_gain":0,"max_hp_loss":0,"event_name":"SensoryStone","floor":36,"gold_loss":0},{"cards_removed":["Cleave"],"damage_healed":0,"gold_gain":0,"player_choice":"Removed Attack","damage_taken":0,"max_hp_gain":0,"max_hp_loss":0,"event_name":"Falling","floor":37,"gold_loss":0},{"damage_healed":0,"gold_gain":0,"player_choice":"Ignored","damage_taken":0,"max_hp_gain":0,"max_hp_loss":0,"event_name":"Tomb of Lord Red Mask","floor":46,"gold_loss":0}],"is_beta":false,"boss_relics":[{"not_picked":["Astrolabe","Runic Dome"],"picked":"Philosopher\u0027s Stone"},{"not_picked":["Mark of Pain","Runic Pyramid"],"picked":"Velvet Choker"}],"items_purged_floors":[],"is_endless":false,"potions_floor_spawned":[1,3,4,19,22,27,28,29,35,39,44],"killed_by":"Awakened One","ascension_level":0}