{"gold_per_floor":[114,289,289,376,138,138,103,66,66,81,81,96,126,156,156,256,256,271,52,52,52,67,97,112,142,142,142,157,172,172,187,187,287,287,302,317,317,321,336,366,366,366,416,431,461,476,476,476,476,476],"floor_reached":51,"playtime":2883,"items_purged":[],"score":918,"play_id":"ad0772f2-b2fd-4f2f-81b3-fb9f44c77406","local_time":"20181221002536","daily_mods":["SealedDeck","Blue Cards","Night Terrors"],"is_ascension_mode":false,"campfire_choices":[{"data":"Armaments","floor":6,"key":"SMITH"},{"data":"Cleave","floor":11,"key":"SMITH"},{"data":"Creative AI","floor":15,"key":"SMITH"},{"floor":32,"key":"REST"},{"data":"Searing Blow","floor":41,"key":"SMITH"},{"data":"Searing Blow+1","floor":47,"key":"SMITH"},{"data":"Searing Blow+2","floor":49,"key":"SMITH"}],"neow_cost":"","seed_source_timestamp":0,"circlet_count":0,"master_deck":["Leap","Blood for Blood","Cleave","Cleave+1","Rage","Armaments+1","Rip and Tear","Cleave","Sweeping Beam","Gash","Inflame","Doubt","Regret","Heatsinks","Gash","Creative AI+1","Seeing Red+1","BootSequence+1","Violence+1","Uppercut","Go for the Eyes+1","Feel No Pain+1","Heatsinks","Searing Blow+3","Coolheaded+1","Conserve Battery+1","Anger+1","Self Repair","Double Energy+1","Armaments+1","Gash+1","All For One+1","Doubt","Doubt","Decay","Clothesline+1","Streamline+1","Whirlwind+1","Ghostly Armor+1","Havoc+1","Shrug It Off+1","Conserve Battery+1","Static Discharge","Rebound+1","Anger+1","Feed+1","Fusion+1"],"special_seed":17886,"relics":["Burning Blood","MawBank","Mummified Hand","Dodecahedron","Toxic Egg 2","Mango","Runic Pyramid","Nilry\u0027s Codex","Prayer Wheel","Nunchaku","Molten Egg 2","Letter Opener","Calling Bell","Omamori","Matryoshka","Incense Burner","Dead Branch","Gremlin Horn","Sundial","Art of War","Blue Candle"],"potions_floor_usage":[13,22,25,25,33,33,38,38],"damage_taken":[{"damage":2,"enemies":"Small Slimes","floor":1,"turns":2},{"damage":0,"enemies":"Jaw Worm","floor":10,"turns":2},{"damage":0,"enemies":"2 Louse","floor":12,"turns":2},{"damage":6,"enemies":"Lagavulin","floor":13,"turns":5},{"damage":31,"enemies":"Slime Boss","floor":16,"turns":7},{"damage":21,"enemies":"2 Thieves","floor":18,"turns":3},{"damage":3,"enemies":"3 Byrds","floor":22,"turns":3},{"damage":24,"enemies":"Slavers","floor":23,"turns":3},{"damage":19,"enemies":"Shelled Parasite and Fungi","floor":24,"turns":5},{"damage":6,"enemies":"Gremlin Leader","floor":25,"turns":4},{"damage":10,"enemies":"Snake Plant","floor":28,"turns":5},{"damage":7,"enemies":"Centurion and Healer","floor":29,"turns":3},{"damage":3,"enemies":"Cultist and Chosen","floor":31,"turns":5},{"damage":44,"enemies":"Collector","floor":33,"turns":8},{"damage":87,"enemies":"3 Shapes","floor":35,"turns":5},{"damage":7,"enemies":"3 Darklings","floor":36,"turns":5},{"damage":28,"enemies":"2 Orb Walkers","floor":38,"turns":5},{"damage":34,"enemies":"Writhing Mass","floor":39,"turns":7},{"damage":25,"enemies":"Giant Head","floor":40,"turns":7},{"damage":4,"enemies":"Sphere and 2 Shapes","floor":44,"turns":3},{"damage":8,"enemies":"Nemesis","floor":45,"turns":3},{"damage":7,"enemies":"Jaw Worm Horde","floor":46,"turns":3},{"damage":42,"enemies":"Donu and Deca","floor":50,"turns":6}],"seed_played":"8047244864974201338","potions_obtained":[{"floor":1,"key":"BloodPotion"},{"floor":10,"key":"Explosive Potion"},{"floor":12,"key":"Energy Potion"},{"floor":18,"key":"Energy Potion"},{"floor":23,"key":"Regen Potion"},{"floor":29,"key":"SteroidPotion"},{"floor":31,"key":"SteroidPotion"},{"floor":33,"key":"SneckoOil"},{"floor":36,"key":"EssenceOfSteel"},{"floor":40,"key":"SteroidPotion"}],"is_trial":false,"path_per_floor":["M","?","?","?","$","R","?","$","T","M","R","M","E","?","R","B",null,"M","$","?","?","M","E","M","E","T","?","M","M","?","M","R","B",null,"M","M","?","?","M","E","R","?","T","M","E","M","R","?","R","B",null],"character_chosen":"IRONCLAD","items_purchased":["Mummified Hand","Heatsinks","Violence+1","Uppercut"],"campfire_rested":1,"item_purchase_floors":[5,8,19,19],"current_hp_per_floor":[80,80,80,69,69,69,80,80,80,80,80,80,80,94,94,69,94,82,82,82,66,69,55,45,54,54,54,50,53,53,67,107,79,107,37,46,97,86,65,53,53,101,101,105,103,109,109,109,109,80],"gold":476,"neow_bonus":"","is_prod":false,"is_daily":true,"chose_seed":false,"campfire_upgraded":6,"win_rate":0,"timestamp":1545369936,"path_taken":["M","?","?","?","?","R","?","$","T","?","R","M","E","?","R","BOSS","M","$","?","?","M","E","M","E","T","?","?","M","?","M","R","BOSS","M","M","?","?","?","E","R","?","T","M","E","M","R","?","R","BOSS"],"build_version":"2018-12-20","purchased_purges":0,"victory":true,"max_hp_per_floor":[80,80,80,80,80,80,80,80,80,80,80,80,80,94,94,94,94,97,97,97,97,97,101,104,104,104,104,104,108,108,112,107,107,107,111,111,97,101,101,101,101,101,101,105,105,109,109,109,109,109],"card_choices":[{"not_picked":["Coolheaded","Pommel Strike"],"picked":"Inflame","floor":1},{"not_picked":["Redo","Uppercut"],"picked":"Gash","floor":10},{"not_picked":["Clothesline","Turbo"],"picked":"Creative AI","floor":12},{"not_picked":["Steam","Defragment"],"picked":"Seeing Red","floor":13},{"not_picked":["Demon Form","Dark Embrace"],"picked":"Feed","floor":16},{"not_picked":["Darkness+1","Warcry+1"],"picked":"BootSequence+1","floor":18},{"not_picked":["Shrug It Off+1","Warcry+1"],"picked":"Go for the Eyes+1","floor":22},{"not_picked":["Compile Driver+1","Iron Wave"],"picked":"Feel No Pain+1","floor":23},{"not_picked":["Perfected Strike","Sever Soul"],"picked":"Heatsinks","floor":24},{"not_picked":["Beam Cell","Leap+1"],"picked":"Searing Blow","floor":24},{"not_picked":["Corruption","Clothesline"],"picked":"Coolheaded+1","floor":25},{"not_picked":["Beam Cell+1","Pommel Strike+1"],"picked":"Conserve Battery+1","floor":28},{"not_picked":["Shrug It Off+1","Leap+1"],"picked":"Anger+1","floor":28},{"not_picked":["Buffer","Havoc+1"],"picked":"Self Repair","floor":29},{"not_picked":["Ball Lightning+1","Sunder+1"],"picked":"Double Energy+1","floor":29},{"not_picked":["Blizzard+1","Go for the Eyes+1"],"picked":"Armaments+1","floor":31},{"not_picked":["Wild Strike+1","Hemokinesis+1"],"picked":"Gash+1","floor":31},{"not_picked":["Reboot+1","Biased Cognition"],"picked":"All For One+1","floor":33},{"not_picked":["Glacier+1","Beam Cell+1"],"picked":"Clothesline+1","floor":35},{"not_picked":["Tempest+1","Headbutt+1"],"picked":"Streamline+1","floor":35},{"not_picked":["Hologram+1","Rampage+1"],"picked":"Whirlwind+1","floor":36},{"not_picked":["Steam+1","Consume+1"],"picked":"Ghostly Armor+1","floor":36},{"not_picked":["Cleave+1","Ball Lightning+1"],"picked":"Havoc+1","floor":38},{"not_picked":["Glacier+1","Rupture+1"],"picked":"Shrug It Off+1","floor":39},{"not_picked":["Blizzard+1","Beam Cell+1"],"picked":"Conserve Battery+1","floor":39},{"not_picked":["Conserve Battery+1","Shrug It Off+1"],"picked":"Static Discharge","floor":40},{"not_picked":["Amplify+1","Fusion+1"],"picked":"Rebound+1","floor":44},{"not_picked":["Headbutt+1","Bloodletting+1"],"picked":"Anger+1","floor":44},{"not_picked":["Go for the Eyes+1","Clash+1"],"picked":"Feed+1","floor":45},{"not_picked":["Cleave+1","Warcry+1"],"picked":"Fusion+1","floor":46},{"not_picked":["Defragment+1","Conserve Battery+1","Go for the Eyes+1"],"picked":"SKIP","floor":46}],"player_experience":272706,"relics_obtained":[{"floor":9,"key":"Dodecahedron"},{"floor":13,"key":"Toxic Egg 2"},{"floor":21,"key":"Nilry\u0027s Codex"},{"floor":23,"key":"Prayer Wheel"},{"floor":25,"key":"Nunchaku"},{"floor":26,"key":"Molten Egg 2"},{"floor":34,"key":"Omamori"},{"floor":34,"key":"Matryoshka"},{"floor":34,"key":"Incense Burner"},{"floor":38,"key":"Dead Branch"},{"floor":40,"key":"Gremlin Horn"},{"floor":43,"key":"Sundial"},{"floor":43,"key":"Art of War"},{"floor":45,"key":"Blue Candle"}],"event_choices":[{"damage_healed":0,"gold_gain":175,"player_choice":"AGREE","damage_taken":0,"max_hp_gain":0,"max_hp_loss":0,"event_name":"Liars Game","floor":2,"gold_loss":0,"cards_obtained":["Doubt"]},{"damage_healed":0,"gold_gain":0,"player_choice":"Box","damage_taken":0,"relics_obtained":["MawBank"],"max_hp_gain":0,"max_hp_loss":0,"event_name":"Big Fish","floor":3,"gold_loss":0,"cards_obtained":["Regret"]},{"damage_healed":0,"gold_gain":75,"player_choice":"Gather Gold","damage_taken":11,"max_hp_gain":0,"max_hp_loss":0,"event_name":"World of Goop","floor":4,"gold_loss":0},{"damage_healed":20,"gold_gain":0,"player_choice":"Healed","damage_taken":0,"max_hp_gain":0,"max_hp_loss":0,"event_name":"The Cleric","floor":7,"gold_loss":35},{"damage_healed":0,"gold_gain":30,"player_choice":"Searched \u00272\u0027 times","damage_taken":0,"relics_obtained":["Mango"],"max_hp_gain":0,"max_hp_loss":0,"event_name":"Dead Adventurer","floor":14,"gold_loss":0},{"damage_healed":0,"gold_gain":0,"player_choice":"Simplicity","damage_taken":0,"max_hp_gain":0,"max_hp_loss":0,"event_name":"Back to Basics","floor":20,"gold_loss":0,"cards_upgraded":[]},{"damage_healed":0,"gold_gain":0,"player_choice":"Obtained Book","damage_taken":16,"max_hp_gain":0,"max_hp_loss":0,"event_name":"Cursed Tome","floor":21,"gold_loss":0},{"damage_healed":0,"gold_gain":0,"player_choice":"Upgraded","damage_taken":0,"max_hp_gain":0,"max_hp_loss":0,"event_name":"Upgrade Shrine","floor":27,"gold_loss":0,"cards_upgraded":["Feed"]},{"damage_healed":0,"gold_gain":0,"player_choice":"Opened","damage_taken":0,"relics_obtained":["Letter Opener"],"max_hp_gain":0,"max_hp_loss":0,"event_name":"The Mausoleum","floor":30,"gold_loss":0},{"damage_healed":97,"gold_gain":0,"player_choice":"Heal","damage_taken":0,"max_hp_gain":0,"max_hp_loss":14,"event_name":"The Moai Head","floor":37,"gold_loss":0},{"damage_healed":0,"gold_gain":0,"player_choice":"Fight","damage_taken":0,"max_hp_gain":0,"max_hp_loss":0,"event_name":"Mysterious Sphere","floor":38,"gold_loss":0},{"damage_healed":48,"gold_gain":0,"player_choice":"Heal","damage_taken":0,"max_hp_gain":0,"max_hp_loss":0,"event_name":"MindBloom","floor":42,"gold_loss":0,"cards_obtained":["Doubt"]},{"cards_removed":["Feed"],"damage_healed":0,"gold_gain":0,"player_choice":"Removed Attack","damage_taken":0,"max_hp_gain":0,"max_hp_loss":0,"event_name":"Falling","floor":48,"gold_loss":0}],"is_beta":false,"boss_relics":[{"not_picked":["Snecko Eye","Black Star"],"picked":"Runic Pyramid"},{"not_picked":["Black Blood","Lizard Tail"],"picked":"Calling Bell"}],"items_purged_floors":[],"is_endless":false,"potions_floor_spawned":[1,10,12,18,23,29,31,33,36,40],"ascension_level":0}