{"gold_per_floor":[119,13,13,13,13,38,52,22,22,350,103,123,136,193,205,316,328,353,365,476,488,500,547,559,589,628,674,611,623,649,243,243,347,347,358,358,39,139,152,152,165,165,191,191,191,211,227,237,237,237],"floor_reached":51,"playtime":4476,"items_purged":[],"score":716,"play_id":"b213a087-45b8-4148-a591-83b18d557469","local_time":"20181216223808","is_ascension_mode":false,"campfire_choices":[{"floor":15,"key":"REST"},{"floor":24,"key":"REST"},{"floor":29,"key":"REST"},{"floor":32,"key":"REST"},{"data":"Dodge and Roll","floor":40,"key":"SMITH"},{"data":"Poisoned Stab","floor":42,"key":"SMITH"},{"data":"Bite","floor":49,"key":"SMITH"}],"neow_cost":"NONE","seed_source_timestamp":93221226820943,"circlet_count":0,"master_deck":["Defend_G+1","Defend_G+1","Defend_G+1","Defend_G+1","Defend_G+1","Survivor+1","Neutralize+1","Poisoned Stab+1","All Out Attack","Slice","Footwork+1","Slice","Footwork+1","Mayhem+1","Quick Slash","Footwork+1","Bane","After Image+1","Noxious Fumes+1","Bite+1","Bite+1","Bite","Bite","Bite","Predator+1","Dash+1","Dodge and Roll+1","After Image+1","Terror+1","Well Laid Plans+1","Blade Dance+1","Backflip+1","Blade Dance+1"],"relics":["Ring of the Snake","NeowsBlessing","Frozen Egg 2","Juzu Bracelet","Old Coin","MawBank","White Beast Statue","War Paint","Omamori","Happy Flower","Kunai","Vajra","Sozu","Nunchaku","Unceasing Top","Snake Skull"],"potions_floor_usage":[10,14,22,23,27,27,33,33,50],"damage_taken":[{"damage":0,"enemies":"Cultist","floor":1,"turns":1},{"damage":0,"enemies":"3 Sentries","floor":6,"turns":1},{"damage":0,"enemies":"Jaw Worm","floor":7,"turns":1},{"damage":9,"enemies":"Lagavulin","floor":10,"turns":7},{"damage":6,"enemies":"2 Louse","floor":12,"turns":2},{"damage":16,"enemies":"Large Slime","floor":13,"turns":4},{"damage":14,"enemies":"Gremlin Nob","floor":14,"turns":3},{"damage":31,"enemies":"Slime Boss","floor":16,"turns":12},{"damage":16,"enemies":"Spheric Guardian","floor":18,"turns":6},{"damage":23,"enemies":"Colosseum Slavers","floor":22,"turns":9},{"damage":35,"enemies":"Book of Stabbing","floor":23,"turns":6},{"damage":11,"enemies":"Shell Parasite","floor":25,"turns":11},{"damage":55,"enemies":"Slavers","floor":27,"turns":5},{"damage":41,"enemies":"Shelled Parasite and Fungi","floor":30,"turns":17},{"damage":19,"enemies":"Collector","floor":33,"turns":12},{"damage":17,"enemies":"Orb Walker","floor":35,"turns":5},{"damage":0,"enemies":"Mind Bloom Boss Battle","floor":38,"turns":7},{"damage":16,"enemies":"3 Shapes","floor":39,"turns":6},{"damage":1,"enemies":"Transient","floor":41,"turns":5},{"damage":0,"enemies":"Writhing Mass","floor":46,"turns":8},{"damage":0,"enemies":"Spire Growth","floor":47,"turns":6},{"damage":0,"enemies":"3 Darklings","floor":48,"turns":9},{"damage":22,"enemies":"Time Eater","floor":50,"turns":16}],"seed_played":"-2844713130962470074","potions_obtained":[{"floor":1,"key":"SkillPotion"},{"floor":6,"key":"FearPotion"},{"floor":10,"key":"Poison Potion"},{"floor":14,"key":"Energy Potion"},{"floor":16,"key":"Explosive Potion"},{"floor":23,"key":"Poison Potion"},{"floor":25,"key":"Explosive Potion"},{"floor":27,"key":"SpeedPotion"},{"floor":30,"key":"GamblersBrew"},{"floor":33,"key":"SpeedPotion"}],"is_trial":false,"path_per_floor":["M","$","$","?","?","E","M","?","T","E","$","M","M","?","R","B",null,"M","?","?","?","?","E","R","M","T","E","?","R","M","$","R","B",null,"M","?","$","?","M","R","M","R","T","?","?","M","M","M","R","B",null],"character_chosen":"THE_SILENT","items_purchased":["All Out Attack","Caltrops","Footwork+1","Mayhem+1","Kunai","Vajra","Well Laid Plans+1","Nunchaku"],"campfire_rested":4,"item_purchase_floors":[2,2,11,11,31,31,37,37],"current_hp_per_floor":[70,70,70,58,58,58,58,58,58,51,51,47,33,21,42,13,70,54,54,54,54,45,24,45,50,50,5,5,26,21,21,42,41,70,53,53,53,67,58,58,67,67,67,66,66,66,66,66,66,55],"gold":237,"neow_bonus":"THREE_ENEMY_KILL","is_prod":false,"is_daily":false,"chose_seed":false,"campfire_upgraded":3,"win_rate":0,"timestamp":1545028688,"path_taken":["M","?","$","?","?","E","M","?","T","E","$","M","M","?","R","BOSS","M","?","?","?","?","E","R","M","T","E","?","R","M","$","R","BOSS","M","?","$","?","M","R","M","R","T","?","?","M","M","M","R","BOSS"],"build_version":"2018-12-13","purchased_purges":0,"victory":true,"max_hp_per_floor":[70,70,70,70,70,70,70,70,70,70,70,70,70,70,70,70,70,70,70,70,70,70,70,70,70,70,70,70,70,70,70,70,70,70,70,70,70,70,70,70,70,70,70,66,66,66,66,66,66,66],"card_choices":[{"not_picked":["Terror","PiercingWail"],"picked":"Poisoned Stab","floor":1},{"not_picked":["Flechettes","Skewer"],"picked":"Slice","floor":6},{"not_picked":["All Out Attack","Blade Dance"],"picked":"Footwork+1","floor":7},{"not_picked":["Backstab","Dagger Spray"],"picked":"Slice","floor":10},{"not_picked":["Wraith Form v2+1","Terror"],"picked":"Quick Slash","floor":12},{"not_picked":["Dagger Spray","Outmaneuver"],"picked":"Footwork+1","floor":13},{"not_picked":["Acrobatics","Dodge and Roll"],"picked":"Bane","floor":14},{"not_picked":["Burst","Bullet Time"],"picked":"After Image+1","floor":16},{"not_picked":["Blur","Sucker Punch"],"picked":"Noxious Fumes+1","floor":18},{"not_picked":["Outmaneuver","Backstab"],"picked":"Predator+1","floor":23},{"not_picked":["Quick Slash","Dagger Throw"],"picked":"Escape Plan","floor":25},{"not_picked":["Slice","Choke"],"picked":"Dash+1","floor":27},{"not_picked":["Backstab+1","Slice"],"picked":"Dodge and Roll","floor":30},{"not_picked":["Unload","Burst"],"picked":"After Image+1","floor":33},{"not_picked":["Eviscerate","Crippling Poison+1"],"picked":"Terror+1","floor":35},{"not_picked":["Finisher","Bouncing Flask"],"picked":"Blade Dance+1","floor":39},{"not_picked":["Caltrops+1","Outmaneuver+1","Prepared"],"picked":"SKIP","floor":41},{"not_picked":["Skewer","Underhanded Strike+1","Venomology"],"picked":"SKIP","floor":46},{"not_picked":["Dagger Spray+1","Sucker Punch+1"],"picked":"Backflip+1","floor":47},{"not_picked":["Poisoned Stab+1","Predator+1"],"picked":"Blade Dance+1","floor":48}],"player_experience":57015,"relics_obtained":[{"floor":6,"key":"Juzu Bracelet"},{"floor":9,"key":"Blood Vial"},{"floor":10,"key":"Old Coin"},{"floor":14,"key":"MawBank"},{"floor":23,"key":"War Paint"},{"floor":26,"key":"Omamori"},{"floor":27,"key":"Happy Flower"},{"floor":38,"key":"Unceasing Top"},{"floor":43,"key":"Snake Skull"}],"event_choices":[{"damage_healed":0,"gold_gain":0,"player_choice":"Success","damage_taken":12,"relics_obtained":["Frozen Egg 2"],"max_hp_gain":0,"max_hp_loss":0,"event_name":"Scrap Ooze","floor":4,"gold_loss":0},{"damage_healed":0,"gold_gain":0,"player_choice":"Grow","damage_taken":0,"max_hp_gain":0,"max_hp_loss":0,"event_name":"Living Wall","floor":5,"gold_loss":0,"cards_upgraded":["Neutralize"]},{"damage_healed":0,"gold_gain":0,"player_choice":"Left Gold","damage_taken":0,"max_hp_gain":0,"max_hp_loss":0,"event_name":"World of Goop","floor":8,"gold_loss":30},{"damage_healed":0,"gold_gain":0,"player_choice":"Searched \u00271\u0027 times","damage_taken":0,"max_hp_gain":0,"max_hp_loss":0,"event_name":"Dead Adventurer","floor":14,"gold_loss":0},{"damage_healed":0,"gold_gain":0,"player_choice":"Simplicity","damage_taken":0,"max_hp_gain":0,"max_hp_loss":0,"event_name":"Back to Basics","floor":19,"gold_loss":0,"cards_upgraded":["Defend_G","Defend_G","Defend_G","Defend_G","Defend_G","Strike_G","Strike_G","Strike_G","Strike_G","Strike_G"]},{"damage_healed":0,"gold_gain":99,"player_choice":"Stole From Cult","damage_taken":0,"max_hp_gain":0,"max_hp_loss":0,"event_name":"Nest","floor":20,"gold_loss":0},{"damage_healed":0,"gold_gain":0,"player_choice":"Became a vampire (Vial)","damage_taken":0,"max_hp_gain":0,"max_hp_loss":0,"event_name":"Vampires","floor":21,"relics_lost":["Blood Vial"],"gold_loss":0,"cards_obtained":["Bite","Bite","Bite","Bite","Bite"]},{"damage_healed":0,"gold_gain":0,"player_choice":"Fight","damage_taken":0,"max_hp_gain":0,"max_hp_loss":0,"event_name":"Colosseum","floor":22,"gold_loss":0},{"damage_healed":0,"gold_gain":0,"player_choice":"Fled From Nobs","damage_taken":0,"max_hp_gain":0,"max_hp_loss":0,"event_name":"Colosseum","floor":22,"gold_loss":0},{"cards_removed":["Caltrops"],"damage_healed":0,"gold_gain":0,"player_choice":"Gave Gold","damage_taken":0,"max_hp_gain":0,"max_hp_loss":0,"event_name":"Beggar","floor":28,"gold_loss":75},{"cards_removed":["Escape Plan"],"damage_healed":0,"gold_gain":0,"player_choice":"Removed Skill","damage_taken":0,"max_hp_gain":0,"max_hp_loss":0,"event_name":"Falling","floor":36,"gold_loss":0},{"damage_healed":0,"gold_gain":0,"player_choice":"Fight","damage_taken":0,"max_hp_gain":0,"max_hp_loss":0,"event_name":"MindBloom","floor":38,"gold_loss":0},{"damage_healed":0,"gold_gain":0,"player_choice":"Max HP","damage_taken":0,"max_hp_gain":0,"max_hp_loss":4,"event_name":"Winding Halls","floor":44,"gold_loss":0},{"damage_healed":0,"gold_gain":0,"player_choice":"Upgraded","damage_taken":0,"max_hp_gain":0,"max_hp_loss":0,"event_name":"Upgrade Shrine","floor":45,"gold_loss":0,"cards_upgraded":["Bite"]}],"is_beta":false,"boss_relics":[{"not_picked":["Fusion Hammer","Cursed Key"],"picked":"White Beast Statue"},{"not_picked":["Orrery","Philosopher\u0027s Stone"],"picked":"Sozu"}],"items_purged_floors":[],"is_endless":false,"potions_floor_spawned":[1,6,10,14,16,18,22,23,25,27,30,33,35,38,39,41,46,47,48],"ascension_level":0}