{"gold_per_floor":[116,129,54,72,91,91,108,135,135,149,179,179,179,213,213,292,292,307,325,375,375,386,386,401,401,401,401,401,417,417,435,435,506,506,521,359,359,40,56,85,85,97,97,13,13,25,38,49,49,49],"floor_reached":50,"playtime":3099,"items_purged":["Strike_R","Strike_R"],"score":1104,"play_id":"2bb460a2-ec75-4c5c-8ec7-c0fd52069ac4","local_time":"20190104024807","is_ascension_mode":true,"campfire_choices":[{"data":"Flex","floor":6,"key":"SMITH"},{"data":"Bash","floor":12,"key":"SMITH"},{"floor":15,"key":"REST"},{"floor":23,"key":"REST"},{"data":"Limit Break","floor":25,"key":"SMITH"},{"floor":28,"key":"REST"},{"data":"Spot Weakness","floor":32,"key":"SMITH"},{"data":"Limit Break","floor":41,"key":"SMITH"},{"data":"Heavy Blade","floor":45,"key":"SMITH"},{"data":"Disarm","floor":49,"key":"SMITH"}],"neow_cost":"NONE","seed_source_timestamp":50649524664729,"circlet_count":0,"master_deck":["AscendersBane","Strike_R","Defend_R","Defend_R","Defend_R","Defend_R","Bash+1","Power Through","Whirlwind","Flex+1","Thunderclap","Headbutt","Limit Break+1","Pummel","Metallicize+1","Barricade+1","Clothesline","Armaments+1","Shrug It Off","Pommel Strike","Metallicize+1","Spot Weakness+1","Limit Break+1","Corruption+1","Evolve+1","Ghostly Armor","Power Through","Heavy Blade+1","Disarm+1","Power Through","Shrug It Off","Impervious"],"relics":["Burning Blood","Pen Nib","Mercury Hourglass","Potion Belt","Frozen Egg 2","Anchor","Snecko Eye","StoneCalendar","Nilry\u0027s Codex","Runic Dome","Blue Candle","Darkstone Periapt"],"potions_floor_usage":[7,11,19,19,24,30,33,42,42,50,50],"damage_taken":[{"damage":4,"enemies":"2 Louse","floor":1,"turns":4},{"damage":0,"enemies":"Cultist","floor":2,"turns":4},{"damage":6,"enemies":"Small Slimes","floor":4,"turns":5},{"damage":0,"enemies":"3 Louse","floor":5,"turns":2},{"damage":9,"enemies":"Exordium Wildlife","floor":7,"turns":5},{"damage":30,"enemies":"3 Sentries","floor":8,"turns":4},{"damage":8,"enemies":"Exordium Thugs","floor":10,"turns":3},{"damage":31,"enemies":"Lagavulin","floor":11,"turns":6},{"damage":25,"enemies":"3 Sentries","floor":14,"turns":7},{"damage":34,"enemies":"Hexaghost","floor":16,"turns":7},{"damage":10,"enemies":"Shell Parasite","floor":18,"turns":3},{"damage":16,"enemies":"2 Thieves","floor":19,"turns":4},{"damage":33,"enemies":"Snake Plant","floor":22,"turns":4},{"damage":14,"enemies":"Shelled Parasite and Fungi","floor":24,"turns":8},{"damage":0,"enemies":"Sentry and Sphere","floor":29,"turns":2},{"damage":0,"enemies":"Book of Stabbing","floor":30,"turns":1},{"damage":0,"enemies":"Cultist and Chosen","floor":31,"turns":7},{"damage":36,"enemies":"Champ","floor":33,"turns":12},{"damage":6,"enemies":"Orb Walker","floor":35,"turns":4},{"damage":0,"enemies":"3 Shapes","floor":39,"turns":6},{"damage":0,"enemies":"Nemesis","floor":40,"turns":5},{"damage":0,"enemies":"Transient","floor":42,"turns":6},{"damage":0,"enemies":"Sphere and 2 Shapes","floor":46,"turns":5},{"damage":6,"enemies":"3 Darklings","floor":47,"turns":5},{"damage":0,"enemies":"Writhing Mass","floor":48,"turns":2},{"damage":82,"enemies":"Awakened One","floor":50,"turns":5}],"seed_played":"-7726210865484881910","potions_obtained":[{"floor":1,"key":"FearPotion"},{"floor":5,"key":"EssenceOfSteel"},{"floor":8,"key":"Regen Potion"},{"floor":14,"key":"GamblersBrew"},{"floor":16,"key":"Strength Potion"},{"floor":19,"key":"Swift Potion"},{"floor":29,"key":"SmokeBomb"},{"floor":31,"key":"Energy Potion"},{"floor":33,"key":"Explosive Potion"},{"floor":39,"key":"Energy Potion"},{"floor":42,"key":"Ancient Potion"},{"floor":48,"key":"SkillPotion"}],"is_trial":false,"path_per_floor":["M","M","?","M","M","R","M","E","T","M","E","R","?","E","R","B",null,"M","M","?","?","M","R","M","R","T","?","R","M","E","M","R","B",null,"M","$","?","$","M","E","R","M","T","$","R","M","M","M","R","B"],"character_chosen":"IRONCLAD","items_purchased":["Corruption+1","Evolve+1","Ghostly Armor","Power Through","Shrug It Off","PowerPotion"],"campfire_rested":3,"item_purchase_floors":[36,38,38,38,44,44],"current_hp_per_floor":[70,75,75,75,75,75,72,48,48,46,36,36,36,17,39,11,59,55,45,45,45,18,40,32,32,32,11,33,39,45,51,51,21,62,62,62,62,62,68,74,74,75,75,75,75,75,75,75,75,0],"gold":49,"neow_bonus":"REMOVE_CARD","is_prod":false,"is_daily":false,"chose_seed":false,"campfire_upgraded":7,"win_rate":0,"timestamp":1546580887,"path_taken":["M","M","?","M","M","R","M","E","T","M","E","R","?","E","R","BOSS","M","?","?","?","M","R","M","R","T","?","R","M","E","M","R","BOSS","M","$","?","$","M","E","R","M","T","?","R","M","M","M","R","BOSS"],"build_version":"2019-01-03v3","purchased_purges":2,"victory":false,"max_hp_per_floor":[75,75,75,75,75,75,75,75,75,75,75,75,75,75,75,75,75,75,75,75,75,75,75,75,75,75,75,75,75,75,75,75,75,75,75,75,75,75,75,75,75,75,75,75,75,75,75,75,75,75],"card_choices":[{"not_picked":["True Grit","Warcry"],"picked":"Power Through","floor":1},{"not_picked":["Clothesline","Second Wind"],"picked":"Whirlwind","floor":2},{"not_picked":["Shockwave","Heavy Blade"],"picked":"Flex","floor":4},{"not_picked":["Body Slam","Sentinel"],"picked":"Thunderclap","floor":5},{"not_picked":["Flex","Sever Soul"],"picked":"Headbutt","floor":7},{"not_picked":["Pummel","Burning Pact"],"picked":"Limit Break","floor":8},{"not_picked":["Evolve","Clash","Cleave"],"picked":"SKIP","floor":10},{"not_picked":["Evolve","Clash","Cleave"],"picked":"SKIP","floor":10},{"not_picked":["Evolve","Clash","Cleave"],"picked":"SKIP","floor":10},{"not_picked":["Body Slam","Flex"],"picked":"Pummel","floor":11},{"not_picked":["Twin Strike","Shrug It Off"],"picked":"Metallicize+1","floor":14},{"not_picked":["Dark Embrace+1","Impervious"],"picked":"Barricade+1","floor":16},{"not_picked":["Seeing Red","Searing Blow"],"picked":"Clothesline","floor":18},{"not_picked":["Rage","Shrug It Off"],"picked":"Armaments+1","floor":19},{"not_picked":["Battle Trance","Wild Strike"],"picked":"Shrug It Off","floor":22},{"not_picked":["Headbutt","Thunderclap+1"],"picked":"Pommel Strike","floor":24},{"not_picked":["Berserk+1","Perfected Strike"],"picked":"Metallicize+1","floor":29},{"not_picked":["Infernal Blade","Shrug It Off"],"picked":"Spot Weakness","floor":31},{"not_picked":["Exhume","Barricade+1"],"picked":"Limit Break","floor":33},{"not_picked":["True Grit","Dual Wield+1","Carnage+1"],"picked":"SKIP","floor":35},{"not_picked":["Battle Trance","Thunderclap"],"picked":"Heavy Blade","floor":39},{"not_picked":["Carnage","Intimidate"],"picked":"Disarm","floor":40},{"not_picked":["Twin Strike","Headbutt+1"],"picked":"Power Through","floor":42},{"not_picked":["Pummel","Infernal Blade","Clash"],"picked":"SKIP","floor":46},{"not_picked":["Cleave","Rupture+1"],"picked":"Impervious","floor":47},{"not_picked":["Clothesline+1","Body Slam","Flex"],"picked":"SKIP","floor":48}],"player_experience":701674,"relics_obtained":[{"floor":8,"key":"Pen Nib"},{"floor":9,"key":"Mercury Hourglass"},{"floor":11,"key":"Potion Belt"},{"floor":14,"key":"Anchor"},{"floor":26,"key":"StoneCalendar"},{"floor":27,"key":"Nilry\u0027s Codex"},{"floor":40,"key":"Blue Candle"},{"floor":43,"key":"Darkstone Periapt"}],"event_choices":[{"cards_removed":["Strike_R"],"damage_healed":0,"gold_gain":0,"player_choice":"Card Removal","damage_taken":0,"max_hp_gain":0,"max_hp_loss":0,"event_name":"The Cleric","floor":3,"gold_loss":75},{"damage_healed":0,"gold_gain":0,"player_choice":"Gave Potion","damage_taken":0,"relics_obtained":["Frozen Egg 2"],"max_hp_gain":0,"max_hp_loss":0,"event_name":"WeMeetAgain","floor":13,"gold_loss":0},{"damage_healed":0,"gold_gain":50,"player_choice":"Stole From Cult","damage_taken":0,"max_hp_gain":0,"max_hp_loss":0,"event_name":"Nest","floor":20,"gold_loss":0},{"damage_healed":0,"gold_gain":0,"player_choice":"Ignored","damage_taken":0,"max_hp_gain":0,"max_hp_loss":0,"event_name":"Ghosts","floor":21,"gold_loss":0},{"damage_healed":0,"gold_gain":0,"player_choice":"Obtained Book","damage_taken":21,"max_hp_gain":0,"max_hp_loss":0,"event_name":"Cursed Tome","floor":27,"gold_loss":0},{"damage_healed":0,"gold_gain":0,"player_choice":"Ignored","damage_taken":0,"max_hp_gain":0,"max_hp_loss":0,"event_name":"Tomb of Lord Red Mask","floor":37,"gold_loss":0}],"is_beta":false,"boss_relics":[{"not_picked":["Lizard Tail","Coffee Dripper"],"picked":"Snecko Eye"},{"not_picked":["Black Blood","Velvet Choker"],"picked":"Runic Dome"}],"items_purged_floors":[36,38],"is_endless":false,"potions_floor_spawned":[1,5,8,14,16,19,29,30,31,33,39,42,48],"killed_by":"Awakened One","ascension_level":19}