{"path_per_floor":["M","M","?","M","?","R","?","M","T","E","M","E","M","$","R","B",null,"M","?","?","M","M"],"character_chosen":"IRONCLAD","items_purchased":["Ornamental Fan"],"gold_per_floor":[109,129,129,147,147,147,147,162,162,190,201,235,251,5,5,101,101,114,164,79,91,108],"floor_reached":23,"campfire_rested":1,"playtime":874,"current_hp_per_floor":[70,67,67,68,68,68,65,57,71,47,48,34,35,35,63,35,94,69,69,69,68,60],"items_purged":[],"gold":108,"score":203,"play_id":"1b5a5f28-83d6-4a15-a3e3-9dfda69c46f0","is_prod":false,"is_daily":false,"is_ascension_mode":false,"campfire_upgraded":1,"path_taken":["M","M","?","M","?","R","?","?","T","E","M","E","M","$","R","BOSS","M","?","?","M","?","E"],"build_version":"2018-02-12-PROD1","purchased_purges":0,"victory":false,"master_deck":["Strike_R","Strike_R","Strike_R","Strike_R","Strike_R","Defend_R","Defend_R","Defend_R","Defend_R","Bash","Perfected Strike","Armaments+1","Headbutt","Sword Boomerang","Normality","Thunderclap","Flex+1","Heavy Blade","Twin Strike","Rupture","Reaper","Rage+1","Rupture+1","Rampage"],"max_hp_per_floor":[80,80,80,80,80,80,80,80,94,94,94,94,94,94,94,94,94,94,94,94,94,94],"relics":["Burning Blood","Toxic Egg 2","Gremlin Horn","Mango","Centennial Puzzle","Vajra","Ornamental Fan","Black Star","Happy Flower"],"card_choices":[{"not_picked":["Anger","Hemokinesis"],"picked":"Perfected Strike"},{"not_picked":["Pummel","Inflame"],"picked":"Armaments"},{"not_picked":["Hemokinesis","Body Slam"],"picked":"Headbutt"},{"not_picked":["Anger","Corruption"],"picked":"Sword Boomerang"},{"not_picked":["Dropkick","Warcry"],"picked":"Thunderclap"},{"not_picked":["Wild Strike","Corruption"],"picked":"Flex"},{"not_picked":["Anger","Pommel Strike"],"picked":"Heavy Blade"},{"not_picked":["Spot Weakness","Fire Breathing"],"picked":"Twin Strike"},{"not_picked":["Thunderclap","Corruption"],"picked":"Rupture"},{"not_picked":["Fiend Fire","Barricade"],"picked":"Reaper"},{"not_picked":["Searing Blow","Headbutt"],"picked":"Rage"},{"not_picked":["Power Through","Reckless Charge"],"picked":"Rupture"},{"not_picked":["Seeing Red","Spot Weakness"],"picked":"Rampage"}],"player_experience":74251,"potions_floor_usage":[10,10,16,16,22],"damage_taken":[{"damage":16,"enemies":"2 Louse","floor":1,"turns":3},{"damage":9,"enemies":"Blue Slaver","floor":2,"turns":4},{"damage":5,"enemies":"Small Slimes","floor":4,"turns":3},{"damage":14,"enemies":"Exordium Wildlife","floor":8,"turns":5},{"damage":30,"enemies":"Lagavulin","floor":10,"turns":6},{"damage":5,"enemies":"Looter","floor":11,"turns":2},{"damage":20,"enemies":"Gremlin Nob","floor":12,"turns":4},{"damage":5,"enemies":"3 Louse","floor":13,"turns":2},{"damage":49,"enemies":"Hexaghost","floor":16,"turns":9},{"damage":43,"enemies":"3 Byrds","floor":18,"turns":5},{"damage":7,"enemies":"Shell Parasite","floor":21,"turns":6},{"damage":28,"enemies":"3 Cultists","floor":22,"turns":6},{"damage":69,"enemies":"Book of Stabbing","floor":23,"turns":5}],"event_choices":[{"event_name":"Purifier","player_choice":"Skipped","floor":3,"damage_taken":0},{"event_name":"Accursed Blacksmith","player_choice":"Rummage","floor":5,"damage_taken":0},{"event_name":"Scrap Ooze","player_choice":"success","floor":7,"damage_taken":3},{"event_name":"The Joust","player_choice":"Bet on Murderer","floor":19,"damage_taken":0},{"event_name":"Addict","player_choice":"Obtained Relic","floor":20,"damage_taken":0}],"boss_relics":[{"not_picked":["Pandora\u0027s Box","Runic Cube"],"picked":"Black Star"}],"potions_floor_spawned":[1,4,12,13,16],"seed_played":"-9032678335863564044","killed_by":"Book of Stabbing","ascension_level":0,"is_trial":false}