{"gold_per_floor":[114,114,129,61,76,49,79,94,94,124,139,139,198,165,165,265,265,280,104,104,104,104,104],"floor_reached":23,"playtime":1081,"items_purged":[],"score":197,"play_id":"8ef025d2-6e6a-426a-afa6-a9553271f635","local_time":"20181029221204","daily_mods":["Chimera","Green Cards","Careless"],"is_ascension_mode":false,"campfire_choices":[{"floor":15,"key":"REST"}],"neow_cost":"","seed_source_timestamp":2600836474155553,"circlet_count":0,"master_deck":["Survivor","Zap","Strike_R+1","Strike_G+1","Strike_B+1","Defend_R+1","Defend_G+1","Defend_B+1","Anger","Wild Strike","Distraction","Noxious Fumes","Dagger Throw","Prepared","After Image","Prepared","Backflip","Backflip","Burst","Quick Slash+1","Iron Wave","Survivor"],"special_seed":17834,"relics":["Burning Blood","Lantern","Blue Candle","Question Card","Juzu Bracelet","Fusion Hammer","Pen Nib"],"potions_floor_usage":[7,16,16],"damage_taken":[{"damage":10,"enemies":"Small Slimes","floor":1,"turns":3},{"damage":0,"enemies":"Cultist","floor":3,"turns":3},{"damage":0,"enemies":"2 Louse","floor":5,"turns":3},{"damage":18,"enemies":"3 Sentries","floor":7,"turns":6},{"damage":12,"enemies":"Lots of Slimes","floor":8,"turns":5},{"damage":43,"enemies":"Gremlin Nob","floor":10,"turns":4},{"damage":18,"enemies":"Gremlin Gang","floor":11,"turns":4},{"damage":20,"enemies":"Hexaghost","floor":16,"turns":9},{"damage":19,"enemies":"Spheric Guardian","floor":18,"turns":6},{"damage":77,"enemies":"Slavers","floor":23,"turns":7}],"seed_played":"-1635922721403175301","potions_obtained":[{"floor":1,"key":"GamblersBrew"},{"floor":5,"key":"SteroidPotion"},{"floor":11,"key":"LiquidBronze"}],"is_trial":false,"path_per_floor":["M","?","M","$","M","$","E","M","T","E","M","?","?","?","R","B",null,"M","$","?","?","?"],"character_chosen":"IRONCLAD","items_purchased":["Noxious Fumes","Prepared","Iron Wave","Pen Nib"],"campfire_rested":1,"item_purchase_floors":[4,6,19,19],"current_hp_per_floor":[76,76,80,80,80,80,68,62,62,25,13,13,13,13,37,23,80,67,67,67,67,67,0],"gold":104,"neow_bonus":"","is_prod":false,"is_daily":true,"chose_seed":false,"campfire_upgraded":0,"win_rate":0,"timestamp":1540865524,"path_taken":["M","?","M","$","?","$","E","?","T","E","?","?","?","?","R","BOSS","M","$","?","?","?","E"],"build_version":"2018-10-25v2","purchased_purges":0,"victory":false,"max_hp_per_floor":[80,80,80,80,80,80,80,80,80,80,80,80,80,80,80,80,80,80,80,80,80,80,80],"card_choices":[{"not_picked":["Reflex","Bane"],"picked":"Anger","floor":1},{"not_picked":["Wild Strike","Second Wind"],"picked":"Distraction","floor":3},{"not_picked":["Blade Dance","Twin Strike"],"picked":"Dagger Throw","floor":5},{"not_picked":["Wild Strike","Thunderclap"],"picked":"After Image","floor":7},{"not_picked":["Quick Slash","Underhanded Strike"],"picked":"Prepared","floor":8},{"not_picked":["Flechettes","Predator"],"picked":"Backflip","floor":10},{"not_picked":["Body Slam","Tactician","Prepared"],"picked":"Backflip","floor":11},{"not_picked":["Immolate","Corpse Explosion","Bludgeon"],"picked":"Burst","floor":16},{"not_picked":["Headbutt","Thunderclap","Hemokinesis"],"picked":"Quick Slash+1","floor":18}],"player_experience":202576,"relics_obtained":[{"floor":7,"key":"Lantern"},{"floor":9,"key":"Blue Candle"},{"floor":10,"key":"Question Card"}],"event_choices":[{"damage_healed":0,"gold_gain":0,"cards_transformed":["Bash"],"player_choice":"Transformed","damage_taken":0,"max_hp_gain":0,"max_hp_loss":0,"event_name":"Transmorgrifier","floor":2,"gold_loss":0,"cards_obtained":["Wild Strike"]},{"damage_healed":0,"gold_gain":0,"player_choice":"Searched \u00271\u0027 times","damage_taken":0,"relics_obtained":["Juzu Bracelet"],"max_hp_gain":0,"max_hp_loss":0,"event_name":"Dead Adventurer","floor":12,"gold_loss":0},{"damage_healed":0,"gold_gain":59,"player_choice":"Gained Gold","damage_taken":0,"max_hp_gain":0,"max_hp_loss":0,"event_name":"Golden Wing","floor":13,"gold_loss":0},{"damage_healed":0,"gold_gain":0,"player_choice":"Left Gold","damage_taken":0,"max_hp_gain":0,"max_hp_loss":0,"event_name":"World of Goop","floor":14,"gold_loss":33},{"damage_healed":0,"gold_gain":0,"player_choice":"Copied","damage_taken":0,"max_hp_gain":0,"max_hp_loss":0,"event_name":"Duplicator","floor":20,"gold_loss":0,"cards_obtained":["Survivor"]},{"damage_healed":0,"gold_gain":0,"player_choice":"Ignored","damage_taken":0,"max_hp_gain":0,"max_hp_loss":0,"event_name":"Beggar","floor":21,"gold_loss":0},{"damage_healed":0,"gold_gain":0,"player_choice":"Simplicity","damage_taken":0,"max_hp_gain":0,"max_hp_loss":0,"event_name":"Back to Basics","floor":22,"gold_loss":0,"cards_upgraded":["Strike_R","Strike_G","Strike_B","Defend_R","Defend_G","Defend_B"]}],"is_beta":false,"boss_relics":[{"not_picked":["Philosopher\u0027s Stone","Tiny House"],"picked":"Fusion Hammer"}],"items_purged_floors":[],"is_endless":false,"potions_floor_spawned":[1,5,11],"killed_by":"Slavers","ascension_level":0}