{"gold_per_floor":[113,113,163,233,103,123,123,154,154,154,154,204,75,155,155,256,256,273,296,296,419,469,498,512,512],"floor_reached":25,"playtime":1060,"items_purged":[],"score":217,"play_id":"e4d399ef-01eb-4c90-9848-bde4868bde4e","local_time":"20180915133413","is_ascension_mode":false,"campfire_choices":[{"data":"Buffer","floor":7,"key":"SMITH"},{"data":"Hello World","floor":10,"key":"SMITH"},{"data":"Static Discharge","floor":15,"key":"SMITH"}],"neow_cost":"TEN_PERCENT_HP_LOSS","seed_source_timestamp":85021823659185,"circlet_count":0,"master_deck":["Strike_B","Strike_B","Strike_B","Strike_B","Defend_B","Defend_B","Defend_B","Zap","Dualcast","Buffer+1","Hello World+1","Amplify","Self Repair","BootSequence","Dark Shackles","White Noise","Doom and Gloom","Pain","Cold Snap","Static Discharge+1","Core Surge","Leap","Gash","RitualDagger","Cold Snap","Recycle+1"],"relics":["Cracked Core","SsserpentHead","Peace Pipe","Pantograph","WarpedTongs","Anchor","Odd Mushroom","Velvet Choker","Gremlin Horn","Bag of Marbles"],"potions_floor_usage":[8,16,16,16],"damage_taken":[{"damage":0,"enemies":"2 Louse","floor":1,"turns":3},{"damage":4,"enemies":"Cultist","floor":4,"turns":4},{"damage":5,"enemies":"Small Slimes","floor":6,"turns":5},{"damage":9,"enemies":"Gremlin Nob","floor":8,"turns":5},{"damage":7,"enemies":"The Mushroom Lair","floor":14,"turns":4},{"damage":28,"enemies":"Slime Boss","floor":16,"turns":5},{"damage":5,"enemies":"Shell Parasite","floor":18,"turns":4},{"damage":13,"enemies":"2 Thieves","floor":19,"turns":5},{"damage":39,"enemies":"Slavers","floor":23,"turns":5},{"damage":4,"enemies":"Chosen and Byrds","floor":24,"turns":7},{"damage":28,"enemies":"Sentry and Sphere","floor":25,"turns":3}],"seed_played":"9132521652336557314","potions_obtained":[{"floor":1,"key":"GamblersBrew"},{"floor":4,"key":"GamblersBrew"},{"floor":8,"key":"Fire Potion"},{"floor":14,"key":"GamblersBrew"},{"floor":24,"key":"SteroidPotion"}],"is_trial":false,"path_per_floor":["M","?","?","M","$","M","R","E","T","R","$","?","$","?","R","B",null,"M","M","?","T","?","E","M"],"character_chosen":"DEFECT","items_purchased":["BootSequence","Dark Shackles","Anchor","Cold Snap"],"campfire_rested":0,"item_purchase_floors":[5,5,13,13],"current_hp_per_floor":[68,68,68,64,64,66,66,64,64,64,64,64,64,64,64,54,68,68,62,62,62,56,24,27,0],"gold":512,"neow_bonus":"THREE_RARE_CARDS","is_prod":false,"is_daily":false,"chose_seed":false,"campfire_upgraded":3,"win_rate":0.0,"timestamp":1537032853,"path_taken":["M","?","?","?","$","M","R","E","T","R","$","?","?","?","R","BOSS","M","?","?","?","?","E","M","M"],"build_version":"2018-09-06","purchased_purges":0,"victory":false,"max_hp_per_floor":[68,68,68,68,68,68,68,68,68,68,68,68,68,68,68,68,68,68,68,68,68,68,68,68,68],"card_choices":[{"not_picked":["Hyperbeam","Multi-Cast"],"picked":"Buffer","floor":0},{"not_picked":["Tempest","Hologram"],"picked":"Hello World","floor":1},{"not_picked":["Skim","Compile Driver"],"picked":"Self Repair","floor":4},{"not_picked":["Lockon","Barrage"],"picked":"White Noise","floor":6},{"not_picked":["Turbo","Fission"],"picked":"Doom and Gloom","floor":8},{"not_picked":["Steam","Barrage"],"picked":"Static Discharge","floor":14},{"not_picked":["Hyperbeam","All For One"],"picked":"Core Surge","floor":16},{"not_picked":["Defragment","Beam Cell"],"picked":"Leap","floor":18},{"not_picked":["Undo","Hologram"],"picked":"Gash","floor":19},{"not_picked":["Heatsinks","Compile Driver"],"picked":"Cold Snap","floor":23},{"not_picked":["Steam","Beam Cell"],"picked":"Recycle+1","floor":24}],"player_experience":112169,"relics_obtained":[{"floor":8,"key":"Peace Pipe"},{"floor":9,"key":"Pantograph"},{"floor":14,"key":"Odd Mushroom"},{"floor":21,"key":"Gremlin Horn"},{"floor":23,"key":"Bag of Marbles"}],"event_choices":[{"event_name":"FaceTrader","player_choice":"Trade","floor":2,"damage_taken":0},{"event_name":"Transmorgrifier","player_choice":"Transform","floor":3,"damage_taken":0},{"event_name":"Accursed Blacksmith","player_choice":"Rummage","floor":12,"damage_taken":0},{"event_name":"Mushrooms","player_choice":"Fought Mushrooms","floor":14,"damage_taken":0},{"event_name":"The Joust","player_choice":"Bet on Murderer","floor":20,"damage_taken":0},{"event_name":"Nest","player_choice":"Joined the Cult","floor":22,"damage_taken":0}],"is_beta":false,"boss_relics":[{"not_picked":["Black Star","Eternal Feather"],"picked":"Velvet Choker"}],"items_purged_floors":[],"is_endless":false,"potions_floor_spawned":[1,4,8,14,24],"killed_by":"Sentry and Sphere","ascension_level":0}