{"path_per_floor":["M","M","?","?","$","?","M","M","T","E","R","E","M","$","R","B",null,"M","?","$","M","M","R","T","M","T"],"character_chosen":"THE_SILENT","items_purchased":["Prayer Wheel","Infinite Blades"],"gold_per_floor":[99,116,116,116,116,116,128,138,193,220,220,245,261,78,78,180,180,199,199,199,213,227,227,282,300,300],"floor_reached":27,"campfire_rested":2,"playtime":1117,"current_hp_per_floor":[70,70,70,70,70,70,70,70,70,61,61,36,30,30,51,22,70,51,70,70,60,2,23,23,16,16],"items_purged":[],"gold":300,"score":223,"play_id":"0817872e-5903-4032-a278-c1c4b0535f08","is_prod":false,"is_daily":false,"is_ascension_mode":false,"campfire_upgraded":1,"path_taken":["M","M","?","?","?","?","M","?","T","E","R","E","M","$","R","BOSS","M","?","$","M","M","R","?","M","T","M"],"build_version":"2018-02-12-PROD1","purchased_purges":0,"victory":false,"master_deck":["Defend_G","Defend_G","Defend_G","Defend_G","Defend_G","Strike_G","Strike_G","Strike_G","Strike_G","Survivor","Neutralize","Poisoned Stab+1","Poisoned Stab+1","Poisoned Stab","Adrenaline+1","All Out Attack","Escape Plan","Outmaneuver","Infinite Blades","Adrenaline","Distraction","Infinite Blades","Backstab","Endless Agony","Flying Knee","Skewer","Dodge and Roll+1","Cloak And Dagger","Well Laid Plans","Quick Slash+1","Blur+1"],"max_hp_per_floor":[70,70,70,70,70,70,70,70,70,70,70,70,70,70,70,70,70,70,70,70,70,70,70,70,70,70],"relics":["Ring of the Snake","Oddly Smooth Stone","Pantograph","Girya","Prayer Wheel","Orrery","Happy Flower","Sundial"],"card_choices":[{"not_picked":["Dagger Throw","Outmaneuver"],"picked":"Poisoned Stab"},{"not_picked":["Reflex","Slice"],"picked":"Poisoned Stab"},{"not_picked":["Sucker Punch","Prepared"],"picked":"Poisoned Stab"},{"not_picked":["Quick Slash","Choke"],"picked":"Adrenaline"},{"not_picked":["Calculated Gamble","Bane"],"picked":"All Out Attack"},{"not_picked":["Crippling Poison","Flying Knee"],"picked":"Escape Plan"},{"not_picked":["All Out Attack","Acrobatics"],"picked":"Outmaneuver"},{"not_picked":["Die Die Die","A Thousand Cuts"],"picked":"Adrenaline"},{"not_picked":["Deadly Poison","Sucker Punch"],"picked":"Distraction"},{"not_picked":["PiercingWail","Acrobatics"],"picked":"Infinite Blades"},{"not_picked":["Die Die Die","Deflect"],"picked":"Backstab"},{"not_picked":["Bane","Slice"],"picked":"Endless Agony"},{"not_picked":["Acrobatics","Slice"],"picked":"Flying Knee"},{"not_picked":["Slice","Sucker Punch"],"picked":"Skewer"},{"not_picked":["Tools of the Trade","Leg Sweep"],"picked":"Dodge and Roll"},{"not_picked":["Outmaneuver","Dagger Throw"],"picked":"Cloak And Dagger"},{"not_picked":["Poisoned Stab","Deadly Poison"],"picked":"Well Laid Plans"},{"not_picked":["Dagger Spray","Deadly Poison"],"picked":"Quick Slash"},{"not_picked":["Adrenaline","Poisoned Stab"],"picked":"Blur"}],"player_experience":55736,"potions_floor_usage":[10,16,22,22,25],"damage_taken":[{"damage":0,"enemies":"2 Louse","floor":1,"turns":3},{"damage":0,"enemies":"Cultist","floor":2,"turns":4},{"damage":0,"enemies":"Jaw Worm","floor":7,"turns":2},{"damage":0,"enemies":"Looter","floor":8,"turns":3},{"damage":9,"enemies":"3 Sentries","floor":10,"turns":7},{"damage":25,"enemies":"Lagavulin","floor":12,"turns":4},{"damage":6,"enemies":"Exordium Thugs","floor":13,"turns":4},{"damage":48,"enemies":"Slime Boss","floor":16,"turns":11},{"damage":19,"enemies":"Chosen","floor":18,"turns":5},{"damage":10,"enemies":"Shell Parasite","floor":21,"turns":5},{"damage":64,"enemies":"Chosen and Byrds","floor":22,"turns":7},{"damage":7,"enemies":"Centurion and Healer","floor":25,"turns":6},{"damage":18,"enemies":"Slaver and Parasite","floor":27,"turns":6}],"event_choices":[{"event_name":"Upgrade Shrine","player_choice":"Upgraded","floor":3,"damage_taken":0},{"event_name":"Living Wall","player_choice":"Grow","floor":4,"damage_taken":0},{"event_name":"Bonfire Elementals","player_choice":"UNCOMMON","floor":6,"damage_taken":0},{"event_name":"The Library","player_choice":"Heal","floor":19,"damage_taken":0}],"boss_relics":[{"not_picked":["Velvet Choker","Sozu"],"picked":"Orrery"}],"potions_floor_spawned":[2,12,16,21],"seed_played":"-3349960071290990172","killed_by":"Slaver and Parasite","ascension_level":0,"is_trial":false}