{"gold_per_floor":[117,117,134,145,200,200,200,218,291,308,319,68,68,86,86,86],"floor_reached":16,"playtime":922,"items_purged":[],"score":103,"play_id":"935c4555-6b28-4b12-8f4e-440307fe5c1b","local_time":"20181008012642","is_ascension_mode":true,"campfire_choices":[{"data":"Combust","floor":6,"key":"SMITH"},{"data":"Chrysalis","floor":13,"key":"SMITH"},{"data":"Shrug It Off","floor":15,"key":"SMITH"}],"neow_cost":"TEN_PERCENT_HP_LOSS","seed_source_timestamp":36382948126440,"circlet_count":0,"master_deck":["Strike_R","Strike_R","Strike_R","Strike_R","Strike_R","Defend_R","Defend_R","Defend_R","Defend_R","Bash","Clash","Combust+1","Warcry","Shrug It Off","Warcry","Chrysalis+1","Shrug It Off+1"],"relics":["Burning Blood","Ice Cream","Torii","Question Card"],"potions_floor_usage":[14,16],"damage_taken":[{"damage":0,"enemies":"Small Slimes","floor":1,"turns":3},{"damage":0,"enemies":"Cultist","floor":3,"turns":2},{"damage":12,"enemies":"2 Louse","floor":4,"turns":3},{"damage":15,"enemies":"Exordium Wildlife","floor":8,"turns":4},{"damage":11,"enemies":"3 Louse","floor":10,"turns":5},{"damage":14,"enemies":"Large Slime","floor":11,"turns":5},{"damage":10,"enemies":"Exordium Wildlife","floor":14,"turns":5},{"damage":64,"enemies":"Slime Boss","floor":16,"turns":6}],"seed_played":"1221822555221646542","potions_obtained":[{"floor":8,"key":"Ancient Potion"},{"floor":11,"key":"Energy Potion"}],"is_trial":false,"path_per_floor":["M","?","M","M","?","R","T","M","T","M","M","$","R","M","R"],"character_chosen":"IRONCLAD","items_purchased":["Chrysalis","Shrug It Off"],"campfire_rested":0,"item_purchase_floors":[12,12],"current_hp_per_floor":[72,72,72,66,66,66,66,57,57,52,44,44,44,40,40,0],"gold":86,"neow_bonus":"ONE_RARE_RELIC","is_prod":false,"is_daily":false,"chose_seed":false,"campfire_upgraded":3,"win_rate":0,"timestamp":1538972802,"path_taken":["M","?","?","M","?","R","?","M","T","M","M","$","R","M","R","BOSS"],"build_version":"2018-10-04v2","purchased_purges":0,"victory":false,"max_hp_per_floor":[72,72,72,72,72,72,72,72,72,72,72,72,72,72,72,72],"card_choices":[{"not_picked":["Twin Strike","Armaments"],"picked":"Clash","floor":1},{"not_picked":["Armaments","True Grit"],"picked":"Combust","floor":3},{"not_picked":["Havoc","Evolve"],"picked":"Warcry","floor":4},{"not_picked":["Warcry","Armaments"],"picked":"Shrug It Off","floor":8},{"not_picked":["Iron Wave","Anger","Uppercut"],"picked":"Warcry","floor":10},{"not_picked":["Perfected Strike","True Grit","Evolve","Body Slam"],"picked":"SKIP","floor":11},{"not_picked":["Thunderclap","Havoc","Blood for Blood","Juggernaut"],"picked":"SKIP","floor":14}],"player_experience":119584,"relics_obtained":[{"floor":7,"key":"Torii"},{"floor":9,"key":"Question Card"}],"event_choices":[{"event_name":"Match and Keep!","player_choice":"0 cards matched","floor":2,"damage_taken":0},{"event_name":"Golden Wing","player_choice":"Gained Gold","floor":5,"damage_taken":0}],"is_beta":false,"boss_relics":[],"items_purged_floors":[],"is_endless":false,"potions_floor_spawned":[8,11],"killed_by":"Slime Boss","ascension_level":2}