{"gold_per_floor":[114,127,127,302,321,321,321,93,119,132,167,67,67,97,97,199,199,211,15,25,25,35,35,46,46,46,46,46,46,46,61,61,61],"floor_reached":33,"playtime":1502,"items_purged":["Doubt","Strike_R"],"score":414,"play_id":"0b72e98b-2406-4673-ab62-a42c8e18c72d","local_time":"20181126154410","is_ascension_mode":true,"campfire_choices":[{"data":"Uppercut","floor":6,"key":"SMITH"},{"data":"Carnage","floor":13,"key":"SMITH"},{"data":"Bash","floor":15,"key":"SMITH"},{"data":"True Grit","floor":23,"key":"SMITH"},{"data":"Demon Form","floor":25,"key":"SMITH"},{"data":"Iron Wave","floor":28,"key":"SMITH"},{"data":"Battle Trance","floor":30,"key":"SMITH"},{"floor":32,"key":"REST"}],"neow_cost":"PERCENT_DAMAGE","seed_source_timestamp":3182542243151,"circlet_count":0,"master_deck":["AscendersBane","Defend_R","Defend_R","Defend_R","Defend_R","Bash+1","Fiend Fire+1","Uppercut+1","Iron Wave+1","Carnage+1","Battle Trance+1","Shrug It Off","Demon Form+1","True Grit+1","Feel No Pain+1","Heavy Blade+1","Bite","Bite","Bite","Bite","Bite"],"relics":["Burning Blood","Mark of Pain","Oddly Smooth Stone","Nloth\u0027s Gift"],"potions_floor_usage":[31,33],"damage_taken":[{"damage":8,"enemies":"2 Louse","floor":1,"turns":4},{"damage":4,"enemies":"Small Slimes","floor":2,"turns":3},{"damage":0,"enemies":"Cultist","floor":5,"turns":2},{"damage":13,"enemies":"Large Slime","floor":10,"turns":3},{"damage":11,"enemies":"Gremlin Nob","floor":11,"turns":3},{"damage":39,"enemies":"Hexaghost","floor":16,"turns":9},{"damage":15,"enemies":"3 Byrds","floor":18,"turns":6},{"damage":16,"enemies":"Shell Parasite","floor":20,"turns":5},{"damage":13,"enemies":"Cultist and Chosen","floor":22,"turns":6},{"damage":16,"enemies":"Centurion and Healer","floor":24,"turns":6},{"damage":26,"enemies":"Shelled Parasite and Fungi","floor":31,"turns":5},{"damage":95,"enemies":"Automaton","floor":33,"turns":6}],"seed_played":"716634053641138944","potions_obtained":[{"floor":5,"key":"SteroidPotion"},{"floor":18,"key":"Energy Potion"},{"floor":24,"key":"BloodPotion"}],"is_trial":false,"path_per_floor":["M","M","?","?","M","R","?","$","T","M","E","$","R","?","R","B",null,"M","$","M","?","M","R","M","R","T","$","R","?","R","M","R","B"],"character_chosen":"IRONCLAD","items_purchased":["Battle Trance","Regen Potion","Oddly Smooth Stone","True Grit"],"campfire_rested":1,"item_purchase_floors":[8,8,19,19],"current_hp_per_floor":[49,51,51,51,57,57,80,80,80,73,70,70,70,70,70,39,70,63,63,55,55,50,50,42,42,42,42,42,42,42,34,58,0],"gold":61,"neow_bonus":"THREE_RARE_CARDS","is_prod":false,"is_daily":false,"chose_seed":false,"campfire_upgraded":7,"win_rate":0,"timestamp":1543257850,"path_taken":["M","M","?","?","M","R","?","$","T","M","E","?","R","?","R","BOSS","M","$","M","?","M","R","?","R","T","$","R","?","R","M","R","BOSS"],"build_version":"2018-11-15","purchased_purges":2,"victory":false,"max_hp_per_floor":[80,80,80,80,80,80,80,80,80,80,80,80,80,80,80,80,80,80,80,80,80,80,80,80,80,80,80,80,80,80,80,80,80],"card_choices":[{"not_picked":["Barricade","Brutality"],"picked":"Fiend Fire","floor":0},{"not_picked":["Sword Boomerang","Cleave"],"picked":"Uppercut","floor":1},{"not_picked":["Havoc","True Grit"],"picked":"Iron Wave","floor":2},{"not_picked":["Uppercut","Pommel Strike"],"picked":"Carnage","floor":5},{"not_picked":["True Grit","Anger","Pommel Strike"],"picked":"SKIP","floor":10},{"not_picked":["Pummel","Clash"],"picked":"Shrug It Off","floor":11},{"not_picked":["Limit Break","Barricade"],"picked":"Demon Form","floor":16},{"not_picked":["Clothesline+1","Warcry","Rage"],"picked":"SKIP","floor":18},{"not_picked":["Iron Wave","Body Slam"],"picked":"Feel No Pain+1","floor":20},{"not_picked":["Metallicize","Thunderclap","Clash"],"picked":"SKIP","floor":22},{"not_picked":["Battle Trance","Shrug It Off"],"picked":"Heavy Blade+1","floor":24},{"not_picked":["Wild Strike","Corruption+1","Anger"],"picked":"SKIP","floor":31}],"player_experience":422496,"relics_obtained":[{"floor":9,"key":"Blood Vial"},{"floor":11,"key":"Sundial"}],"event_choices":[{"damage_healed":0,"gold_gain":0,"player_choice":"Grow","damage_taken":0,"max_hp_gain":0,"max_hp_loss":0,"event_name":"Living Wall","floor":3,"gold_loss":0,"cards_upgraded":["Fiend Fire"]},{"damage_healed":0,"gold_gain":175,"player_choice":"AGREE","damage_taken":0,"max_hp_gain":0,"max_hp_loss":0,"event_name":"Liars Game","floor":4,"gold_loss":0,"cards_obtained":["Doubt"]},{"damage_healed":26,"gold_gain":0,"player_choice":"Banana","damage_taken":0,"max_hp_gain":0,"max_hp_loss":0,"event_name":"Big Fish","floor":7,"gold_loss":0},{"damage_healed":0,"gold_gain":30,"player_choice":"Searched \u00271\u0027 times","damage_taken":0,"max_hp_gain":0,"max_hp_loss":0,"event_name":"Dead Adventurer","floor":14,"gold_loss":0},{"damage_healed":0,"gold_gain":0,"player_choice":"Traded Relic","damage_taken":0,"relics_obtained":["Nloth\u0027s Gift"],"max_hp_gain":0,"max_hp_loss":0,"event_name":"N\u0027loth","floor":21,"relics_lost":["Sundial"],"gold_loss":0},{"damage_healed":0,"gold_gain":0,"player_choice":"Became a vampire (Vial)","damage_taken":0,"max_hp_gain":0,"max_hp_loss":0,"event_name":"Vampires","floor":29,"relics_lost":["Blood Vial"],"gold_loss":0,"cards_obtained":["Bite","Bite","Bite","Bite","Bite"]}],"is_beta":false,"boss_relics":[{"not_picked":["Pandora\u0027s Box","Philosopher\u0027s Stone"],"picked":"Mark of Pain"}],"items_purged_floors":[8,12],"is_endless":false,"potions_floor_spawned":[5,10,16,18,22,24],"killed_by":"Automaton","ascension_level":12}