{"gold_per_floor":[119,134,84,84,96,130,155,155,155,172,172,201,24,34,34,133,133,151,151,169,98,114,114,133,133,160,160,160,106,106,120,120,221,221,240,251,204,215,230,257,268,268,268,278,278,306,321,60,60,60],"floor_reached":51,"playtime":3737,"items_purged":["Clash"],"score":863,"play_id":"71a9f784-cf1a-4f14-839d-713b47eaf73c","local_time":"20181031014344","is_ascension_mode":true,"campfire_choices":[{"data":"Havoc","floor":8,"key":"SMITH"},{"data":"Burning Pact","floor":11,"key":"SMITH"},{"data":"True Grit","floor":15,"key":"SMITH"},{"data":"Uppercut","floor":23,"key":"SMITH"},{"data":"Flame Barrier","floor":25,"key":"SMITH"},{"data":"Flame Barrier","floor":27,"key":"SMITH"},{"data":"Pommel Strike","floor":30,"key":"SMITH"},{"data":"Bash","floor":32,"key":"SMITH"},{"data":"Impervious","floor":45,"key":"SMITH"},{"data":"Pommel Strike","floor":49,"key":"SMITH"}],"neow_cost":"TEN_PERCENT_HP_LOSS","seed_source_timestamp":314491745613,"circlet_count":0,"master_deck":["Strike_R","Strike_R","Strike_R","Strike_R","Strike_R","Defend_R","Defend_R","Defend_R","Bash+1","Carnage+1","Burning Pact+1","Clothesline","Iron Wave","Flame Barrier+1","True Grit+1","Barricade","Perfected Strike","Flame Barrier+1","Uppercut+1","Clothesline","Pommel Strike+1","Impervious+1","Clothesline","Pommel Strike","Flame Barrier","Burning Pact+1","Blood for Blood+1","Pommel Strike+1","Magnetism"],"relics":["Burning Blood","Torii","Happy Flower","Centennial Puzzle","Thread and Needle","Boot","Anchor","Snecko Eye","Lantern","Mark of Pain","Mercury Hourglass","Pear","Calipers"],"potions_floor_usage":[12,16,16,50,50,50],"damage_taken":[{"damage":6,"enemies":"Cultist","floor":1,"turns":4},{"damage":7,"enemies":"2 Louse","floor":2,"turns":3},{"damage":0,"enemies":"Jaw Worm","floor":5,"turns":1},{"damage":13,"enemies":"3 Sentries","floor":6,"turns":6},{"damage":10,"enemies":"Red Slaver","floor":10,"turns":2},{"damage":13,"enemies":"Lagavulin","floor":12,"turns":5},{"damage":0,"enemies":"Gremlin Gang","floor":14,"turns":4},{"damage":42,"enemies":"The Guardian","floor":16,"turns":13},{"damage":1,"enemies":"2 Thieves","floor":18,"turns":4},{"damage":0,"enemies":"Chosen","floor":20,"turns":3},{"damage":0,"enemies":"Snake Plant","floor":22,"turns":2},{"damage":0,"enemies":"Centurion and Healer","floor":24,"turns":6},{"damage":0,"enemies":"3 Cultists","floor":31,"turns":3},{"damage":50,"enemies":"Collector","floor":33,"turns":6},{"damage":0,"enemies":"3 Shapes","floor":35,"turns":5},{"damage":0,"enemies":"Orb Walker","floor":36,"turns":1},{"damage":1,"enemies":"4 Shapes","floor":38,"turns":5},{"damage":8,"enemies":"Spire Growth","floor":39,"turns":3},{"damage":0,"enemies":"Reptomancer","floor":40,"turns":8},{"damage":17,"enemies":"Transient","floor":41,"turns":5},{"damage":10,"enemies":"Jaw Worm Horde","floor":44,"turns":4},{"damage":0,"enemies":"Nemesis","floor":46,"turns":5},{"damage":6,"enemies":"Spire Growth","floor":47,"turns":4},{"damage":12,"enemies":"Awakened One","floor":50,"turns":14}],"seed_played":"5966415259845840598","potions_obtained":[{"floor":1,"key":"Poison Potion"},{"floor":12,"key":"Swift Potion"},{"floor":14,"key":"SkillPotion"},{"floor":20,"key":"Ancient Potion"},{"floor":22,"key":"Strength Potion"},{"floor":35,"key":"SpeedPotion"},{"floor":36,"key":"Fire Potion"},{"floor":40,"key":"AttackPotion"}],"is_trial":false,"path_per_floor":["M","M","?","?","M","E","T","R","T","M","R","E","$","M","R","B",null,"M","?","M","$","M","R","M","R","T","R","?","$","R","M","R","B",null,"M","M","$","M","M","E","M","?","T","M","R","E","M","$","R","B"],"character_chosen":"IRONCLAD","items_purchased":["Flame Barrier","Anchor","Uppercut","Pommel Strike","Pommel Strike","Magnetism"],"campfire_rested":0,"item_purchase_floors":[13,13,21,29,37,48],"current_hp_per_floor":[72,71,71,71,72,65,65,65,65,61,61,54,54,60,60,24,72,72,59,65,65,71,71,77,77,77,77,77,77,77,77,77,33,77,77,77,77,77,75,77,66,56,66,62,62,68,68,68,68,62],"gold":60,"neow_bonus":"ONE_RARE_RELIC","is_prod":false,"is_daily":false,"chose_seed":false,"campfire_upgraded":10,"win_rate":0,"timestamp":1540961024,"path_taken":["M","M","?","?","M","E","?","R","T","?","R","E","$","M","R","BOSS","M","?","M","$","?","R","M","R","T","R","?","?","R","M","R","BOSS","M","M","$","M","M","E","M","?","T","M","R","E","?","$","R","BOSS"],"build_version":"2018-10-25v2","purchased_purges":1,"victory":true,"max_hp_per_floor":[72,72,72,72,72,72,72,72,72,72,72,72,72,72,72,72,72,72,77,77,77,77,77,77,77,77,77,77,77,77,77,77,77,77,77,77,77,77,77,77,77,77,87,87,87,87,87,87,87,87],"card_choices":[{"not_picked":["Whirlwind","Headbutt"],"picked":"Carnage","floor":1},{"not_picked":["Flex","Perfected Strike"],"picked":"Clash","floor":2},{"not_picked":["Searing Blow","True Grit"],"picked":"Havoc","floor":5},{"not_picked":["Body Slam","True Grit"],"picked":"Burning Pact","floor":6},{"not_picked":["Flame Barrier","Heavy Blade"],"picked":"Clothesline","floor":10},{"not_picked":["Perfected Strike","Clothesline"],"picked":"Iron Wave","floor":12},{"not_picked":["Rampage","Heavy Blade"],"picked":"True Grit","floor":14},{"not_picked":["Bludgeon","Double Tap"],"picked":"Barricade","floor":16},{"not_picked":["Headbutt","Whirlwind"],"picked":"Perfected Strike","floor":18},{"not_picked":["Anger","Flex"],"picked":"Flame Barrier","floor":20},{"not_picked":["Wild Strike","Fiend Fire"],"picked":"Clothesline","floor":22},{"not_picked":["Reckless Charge","Rupture","Sword Boomerang"],"picked":"SKIP","floor":24},{"not_picked":["Iron Wave+1","Heavy Blade","Feel No Pain"],"picked":"SKIP","floor":31},{"not_picked":["Exhume","Barricade"],"picked":"Impervious","floor":33},{"not_picked":["Dual Wield","Havoc","Wild Strike"],"picked":"SKIP","floor":35},{"not_picked":["Thunderclap","Clash"],"picked":"Clothesline","floor":36},{"not_picked":["Metallicize","Dual Wield+1","Iron Wave+1"],"picked":"SKIP","floor":38},{"not_picked":["Thunderclap","Combust+1"],"picked":"Flame Barrier","floor":39},{"not_picked":["Berserk","Perfected Strike+1"],"picked":"Burning Pact+1","floor":40},{"not_picked":["Rage","Flex+1"],"picked":"Blood for Blood+1","floor":41},{"not_picked":["Anger","Metallicize","Twin Strike+1"],"picked":"SKIP","floor":44},{"not_picked":["Offering","Iron Wave+1","Hemokinesis+1"],"picked":"SKIP","floor":46},{"not_picked":["Body Slam","Iron Wave+1"],"picked":"Pommel Strike","floor":47}],"player_experience":195536,"relics_obtained":[{"floor":6,"key":"Happy Flower"},{"floor":7,"key":"Centennial Puzzle"},{"floor":9,"key":"Thread and Needle"},{"floor":12,"key":"Boot"},{"floor":26,"key":"Lantern"},{"floor":40,"key":"Mercury Hourglass"},{"floor":43,"key":"Pear"},{"floor":46,"key":"Calipers"}],"event_choices":[{"cards_removed":["Defend_R"],"damage_healed":0,"gold_gain":0,"player_choice":"Card Removal","damage_taken":0,"max_hp_gain":0,"max_hp_loss":0,"event_name":"The Cleric","floor":3,"gold_loss":50},{"damage_healed":0,"gold_gain":0,"player_choice":"Forge","damage_taken":0,"max_hp_gain":0,"max_hp_loss":0,"event_name":"Accursed Blacksmith","floor":4,"gold_loss":0,"cards_upgraded":["Carnage"]},{"damage_healed":0,"gold_gain":0,"player_choice":"Shed Blood","damage_taken":18,"max_hp_gain":5,"max_hp_loss":0,"event_name":"Forgotten Altar","floor":19,"gold_loss":0},{"cards_removed":["Havoc"],"damage_healed":5,"gold_gain":0,"player_choice":"Offered Common","damage_taken":0,"max_hp_gain":0,"max_hp_loss":0,"event_name":"Bonfire Elementals","floor":28,"gold_loss":0},{"cards_removed":["Havoc"],"damage_healed":5,"gold_gain":0,"player_choice":"Offered Special","damage_taken":0,"max_hp_gain":0,"max_hp_loss":0,"event_name":"Bonfire Elementals","floor":28,"gold_loss":0},{"damage_healed":0,"gold_gain":0,"player_choice":"Memory 3","damage_taken":10,"max_hp_gain":0,"max_hp_loss":0,"event_name":"SensoryStone","floor":42,"gold_loss":0}],"is_beta":false,"boss_relics":[{"not_picked":["Black Blood","Eternal Feather"],"picked":"Snecko Eye"},{"not_picked":["Empty Cage","Runic Cube"],"picked":"Mark of Pain"}],"items_purged_floors":[48],"is_endless":false,"potions_floor_spawned":[1,12,14,20,22,35,36,40,44],"ascension_level":4}