{"gold_per_floor":[115,115,190,210,58,83,103,164,190,190,224,224],"floor_reached":12,"playtime":259,"items_purged":["Regret"],"score":200,"play_id":"29a92807-9200-4b5e-b253-a4f731110f68","local_time":"20190506201156","is_ascension_mode":true,"campfire_choices":[{"floor":10.0,"key":"REST"}],"neow_cost":"NONE","seed_source_timestamp":0,"circlet_count":0,"master_deck":["AscendersBane","Defend_G","Defend_G","Defend_G","Defend_G","Defend_G","Strike_G","Strike_G","Strike_G","Strike_G","Strike_G","Survivor","Neutralize","Deadly Poison","Deadly Poison","Footwork","Cloak And Dagger","Acrobatics","Phantasmal Killer"],"special_seed":0,"relics":["Ring of the Snake","NeowsBlessing","Orichalcum","Happy Flower","Tiny Chest","Dream Catcher","Tough Bandages"],"potions_floor_usage":[],"damage_taken":[{"damage":0.0,"enemies":"Cultist","floor":1.0,"turns":1.0},{"damage":0.0,"enemies":"2 Louse","floor":4.0,"turns":1.0},{"damage":0.0,"enemies":"3 Sentries","floor":6.0,"turns":2.0},{"damage":2.0,"enemies":"Jaw Worm","floor":7.0,"turns":5.0},{"damage":49.0,"enemies":"Gremlin Nob","floor":8.0,"turns":6.0},{"damage":18.0,"enemies":"Lagavulin","floor":11.0,"turns":6.0},{"damage":0,"enemies":"Gremlin Gang","floor":12,"turns":1}],"seed_played":"4492294745949582300","potions_obtained":[{"floor":4.0,"key":"Weak Potion"},{"floor":8.0,"key":"Regen Potion"},{"floor":11.0,"key":"PowerPotion"}],"is_trial":false,"path_per_floor":["M","?","?","M","$","E","M","E","T","R","E","M"],"character_chosen":"THE_SILENT","items_purchased":["Footwork"],"campfire_rested":1,"item_purchase_floors":[5],"current_hp_per_floor":[63,63,52,52,52,52,50,1,1,22,19,19],"gold":224,"neow_bonus":"THREE_ENEMY_KILL","is_prod":false,"is_daily":false,"chose_seed":false,"campfire_upgraded":0,"win_rate":0,"timestamp":1557187916,"path_taken":["M","?","?","M","?","E","M","E","T","R","E","?"],"build_version":"2019-01-23","purchased_purges":1,"victory":false,"max_hp_per_floor":[70,70,70,70,70,70,70,70,70,70,70,70],"card_choices":[{"not_picked":["Acrobatics","Expertise"],"picked":"Deadly Poison","floor":1.0},{"not_picked":["Prepared","Distraction"],"picked":"Deadly Poison","floor":4.0},{"not_picked":["Unload","Quick Slash"],"picked":"Cloak And Dagger","floor":6.0},{"not_picked":["Slice","Deflect"],"picked":"Acrobatics","floor":7.0},{"not_picked":["Infinite Blades","Blade Dance"],"picked":"Phantasmal Killer","floor":8.0},{"not_picked":["Acrobatics","Endless Agony","Heel Hook"],"picked":"SKIP","floor":11.0}],"player_experience":492726,"relics_obtained":[{"floor":6.0,"key":"Happy Flower"},{"floor":8.0,"key":"Tiny Chest"},{"floor":9.0,"key":"Dream Catcher"},{"floor":11.0,"key":"Tough Bandages"}],"event_choices":[{"damage_healed":0.0,"max_hp_gain":0.0,"max_hp_loss":0.0,"gold_gain":0.0,"event_name":"Big Fish","player_choice":"Box","floor":2.0,"gold_loss":0.0,"damage_taken":0.0,"relics_obtained":["Orichalcum"],"cards_obtained":["Regret"]},{"damage_healed":0.0,"max_hp_gain":0.0,"max_hp_loss":0.0,"gold_gain":75.0,"event_name":"World of Goop","player_choice":"Gather Gold","floor":3.0,"gold_loss":0.0,"damage_taken":11.0}],"is_beta":false,"boss_relics":[],"items_purged_floors":[5],"is_endless":false,"potions_floor_spawned":[4,8,11],"killed_by":"Gremlin Gang","ascension_level":13}