{"gold_per_floor":[116,132,143,155,12,12,12,31,31,42,55,68,68,78,78,78],"floor_reached":16,"playtime":1236,"items_purged":[],"score":98,"play_id":"2cfee328-c599-4b22-87d5-957ad911adce","local_time":"20190114193628","is_ascension_mode":false,"campfire_choices":[{"data":"Bash","floor":6,"key":"SMITH"},{"floor":13,"key":"REST"},{"data":"Uppercut","floor":15,"key":"SMITH"}],"neow_cost":"","seed_source_timestamp":488816932768976,"circlet_count":0,"master_deck":["Strike_R","Strike_R","Strike_R","Strike_R","Strike_R","Defend_R","Defend_R","Defend_R","Defend_R","Bash+1","Iron Wave","Hemokinesis","Dual Wield","Pommel Strike","Battle Trance","Clothesline","Cleave","Clothesline","Flex","Bloodletting","Uppercut+1"],"relics":["Burning Blood","Mummified Hand"],"potions_floor_usage":[10,14,16,16],"damage_taken":[{"damage":8,"enemies":"Small Slimes","floor":1,"turns":4},{"damage":6,"enemies":"Cultist","floor":2,"turns":4},{"damage":6,"enemies":"2 Louse","floor":3,"turns":2},{"damage":22,"enemies":"2 Fungi Beasts","floor":4,"turns":4},{"damage":21,"enemies":"Exordium Thugs","floor":8,"turns":4},{"damage":0,"enemies":"Lots of Slimes","floor":10,"turns":1},{"damage":5,"enemies":"Looter","floor":11,"turns":3},{"damage":8,"enemies":"Blue Slaver","floor":12,"turns":3},{"damage":0,"enemies":"Lots of Slimes","floor":14,"turns":2},{"damage":86,"enemies":"The Guardian","floor":16,"turns":8}],"seed_played":"3878815687513834602","potions_obtained":[{"floor":2,"key":"SpeedPotion"},{"floor":4,"key":"EntropicBrew"},{"floor":7,"key":"Explosive Potion"},{"floor":7,"key":"Explosive Potion"},{"floor":10,"key":"Dexterity Potion"}],"is_trial":false,"path_per_floor":["M","M","M","M","$","R","?","M","T","M","M","M","R","M","R","B"],"character_chosen":"IRONCLAD","items_purchased":["Battle Trance","Clothesline","Energy Potion"],"campfire_rested":1,"item_purchase_floors":[5,5,5],"current_hp_per_floor":[78,78,78,62,62,62,62,47,47,53,54,52,76,80,80,0],"gold":78,"neow_bonus":"","is_prod":false,"is_daily":false,"chose_seed":false,"campfire_upgraded":2,"win_rate":0.0,"timestamp":1547512588,"path_taken":["M","M","M","M","$","R","?","M","T","M","?","M","R","M","R","BOSS"],"build_version":"2019-01-10","purchased_purges":0,"victory":false,"max_hp_per_floor":[80,80,80,80,80,80,80,80,80,80,80,80,80,80,80,80],"card_choices":[{"not_picked":["Searing Blow","Cleave"],"picked":"Iron Wave","floor":1},{"not_picked":["Inflame","Sword Boomerang"],"picked":"Hemokinesis","floor":2},{"not_picked":["Second Wind","Blood for Blood"],"picked":"Dual Wield","floor":3},{"not_picked":["Spot Weakness","Clash"],"picked":"Pommel Strike","floor":4},{"not_picked":["True Grit","Clash"],"picked":"Cleave","floor":8},{"not_picked":["Bludgeon","Thunderclap"],"picked":"Clothesline","floor":10},{"not_picked":["Searing Blow","Sword Boomerang"],"picked":"Flex","floor":11},{"not_picked":["Thunderclap","Cleave"],"picked":"Bloodletting","floor":12},{"not_picked":["Sword Boomerang","Barricade"],"picked":"Uppercut","floor":14}],"player_experience":0,"relics_obtained":[{"floor":9,"key":"Mummified Hand"}],"event_choices":[{"damage_healed":0,"gold_gain":0,"player_choice":"Got Potions","damage_taken":0,"max_hp_gain":0,"max_hp_loss":0,"event_name":"Lab","floor":7,"gold_loss":0}],"is_beta":false,"boss_relics":[],"items_purged_floors":[],"is_endless":false,"potions_floor_spawned":[2,4,8,10],"killed_by":"The Guardian","ascension_level":0}