{"gold_per_floor":[113,125,125,101,112,144,144,144,144,172,172,188,26,59,59,164,164,175,175,190,190,156,156],"floor_reached":23,"playtime":1263,"items_purged":[],"score":269,"play_id":"41ce7ba1-aaac-46dc-afc0-5fe4c83f1ab9","local_time":"20181227122736","is_ascension_mode":true,"campfire_choices":[{"floor":11,"key":"REST"},{"data":"Shockwave","floor":15,"key":"SMITH"}],"neow_cost":"NONE","seed_source_timestamp":431068480378146,"circlet_count":0,"master_deck":["Strike_R","Strike_R","Strike_R","Strike_R","Defend_R","Defend_R","Defend_R","Bash+1","Rage","Anger","Flex","Shockwave+1","Headbutt","Parasite","Shrug It Off","Pummel","Immolate","Evolve","Reaper","Clothesline","Uppercut","Battle Trance"],"relics":["Burning Blood","StoneCalendar","Boot","Question Card","Smiling Mask","Art of War","Snecko Eye"],"potions_floor_usage":[10,14],"damage_taken":[{"damage":6,"enemies":"2 Louse","floor":1,"turns":3},{"damage":1,"enemies":"Small Slimes","floor":2,"turns":3},{"damage":2,"enemies":"Jaw Worm","floor":5,"turns":3},{"damage":43,"enemies":"3 Sentries","floor":6,"turns":8},{"damage":26,"enemies":"Gremlin Nob","floor":10,"turns":4},{"damage":10,"enemies":"3 Louse","floor":12,"turns":3},{"damage":11,"enemies":"Lagavulin","floor":14,"turns":5},{"damage":27,"enemies":"Hexaghost","floor":16,"turns":9},{"damage":13,"enemies":"Chosen","floor":18,"turns":4},{"damage":33,"enemies":"Spheric Guardian","floor":20,"turns":4},{"damage":42,"enemies":"Book of Stabbing","floor":23,"turns":6}],"seed_played":"-2736853655600963401","potions_obtained":[{"floor":1,"key":"FearPotion"},{"floor":12,"key":"Swift Potion"}],"is_trial":false,"path_per_floor":["M","M","?","$","M","E","?","?","T","E","R","M","$","E","R","B",null,"M","$","M","?","$","E"],"character_chosen":"IRONCLAD","items_purchased":["Flex","Immolate","Battle Trance"],"campfire_rested":1,"item_purchase_floors":[4,13,22],"current_hp_per_floor":[72,77,77,77,80,43,63,51,51,31,55,51,51,46,46,25,66,65,65,38,38,38,0],"gold":156,"neow_bonus":"REMOVE_CARD","is_prod":false,"is_daily":false,"chose_seed":false,"campfire_upgraded":1,"win_rate":0,"timestamp":1545942456,"path_taken":["M","M","?","$","M","E","?","?","T","E","R","M","?","E","R","BOSS","M","$","M","?","?","E"],"build_version":"2018-12-20","purchased_purges":0,"victory":false,"max_hp_per_floor":[80,80,80,80,80,80,80,80,80,80,80,80,80,80,80,80,80,80,80,80,80,80,80],"card_choices":[{"not_picked":["Rupture","Shrug It Off"],"picked":"Rage","floor":1},{"not_picked":["Cleave","Pommel Strike"],"picked":"Anger","floor":2},{"not_picked":["Pommel Strike","Havoc"],"picked":"Shockwave","floor":5},{"not_picked":["Sentinel","Cleave"],"picked":"Headbutt","floor":6},{"not_picked":["Iron Wave","Clash","Armaments"],"picked":"Shrug It Off","floor":10},{"not_picked":["Berserk","Sword Boomerang","Twin Strike"],"picked":"Pummel","floor":12},{"not_picked":["Intimidate","Bloodletting","Armaments"],"picked":"Evolve","floor":14},{"not_picked":["Offering","Immolate","Barricade"],"picked":"Reaper","floor":16},{"not_picked":["Searing Blow","Anger","Carnage"],"picked":"Clothesline","floor":18},{"not_picked":["Dropkick","Warcry+1","Thunderclap"],"picked":"Uppercut","floor":20}],"player_experience":141233,"relics_obtained":[{"floor":6,"key":"StoneCalendar"},{"floor":9,"key":"Question Card"},{"floor":10,"key":"Smiling Mask"},{"floor":14,"key":"Art of War"}],"event_choices":[{"damage_healed":0,"gold_gain":0,"player_choice":"Grow","damage_taken":0,"max_hp_gain":0,"max_hp_loss":0,"event_name":"Living Wall","floor":3,"gold_loss":0,"cards_upgraded":["Bash"]},{"damage_healed":20,"gold_gain":0,"player_choice":"Healed and dodged fight","damage_taken":0,"max_hp_gain":0,"max_hp_loss":0,"event_name":"Mushrooms","floor":7,"gold_loss":0,"cards_obtained":["Parasite"]},{"damage_healed":0,"gold_gain":0,"player_choice":"Success","damage_taken":12,"relics_obtained":["Boot"],"max_hp_gain":0,"max_hp_loss":0,"event_name":"Scrap Ooze","floor":8,"gold_loss":0},{"cards_removed":["Defend_R"],"damage_healed":0,"gold_gain":0,"player_choice":"Purged","damage_taken":0,"max_hp_gain":0,"max_hp_loss":0,"event_name":"Purifier","floor":21,"gold_loss":0}],"is_beta":false,"boss_relics":[{"not_picked":["Empty Cage","Calling Bell"],"picked":"Snecko Eye"}],"items_purged_floors":[],"is_endless":false,"potions_floor_spawned":[1,12],"killed_by":"Book of Stabbing","ascension_level":6}