{"gold_per_floor":[418,418,418,418,383,383,18,53,53,71,71,90,123,141,141,244,244,264,279,279,279,297,326,181,199,199,217,217,217,242,257,257,257],"floor_reached":33,"playtime":1974,"items_purged":[],"score":464,"play_id":"3c554abf-2d2c-479e-b476-021d2f5ea0a2","local_time":"20190304165933","is_ascension_mode":true,"campfire_choices":[{"floor":6,"key":"REST"},{"data":"Neutralize","floor":11,"key":"SMITH"},{"floor":15,"key":"REST"},{"floor":29,"key":"REST"},{"floor":32,"key":"REST"}],"neow_cost":"PERCENT_DAMAGE","seed_source_timestamp":392546765788878,"circlet_count":0,"master_deck":["Survivor","Neutralize+1","Predator+1","Noxious Fumes","Leg Sweep+1","Blur","Crippling Poison","Dagger Spray","Blade Dance","Glass Knife","Concentrate","Footwork","Deadly Poison","PiercingWail","Malaise","Leg Sweep+1","Malaise","Bullet Time","Tools of the Trade","Dash+1","Deflect+1","Corpse Explosion","Die Die Die"],"relics":["Ring of the Snake","Old Coin","Sling","Bottled Tornado","Incense Burner","Pandora\u0027s Box","Happy Flower","War Paint","Vajra","Nloth\u0027s Gift","Matryoshka"],"potions_floor_usage":[15,16,22,27,33],"damage_taken":[{"damage":12,"enemies":"Small Slimes","floor":1,"turns":5},{"damage":17,"enemies":"3 Sentries","floor":8,"turns":6},{"damage":0,"enemies":"2 Louse","floor":10,"turns":3},{"damage":0,"enemies":"Jaw Worm","floor":12,"turns":4},{"damage":19,"enemies":"Lagavulin","floor":13,"turns":6},{"damage":10,"enemies":"Red Slaver","floor":14,"turns":3},{"damage":24,"enemies":"Hexaghost","floor":16,"turns":11},{"damage":5,"enemies":"3 Byrds","floor":18,"turns":4},{"damage":12,"enemies":"Chosen","floor":19,"turns":5},{"damage":3,"enemies":"Snecko","floor":22,"turns":5},{"damage":29,"enemies":"Book of Stabbing","floor":23,"turns":7},{"damage":0,"enemies":"Centurion and Healer","floor":25,"turns":8},{"damage":5,"enemies":"Snake Plant","floor":27,"turns":3},{"damage":22,"enemies":"Gremlin Leader","floor":30,"turns":5},{"damage":11,"enemies":"Shelled Parasite and Fungi","floor":31,"turns":7},{"damage":37,"enemies":"Collector","floor":33,"turns":5}],"seed_played":"4444706479099572471","potions_obtained":[{"floor":1,"key":"SkillPotion"},{"floor":12,"key":"Swift Potion"},{"floor":14,"key":"Fruit Juice"},{"floor":19,"key":"SpeedPotion"},{"floor":23,"key":"Poison Potion"},{"floor":31,"key":"GamblersBrew"}],"is_trial":false,"path_per_floor":["M","?","$","?","?","R","$","E","T","M","R","M","E","M","R","B",null,"M","M","$","?","M","E","$","M","T","M","?","R","E","M","R","B"],"character_chosen":"THE_SILENT","items_purchased":["Sling","Noxious Fumes","Leg Sweep","War Paint"],"campfire_rested":4,"item_purchase_floors":[7,7,7,24],"current_hp_per_floor":[33,33,33,19,36,57,57,47,47,47,47,47,28,18,46,22,67,62,50,50,50,47,18,18,18,18,13,13,37,15,4,28,0],"gold":257,"neow_bonus":"ONE_RARE_RELIC","is_prod":false,"is_daily":false,"chose_seed":false,"campfire_upgraded":1,"win_rate":0,"timestamp":1551736773,"path_taken":["M","?","$","?","?","R","?","E","T","?","R","M","E","M","R","BOSS","M","M","$","?","?","E","$","M","T","M","?","R","E","M","R","BOSS"],"build_version":"2019-01-23","purchased_purges":0,"victory":false,"max_hp_per_floor":[70,70,70,70,70,70,70,77,77,77,77,77,77,77,82,82,82,82,82,82,82,82,82,82,82,82,82,82,82,82,82,82,82],"card_choices":[{"not_picked":["Deflect","Reflex"],"picked":"Predator","floor":1},{"not_picked":["Tools of the Trade","Burst"],"picked":"Blur","floor":8},{"not_picked":["Underhanded Strike","Concentrate","Leg Sweep"],"picked":"SKIP","floor":10},{"not_picked":["Finisher","Distraction"],"picked":"Crippling Poison","floor":12},{"not_picked":["Deflect","Masterful Stab"],"picked":"Dagger Spray","floor":13},{"not_picked":["Deflect","Sucker Punch"],"picked":"Blade Dance","floor":14},{"not_picked":["Doppelganger","Unload"],"picked":"Glass Knife","floor":16},{"not_picked":["Expertise","Eviscerate","Quick Slash"],"picked":"SKIP","floor":18},{"not_picked":["Escape Plan","Predator+1"],"picked":"Dash+1","floor":19},{"not_picked":["Prepared","Expertise"],"picked":"Deflect+1","floor":22},{"not_picked":["Reflex+1","Masterful Stab","Quick Slash"],"picked":"SKIP","floor":23},{"not_picked":["Prepared+1","Masterful Stab","Riddle With Holes"],"picked":"SKIP","floor":25},{"not_picked":["All Out Attack+1","Footwork"],"picked":"Corpse Explosion","floor":27},{"not_picked":["Deadly Poison","Underhanded Strike"],"picked":"Die Die Die","floor":30},{"not_picked":["Distraction","Tactician","Deflect"],"picked":"SKIP","floor":31}],"player_experience":192649,"relics_obtained":[{"floor":8,"key":"Strawberry"},{"floor":9,"key":"Bottled Tornado"},{"floor":13,"key":"Incense Burner"},{"floor":23,"key":"Happy Flower"},{"floor":26,"key":"Vajra"},{"floor":30,"key":"Matryoshka"}],"event_choices":[{"damage_healed":0,"gold_gain":0,"player_choice":"Grow","damage_taken":0,"max_hp_gain":0,"max_hp_loss":0,"event_name":"Living Wall","floor":2,"gold_loss":0,"cards_upgraded":["Predator"]},{"damage_healed":0,"gold_gain":0,"player_choice":"Entered Light","damage_taken":14,"max_hp_gain":0,"max_hp_loss":0,"event_name":"Shining Light","floor":4,"gold_loss":0,"cards_upgraded":["Defend_G","Strike_G"]},{"damage_healed":17,"gold_gain":0,"player_choice":"Healed","damage_taken":0,"max_hp_gain":0,"max_hp_loss":0,"event_name":"The Cleric","floor":5,"gold_loss":35},{"cards_removed":["Grand Finale"],"damage_healed":0,"gold_gain":0,"player_choice":"Purged","damage_taken":0,"max_hp_gain":0,"max_hp_loss":0,"event_name":"Purifier","floor":21,"gold_loss":0},{"damage_healed":0,"gold_gain":0,"player_choice":"Traded Relic","damage_taken":0,"relics_obtained":["Nloth\u0027s Gift"],"max_hp_gain":0,"max_hp_loss":0,"event_name":"N\u0027loth","floor":28,"relics_lost":["Strawberry"],"gold_loss":0}],"is_beta":false,"boss_relics":[{"not_picked":["Fusion Hammer","Coffee Dripper"],"picked":"Pandora\u0027s Box"}],"items_purged_floors":[],"is_endless":false,"potions_floor_spawned":[1,12,14,19,23,31],"killed_by":"Collector","ascension_level":9}