{"gold_per_floor":[15,29,39,51,51,85,100,100,148,148,148,166,199,216,216,318,318,332,343,343,363,288,288,306,306,333,215,215,215,215,231,231,327,327,339,339,350,370,383,383,408,408,479,513,513,533,559,578,578,578,578,578,79,108,108],"floor_reached":56,"playtime":5090,"items_purged":[],"score":1525,"play_id":"ea02eea1-eeae-4da2-aea5-926edf32432d","local_time":"20181227150952","is_ascension_mode":true,"campfire_choices":[{"floor":8,"key":"REST"},{"data":"Bash","floor":10,"key":"SMITH"},{"data":"Clothesline","floor":15,"key":"SMITH"},{"data":"Barricade","floor":23,"key":"SMITH"},{"data":"Juggernaut","floor":28,"key":"SMITH"},{"data":"Metallicize","floor":30,"key":"SMITH"},{"data":"Evolve","floor":32,"key":"SMITH"},{"data":"Metallicize","floor":40,"key":"SMITH"},{"floor":42,"key":"REST"},{"floor":45,"key":"RECALL"},{"floor":49,"key":"REST"},{"data":"Uppercut","floor":52,"key":"SMITH"}],"neow_cost":"NO_GOLD","seed_source_timestamp":436943882798608,"circlet_count":0,"master_deck":["Strike_R+1","Defend_R","Defend_R","Defend_R","Bash+1","Clothesline+1","Carnage+1","Dropkick","Shrug It Off","Iron Wave","Metallicize+1","True Grit+1","Barricade+1","Cleave","Disarm+1","Armaments+1","Juggernaut+1","Carnage+1","Uppercut+1","Metallicize+1","Shrug It Off+1","Shockwave+1","Evolve+1","Offering+1","Entrench+1","Shrug It Off+1","Flame Barrier+1","Burning Pact+1","Rage+1","Disarm+1","Feel No Pain","Sadistic Nature"],"relics":["Burning Blood","Dodecahedron","Orichalcum","Toxic Egg 2","Snecko Eye","Bronze Scales","Sozu","Juzu Bracelet","Mummified Hand","Blood Vial","Letter Opener","Centennial Puzzle"],"potions_floor_usage":[12,13,18,24,24,33,55],"damage_taken":[{"damage":0,"enemies":"2 Louse","floor":1,"turns":3},{"damage":2,"enemies":"Jaw Worm","floor":2,"turns":4},{"damage":4,"enemies":"Cultist","floor":3,"turns":5},{"damage":22,"enemies":"Lots of Slimes","floor":4,"turns":4},{"damage":38,"enemies":"Lagavulin","floor":6,"turns":6},{"damage":1,"enemies":"Exordium Wildlife","floor":7,"turns":4},{"damage":1,"enemies":"3 Louse","floor":12,"turns":3},{"damage":10,"enemies":"3 Sentries","floor":13,"turns":8},{"damage":0,"enemies":"2 Fungi Beasts","floor":14,"turns":2},{"damage":36,"enemies":"Hexaghost","floor":16,"turns":10},{"damage":8,"enemies":"2 Thieves","floor":18,"turns":3},{"damage":0,"enemies":"Chosen","floor":19,"turns":4},{"damage":6,"enemies":"Snecko","floor":21,"turns":5},{"damage":0,"enemies":"Centurion and Healer","floor":24,"turns":5},{"damage":0,"enemies":"3 Cultists","floor":31,"turns":4},{"damage":19,"enemies":"Automaton","floor":33,"turns":7},{"damage":0,"enemies":"Orb Walker","floor":35,"turns":3},{"damage":8,"enemies":"3 Darklings","floor":37,"turns":3},{"damage":6,"enemies":"Maw","floor":38,"turns":10},{"damage":15,"enemies":"Spire Growth","floor":39,"turns":5},{"damage":6,"enemies":"Giant Head","floor":41,"turns":12},{"damage":20,"enemies":"Nemesis","floor":44,"turns":11},{"damage":6,"enemies":"Sphere and 2 Shapes","floor":46,"turns":3},{"damage":11,"enemies":"Giant Head","floor":47,"turns":9},{"damage":8,"enemies":"Maw","floor":48,"turns":6},{"damage":7,"enemies":"Time Eater","floor":50,"turns":11},{"damage":49,"enemies":"Shield and Spear","floor":54,"turns":6},{"damage":35,"enemies":"The Heart","floor":55,"turns":8}],"seed_played":"9077314432284682316","potions_obtained":[{"floor":3,"key":"EssenceOfSteel"},{"floor":4,"key":"EssenceOfSteel"},{"floor":7,"key":"GamblersBrew"},{"floor":12,"key":"SteroidPotion"},{"floor":16,"key":"AttackPotion"},{"floor":18,"key":"SkillPotion"},{"floor":19,"key":"Weak Potion"},{"floor":33,"key":"FearPotion"}],"is_trial":false,"path_per_floor":["M","M","M","M","?","E","M","R","T","R","?","M","E","M","R","B",null,"M","M","?","M","?","R","M","?","T","$","R","?","R","M","R","B",null,"M","?","M","M","M","R","E","R","T","E","R","M","E","M","R","B",null,"R","$","E","B",null],"character_chosen":"IRONCLAD","items_purchased":["Metallicize","Shrug It Off+1","Letter Opener","Feel No Pain","Sadistic Nature"],"campfire_rested":3,"item_purchase_floors":[27,27,53,53,53],"current_hp_per_floor":[78,80,80,64,48,16,21,45,45,45,45,50,46,52,52,22,66,64,70,70,70,70,70,76,76,76,76,76,76,76,80,80,67,77,80,80,78,78,69,69,69,80,80,66,66,66,61,61,80,79,80,80,80,37,10],"gold":108,"neow_bonus":"REMOVE_TWO","is_prod":false,"is_daily":false,"chose_seed":false,"campfire_upgraded":8,"win_rate":0,"timestamp":1545952192,"path_taken":["M","M","M","M","?","E","M","R","T","R","?","M","E","?","R","BOSS","M","?","?","M","?","R","M","?","T","$","R","?","R","M","R","BOSS","M","?","M","?","M","R","E","R","T","E","R","M","E","M","R","BOSS","R","$","E","BOSS"],"build_version":"2018-12-20","purchased_purges":0,"victory":true,"max_hp_per_floor":[80,80,80,80,80,80,80,80,80,80,80,80,80,80,80,80,80,80,80,80,80,80,80,80,80,80,80,80,80,80,80,80,80,80,80,80,80,80,80,80,80,80,80,80,80,80,80,80,80,80,80,80,80,80,80],"card_choices":[{"not_picked":["Headbutt","Cleave"],"picked":"Clothesline","floor":1},{"not_picked":["Rupture","Body Slam"],"picked":"Carnage","floor":2},{"not_picked":["Clash","Burning Pact"],"picked":"Dropkick","floor":3},{"not_picked":["Warcry","Body Slam"],"picked":"Shrug It Off","floor":4},{"not_picked":["Body Slam","Entrench"],"picked":"Anger","floor":6},{"not_picked":["Power Through","Havoc"],"picked":"Iron Wave","floor":7},{"not_picked":["Seeing Red","Sentinel"],"picked":"Metallicize","floor":12},{"not_picked":["Infernal Blade","Sever Soul","Headbutt"],"picked":"SKIP","floor":13},{"not_picked":["Iron Wave","Dark Embrace"],"picked":"True Grit+1","floor":14},{"not_picked":["Feed","Fiend Fire"],"picked":"Barricade","floor":16},{"not_picked":["Wild Strike","Flex+1"],"picked":"Cleave","floor":18},{"not_picked":["Heavy Blade","Anger"],"picked":"Disarm+1","floor":19},{"not_picked":["Inflame","Anger"],"picked":"Carnage+1","floor":21},{"not_picked":["Warcry+1","Fiend Fire"],"picked":"Uppercut","floor":24},{"not_picked":["Pommel Strike+1","Anger"],"picked":"Evolve","floor":31},{"not_picked":["Immolate","Juggernaut"],"picked":"Offering+1","floor":33},{"not_picked":["Twin Strike+1","Thunderclap+1"],"picked":"Entrench+1","floor":35},{"not_picked":["Twin Strike","Heavy Blade","Anger"],"picked":"SKIP","floor":37},{"not_picked":["Berserk","True Grit+1"],"picked":"Shrug It Off+1","floor":38},{"not_picked":["Armaments+1","Perfected Strike"],"picked":"Flame Barrier+1","floor":39},{"not_picked":["Armaments+1","Flex+1"],"picked":"Burning Pact+1","floor":41},{"not_picked":["Warcry+1","Seeing Red+1"],"picked":"Rage+1","floor":44},{"not_picked":["Headbutt","Second Wind+1"],"picked":"Disarm+1","floor":46},{"not_picked":["Thunderclap+1","Reaper","Armaments+1"],"picked":"SKIP","floor":47},{"not_picked":["Shrug It Off+1","Blood for Blood+1","Searing Blow+1"],"picked":"SKIP","floor":48},{"not_picked":["Bludgeon","Blood for Blood","True Grit+1"],"picked":"SKIP","floor":54}],"player_experience":147072,"relics_obtained":[{"floor":6,"key":"Dodecahedron"},{"floor":9,"key":"Orichalcum"},{"floor":13,"key":"Toxic Egg 2"},{"floor":26,"key":"Bronze Scales"},{"floor":41,"key":"Juzu Bracelet"},{"floor":44,"key":"Mummified Hand"},{"floor":47,"key":"Blood Vial"},{"floor":54,"key":"Centennial Puzzle"}],"event_choices":[{"damage_healed":0,"gold_gain":0,"player_choice":"Entered Light","damage_taken":16,"max_hp_gain":0,"max_hp_loss":0,"event_name":"Shining Light","floor":5,"gold_loss":0,"cards_upgraded":["Carnage","Strike_R"]},{"damage_healed":0,"gold_gain":0,"player_choice":"0 cards matched","damage_taken":0,"max_hp_gain":0,"max_hp_loss":0,"event_name":"Match and Keep!","floor":11,"gold_loss":0,"cards_obtained":[]},{"damage_healed":0,"gold_gain":0,"cards_transformed":["Anger","Strike_R"],"player_choice":"Became Test Subject","damage_taken":0,"max_hp_gain":0,"max_hp_loss":0,"event_name":"Drug Dealer","floor":20,"gold_loss":0,"cards_obtained":["Armaments","Juggernaut"]},{"cards_removed":["Strike_R"],"damage_healed":0,"gold_gain":0,"player_choice":"Gave Gold","damage_taken":0,"max_hp_gain":0,"max_hp_loss":0,"event_name":"Beggar","floor":22,"gold_loss":75},{"cards_removed":["Strike_R"],"damage_healed":0,"gold_gain":0,"player_choice":"Elegance","damage_taken":0,"max_hp_gain":0,"max_hp_loss":0,"event_name":"Back to Basics","floor":25,"gold_loss":0},{"damage_healed":0,"gold_gain":0,"player_choice":"Read","damage_taken":0,"max_hp_gain":0,"max_hp_loss":0,"event_name":"The Library","floor":29,"gold_loss":0,"cards_obtained":["Shockwave"]},{"damage_healed":0,"gold_gain":0,"player_choice":"Leave","damage_taken":0,"max_hp_gain":0,"max_hp_loss":0,"event_name":"FaceTrader","floor":36,"gold_loss":0}],"is_beta":false,"boss_relics":[{"not_picked":["Pandora\u0027s Box","Mark of Pain"],"picked":"Snecko Eye"},{"not_picked":["Lizard Tail","White Beast Statue"],"picked":"Sozu"}],"items_purged_floors":[],"is_endless":false,"potions_floor_spawned":[3,4,7,12,16,18,19,33,35,38,39,41,44,48,54],"ascension_level":6}