{"path_per_floor":["M","?","M","$","?","E","M","M","T","M","?","M","?","M","R","B",null,"M","?","?","M","?","E","?","M","T","$","M","R","E"],"character_chosen":"THE_SILENT","items_purchased":["Lee\u0027s Waffle","Pantograph"],"gold_per_floor":[112,112,125,125,125,152,166,176,202,218,218,237,296,307,307,410,410,423,423,423,438,438,468,468,478,532,98,113,113,142],"floor_reached":31,"campfire_rested":1,"playtime":1690,"current_hp_per_floor":[69,69,69,69,66,37,36,28,28,24,24,21,21,21,57,14,70,63,63,63,56,56,35,35,26,26,77,68,68,30],"items_purged":[],"gold":142,"score":277,"play_id":"2d51ea6b-1ff9-4ab0-a3c5-306ab8dde2e2","is_prod":false,"is_daily":false,"is_ascension_mode":false,"campfire_upgraded":1,"path_taken":["M","?","M","?","?","E","M","M","T","?","?","M","?","M","R","BOSS","M","?","?","M","?","E","?","M","T","$","M","R","E","?"],"build_version":"2018-02-08-PROD1","purchased_purges":0,"victory":false,"master_deck":["Defend_G","Defend_G","Defend_G","Defend_G","Defend_G","Strike_G","Strike_G","Strike_G","Strike_G","Strike_G","Survivor","Neutralize","Dodge and Roll","Dash","Backstab","Flying Knee","Deflect","Skewer+1","Dagger Throw","Flechettes","Night Terror+1","Flying Knee+1","Dagger Spray","Masterful Stab","Dark Shackles","All Out Attack+1","Venomology","Bane+1","Dagger Spray+1"],"max_hp_per_floor":[70,70,70,70,70,70,70,70,70,70,70,70,70,70,70,70,70,70,70,70,70,70,70,70,70,70,77,77,77,77],"relics":["Ring of the Snake","Omamori","Ice Cream","Regal Pillow","Oddly Smooth Stone","Velvet Choker","Dodecahedron","Molten Egg 2","Bronze Scales","Lee\u0027s Waffle","Pantograph","Snake Skull"],"card_choices":[{"not_picked":["Backflip","PiercingWail"],"picked":"Dodge and Roll"},{"not_picked":["Masterful Stab","Predator"],"picked":"Dash"},{"not_picked":["Doppelganger","Expertise"],"picked":"Backstab"},{"not_picked":["PiercingWail","Expertise"],"picked":"Flying Knee"},{"not_picked":["PiercingWail","Quick Slash"],"picked":"Deflect"},{"not_picked":["Flying Knee","Footwork"],"picked":"Skewer"},{"not_picked":["PiercingWail","Poisoned Stab"],"picked":"Dagger Throw"},{"not_picked":["Sucker Punch","Slice"],"picked":"Flechettes"},{"not_picked":["Envenom","Doppelganger"],"picked":"Night Terror"},{"not_picked":["Bane","Dagger Throw"],"picked":"Flying Knee"},{"not_picked":["Bane","PiercingWail"],"picked":"Dagger Spray"},{"not_picked":["Dagger Spray","Caltrops"],"picked":"All Out Attack"},{"not_picked":["Deflect","Outmaneuver"],"picked":"Venomology"},{"not_picked":["Outmaneuver","Crippling Poison"],"picked":"Bane"},{"not_picked":["Backflip","Noxious Fumes"],"picked":"Dagger Spray"}],"player_experience":15111,"potions_floor_usage":[14,16,16,16,23,25,28,30,30,30,31],"damage_taken":[{"damage":1,"enemies":"2 Louse","floor":1,"turns":3},{"damage":0,"enemies":"Blue Slaver","floor":3,"turns":6},{"damage":29,"enemies":"Gremlin Nob","floor":6,"turns":6},{"damage":1,"enemies":"Small Slimes","floor":7,"turns":3},{"damage":8,"enemies":"Exordium Thugs","floor":8,"turns":6},{"damage":4,"enemies":"2 Fungi Beasts","floor":10,"turns":4},{"damage":3,"enemies":"Lots of Slimes","floor":12,"turns":6},{"damage":0,"enemies":"Exordium Wildlife","floor":14,"turns":3},{"damage":43,"enemies":"The Guardian","floor":16,"turns":13},{"damage":7,"enemies":"Shell Parasite","floor":18,"turns":5},{"damage":7,"enemies":"3 Byrds","floor":21,"turns":7},{"damage":21,"enemies":"Book of Stabbing","floor":23,"turns":6},{"damage":9,"enemies":"Centurion and Healer","floor":25,"turns":6},{"damage":9,"enemies":"Snake Plant","floor":28,"turns":4},{"damage":44,"enemies":"Slavers","floor":30,"turns":5},{"damage":42,"enemies":"Cultist and Chosen","floor":31,"turns":6}],"event_choices":[{"event_name":"The Woman in Blue","player_choice":"Bought 0 Potions","floor":2,"damage_taken":0},{"event_name":"Scrap Ooze","player_choice":"success","floor":5,"damage_taken":3},{"event_name":"Living Wall","player_choice":"Grow","floor":11,"damage_taken":0},{"event_name":"Golden Wing","player_choice":"Gained Gold","floor":13,"damage_taken":0},{"event_name":"The Mausoleum","player_choice":"Yes","floor":19,"damage_taken":0},{"event_name":"Beggar","player_choice":"Ignored","floor":20,"damage_taken":0},{"event_name":"Match and Keep!","player_choice":"2 cards matched","floor":22,"damage_taken":0},{"event_name":"Drug Dealer","player_choice":"Ignored","floor":24,"damage_taken":0}],"boss_relics":[{"not_picked":["Orrery","Sozu"],"picked":"Velvet Choker"}],"potions_floor_spawned":[3,10,12,14,16,21,25,28,30],"seed_played":"7449898434780949676","killed_by":"Cultist and Chosen","ascension_level":0,"is_trial":false}