{"gold_per_floor":[117,72,72,87,33,65,76,76,76,95,106,118,118,137,137,234,234,252,351,365,382,382,382],"floor_reached":23,"playtime":999,"items_purged":[],"score":234,"play_id":"6328cd41-66a3-47f8-9ab6-57d51c84fb90","local_time":"20181225221426","is_ascension_mode":true,"campfire_choices":[{"data":"Berserk","floor":8,"key":"SMITH"},{"floor":15,"key":"REST"}],"neow_cost":"NONE","seed_source_timestamp":293738813556638,"circlet_count":0,"master_deck":["Strike_R","Strike_R","Strike_R","Strike_R","Strike_R","Defend_R","Defend_R","Defend_R+1","Defend_R","Bash","Berserk+1","Iron Wave","Cleave","Entrench","Cleave","Bludgeon","Iron Wave+1","Headbutt","Headbutt","Anger","Rage","Demon Form+1","Doubt","Decay","Doubt","Anger","Thunderclap","Pommel Strike","Rage"],"relics":["Burning Blood","FaceOfCleric","Ice Cream","Frozen Egg 2","Calling Bell","Vajra","Darkstone Periapt","Ginger"],"potions_floor_usage":[7,11,16,20,21],"damage_taken":[{"damage":3,"enemies":"2 Louse","floor":1,"turns":3},{"damage":4,"enemies":"Cultist","floor":4,"turns":3},{"damage":55,"enemies":"3 Sentries","floor":6,"turns":8},{"damage":0,"enemies":"Jaw Worm","floor":7,"turns":1},{"damage":11,"enemies":"3 Louse","floor":10,"turns":3},{"damage":9,"enemies":"Red Slaver","floor":11,"turns":3},{"damage":2,"enemies":"Looter","floor":12,"turns":4},{"damage":11,"enemies":"Lots of Slimes","floor":14,"turns":2},{"damage":9,"enemies":"Slime Boss","floor":16,"turns":8},{"damage":49,"enemies":"Shell Parasite","floor":18,"turns":5},{"damage":30,"enemies":"2 Thieves","floor":20,"turns":5},{"damage":0,"enemies":"Snake Plant","floor":21,"turns":2},{"damage":37,"enemies":"Slavers","floor":23,"turns":2}],"seed_played":"4457514457495476462","potions_obtained":[{"floor":6,"key":"Energy Potion"},{"floor":7,"key":"SkillPotion"},{"floor":10,"key":"Poison Potion"},{"floor":14,"key":"Block Potion"},{"floor":18,"key":"FearPotion"}],"is_trial":false,"path_per_floor":["M","$","?","M","$","E","M","R","T","M","M","M","?","M","R","B",null,"M","?","M","M","?","E"],"character_chosen":"IRONCLAD","items_purchased":["Cleave","Cleave"],"campfire_rested":1,"item_purchase_floors":[2,5],"current_hp_per_floor":[80,80,80,81,81,33,40,40,40,36,34,39,22,18,44,42,88,46,46,23,30,30,0],"gold":382,"neow_bonus":"ONE_RANDOM_RARE_CARD","is_prod":false,"is_daily":false,"chose_seed":false,"campfire_upgraded":1,"win_rate":0,"timestamp":1545804866,"path_taken":["M","$","?","M","$","E","M","R","T","?","M","M","?","M","R","BOSS","M","?","M","M","?","E"],"build_version":"2018-12-20","purchased_purges":0,"victory":false,"max_hp_per_floor":[80,80,80,81,81,82,83,83,83,84,85,86,86,87,87,88,88,89,89,90,91,91,91],"card_choices":[{"not_picked":["Sword Boomerang","Thunderclap"],"picked":"Iron Wave","floor":1},{"not_picked":["Warcry","Bloodletting"],"picked":"Entrench","floor":4},{"not_picked":["Cleave","Sword Boomerang"],"picked":"Bludgeon","floor":6},{"not_picked":["Flex","Sword Boomerang"],"picked":"Iron Wave","floor":7},{"not_picked":["Havoc","Armaments"],"picked":"Headbutt","floor":10},{"not_picked":["Flex","Berserk+1"],"picked":"Headbutt","floor":11},{"not_picked":["Headbutt","Sword Boomerang"],"picked":"Anger","floor":12},{"not_picked":["Pommel Strike","Twin Strike"],"picked":"Rage","floor":14},{"not_picked":["Juggernaut+1","Bludgeon"],"picked":"Demon Form+1","floor":16},{"not_picked":["Ghostly Armor+1","Pommel Strike+1"],"picked":"Anger","floor":18},{"not_picked":["Evolve+1","Warcry"],"picked":"Thunderclap","floor":20},{"not_picked":["Twin Strike+1","Flame Barrier"],"picked":"Pommel Strike","floor":21}],"player_experience":103476,"relics_obtained":[{"floor":6,"key":"Ice Cream"},{"floor":9,"key":"Frozen Egg 2"},{"floor":17,"key":"Vajra"},{"floor":17,"key":"Darkstone Periapt"},{"floor":17,"key":"Ginger"}],"event_choices":[{"damage_healed":0,"gold_gain":0,"player_choice":"Trade","damage_taken":0,"relics_obtained":["FaceOfCleric"],"max_hp_gain":0,"max_hp_loss":0,"event_name":"FaceTrader","floor":3,"gold_loss":0},{"damage_healed":0,"gold_gain":0,"player_choice":"Entered Light","damage_taken":17,"max_hp_gain":0,"max_hp_loss":0,"event_name":"Shining Light","floor":13,"gold_loss":0,"cards_upgraded":["Defend_R","Iron Wave"]},{"damage_healed":0,"gold_gain":99,"player_choice":"Stole From Cult","damage_taken":0,"max_hp_gain":0,"max_hp_loss":0,"event_name":"Nest","floor":19,"gold_loss":0},{"damage_healed":0,"gold_gain":0,"player_choice":"Copied","damage_taken":0,"max_hp_gain":0,"max_hp_loss":0,"event_name":"Duplicator","floor":22,"gold_loss":0,"cards_obtained":["Rage"]}],"is_beta":false,"boss_relics":[{"not_picked":["Runic Cube","Runic Dome"],"picked":"Calling Bell"}],"items_purged_floors":[],"is_endless":false,"potions_floor_spawned":[6,7,10,14,18],"killed_by":"Slavers","ascension_level":4}