{"gold_per_floor":[115,126,140,159,173,208,228,244,244,9,20,46,119,135,135,233,233,243,243,261,281,15,15,47,47,47,80,94,94,108,108,108,208,208,225,225,245,261,261,261,296,322,322,340,372,427,23,43,43,43],"floor_reached":50,"playtime":3963,"items_purged":["Doubt","Parasite"],"score":775,"play_id":"0761d71c-4ffb-4b53-bf4e-dba371b1e77b","local_time":"20190623162823","is_ascension_mode":true,"campfire_choices":[{"data":"Pommel Strike","floor":15,"key":"SMITH"},{"floor":23,"key":"REST"},{"floor":25,"key":"REST"},{"floor":29,"key":"REST"},{"floor":32,"key":"REST"},{"floor":40,"key":"REST"},{"floor":49,"key":"REST"}],"neow_cost":"NONE","seed_source_timestamp":57031822639900,"circlet_count":0,"master_deck":["Strike_R","Strike_R","Strike_R","Strike_R","Defend_R","Defend_R","Defend_R","Defend_R","Bash","Pommel Strike+1","Clothesline","Rage","Wild Strike","Shrug It Off","Havoc+1","True Grit+1","Clash","Sever Soul","Disarm+1","Power Through+1","Havoc+1","Demon Form","Rage+1","Necronomicurse","True Grit+1","Metallicize","Metallicize","Metallicize+1","Exhume+1","Whirlwind+1","Flame Barrier+1","Double Tap+1","Flex+1","Madness+1","Madness+1","Metallicize+1","Iron Wave+1","Sever Soul+1","Writhe","Pommel Strike+1","Bludgeon","Infernal Blade+1","Shrug It Off+1","Metallicize+1"],"relics":["Cursed Key","Toxic Egg 2","FossilizedHelix","Lee\u0027s Waffle","Boot","Velvet Choker","Necronomicon","Regal Pillow","Charon\u0027s Ashes","Smiling Mask","Blue Candle","Black Star","Unceasing Top","Mummified Hand","Omamori","Strawberry","Oddly Smooth Stone","Vajra","Incense Burner","StoneCalendar"],"potions_floor_usage":[12,16,21,24,33,33,41,46],"damage_taken":[{"damage":1,"enemies":"Cultist","floor":1,"turns":3},{"damage":4,"enemies":"2 Louse","floor":2,"turns":2},{"damage":4,"enemies":"Jaw Worm","floor":3,"turns":3},{"damage":2,"enemies":"2 Fungi Beasts","floor":4,"turns":3},{"damage":9,"enemies":"3 Louse","floor":5,"turns":4},{"damage":39,"enemies":"Gremlin Nob","floor":6,"turns":5},{"damage":8,"enemies":"Blue Slaver","floor":7,"turns":3},{"damage":0,"enemies":"Exordium Wildlife","floor":8,"turns":3},{"damage":0,"enemies":"3 Louse","floor":11,"turns":3},{"damage":19,"enemies":"3 Sentries","floor":12,"turns":8},{"damage":0,"enemies":"2 Fungi Beasts","floor":14,"turns":3},{"damage":10,"enemies":"Slime Boss","floor":16,"turns":11},{"damage":6,"enemies":"Shell Parasite","floor":18,"turns":5},{"damage":0,"enemies":"Spheric Guardian","floor":20,"turns":4},{"damage":11,"enemies":"Shelled Parasite and Fungi","floor":21,"turns":5},{"damage":41,"enemies":"Slavers","floor":24,"turns":6},{"damage":17,"enemies":"Gremlin Leader","floor":27,"turns":9},{"damage":3,"enemies":"Centurion and Healer","floor":28,"turns":5},{"damage":3,"enemies":"3 Cultists","floor":30,"turns":5},{"damage":38,"enemies":"Collector","floor":33,"turns":7},{"damage":8,"enemies":"3 Shapes","floor":35,"turns":4},{"damage":10,"enemies":"Orb Walker","floor":37,"turns":3},{"damage":0,"enemies":"Maw","floor":38,"turns":7},{"damage":0,"enemies":"Nemesis","floor":41,"turns":8},{"damage":41,"enemies":"3 Darklings","floor":44,"turns":9},{"damage":14,"enemies":"Reptomancer","floor":45,"turns":8},{"damage":20,"enemies":"2 Orb Walkers","floor":46,"turns":5},{"damage":19,"enemies":"Spire Growth","floor":48,"turns":6},{"damage":73,"enemies":"Time Eater","floor":50,"turns":11}],"seed_played":"-3452953636128937988","potions_obtained":[{"floor":5,"key":"PowerPotion"},{"floor":7,"key":"EssenceOfSteel"},{"floor":8,"key":"Explosive Potion"},{"floor":12,"key":"GamblersBrew"},{"floor":14,"key":"EssenceOfSteel"},{"floor":16,"key":"GamblersBrew"},{"floor":21,"key":"Swift Potion"},{"floor":28,"key":"Energy Potion"},{"floor":33,"key":"FairyPotion"},{"floor":37,"key":"FairyPotion"},{"floor":45,"key":"GamblersBrew"}],"is_trial":false,"path_per_floor":["M","M","M","M","M","E","M","M","T","$","M","E","?","M","R","B",null,"M","?","M","M","$","R","E","R","T","E","M","R","M","?","R","B",null,"M","?","M","M","?","R","E","T","T","M","E","?","$","M","R","B"],"character_chosen":"IRONCLAD","items_purchased":["Lee\u0027s Waffle","Sever Soul","Regal Pillow","Metallicize","StoneCalendar","Shrug It Off+1"],"campfire_rested":6,"item_purchase_floors":[10,10,22,22,47,47],"current_hp_per_floor":[79,75,71,69,60,21,13,13,13,87,87,68,68,68,68,58,87,81,65,65,54,54,87,46,87,87,70,67,87,84,67,92,54,92,84,72,62,62,62,92,92,92,99,58,44,24,24,5,48,0],"gold":43,"neow_bonus":"BOSS_RELIC","is_prod":false,"is_daily":false,"chose_seed":false,"campfire_upgraded":1,"win_rate":0,"timestamp":1561271303,"path_taken":["M","M","M","M","M","E","M","M","T","$","M","E","?","M","R","BOSS","M","?","M","M","?","R","E","R","T","E","M","R","M","?","R","BOSS","M","?","M","M","?","R","E","?","T","?","E","?","$","M","R","BOSS"],"build_version":"2019-01-23","purchased_purges":2,"victory":false,"max_hp_per_floor":[80,80,80,80,80,80,80,80,80,87,87,87,87,87,87,87,87,87,87,87,87,87,87,87,87,87,87,87,87,87,92,92,92,92,92,92,92,92,92,92,92,92,99,99,99,99,96,96,96,96],"card_choices":[{"not_picked":["Headbutt","Heavy Blade"],"picked":"Pommel Strike","floor":1},{"not_picked":["Warcry","Heavy Blade"],"picked":"Clothesline","floor":2},{"not_picked":["True Grit","Body Slam"],"picked":"Rage","floor":3},{"not_picked":["Offering","Warcry"],"picked":"Wild Strike","floor":4},{"not_picked":["Second Wind","Clash"],"picked":"Shrug It Off","floor":5},{"not_picked":["Warcry","Iron Wave"],"picked":"Havoc","floor":6},{"not_picked":["Pommel Strike","Blood for Blood"],"picked":"True Grit+1","floor":7},{"not_picked":["Sword Boomerang","Havoc+1"],"picked":"Clash","floor":8},{"not_picked":["Perfected Strike","Anger"],"picked":"Disarm+1","floor":11},{"not_picked":["Anger","Twin Strike"],"picked":"Power Through+1","floor":12},{"not_picked":["Clash","Intimidate+1"],"picked":"Havoc+1","floor":14},{"not_picked":["Juggernaut","Dark Embrace"],"picked":"Demon Form","floor":16},{"not_picked":["Sever Soul+1","Headbutt+1"],"picked":"Rage+1","floor":18},{"not_picked":["Clothesline","Searing Blow"],"picked":"True Grit+1","floor":20},{"not_picked":["Pommel Strike","Anger"],"picked":"Metallicize","floor":21},{"not_picked":["Iron Wave","Warcry+1"],"picked":"Metallicize+1","floor":24},{"not_picked":["Sword Boomerang+1","Flex+1"],"picked":"Exhume+1","floor":27},{"not_picked":["Clash","Battle Trance+1"],"picked":"Whirlwind+1","floor":28},{"not_picked":["Perfected Strike","Seeing Red+1"],"picked":"Flame Barrier+1","floor":30},{"not_picked":["Immolate","Juggernaut"],"picked":"Double Tap+1","floor":33},{"not_picked":["Clothesline","Pommel Strike+1"],"picked":"Flex+1","floor":35},{"not_picked":["Clash","Rage+1"],"picked":"Metallicize+1","floor":37},{"not_picked":["Perfected Strike","Headbutt"],"picked":"Iron Wave+1","floor":38},{"not_picked":["Hemokinesis+1","Second Wind+1"],"picked":"Sever Soul+1","floor":41},{"not_picked":["Flex+1","Fire Breathing"],"picked":"Pommel Strike+1","floor":44},{"not_picked":["Anger","Sword Boomerang"],"picked":"Bludgeon","floor":45},{"not_picked":["Anger+1","Flex+1"],"picked":"Infernal Blade+1","floor":46},{"not_picked":["Warcry+1","Burning Pact+1"],"picked":"Metallicize+1","floor":48}],"player_experience":140924,"relics_obtained":[{"floor":6,"key":"Toxic Egg 2"},{"floor":9,"key":"FossilizedHelix"},{"floor":12,"key":"Boot"},{"floor":19,"key":"Necronomicon"},{"floor":24,"key":"Charon\u0027s Ashes"},{"floor":26,"key":"Smiling Mask"},{"floor":27,"key":"Blue Candle"},{"floor":41,"key":"Unceasing Top"},{"floor":41,"key":"Mummified Hand"},{"floor":42,"key":"Omamori"},{"floor":43,"key":"Strawberry"},{"floor":45,"key":"Oddly Smooth Stone"},{"floor":45,"key":"Vajra"},{"floor":46,"key":"Incense Burner"}],"event_choices":[{"damage_healed":0,"gold_gain":73,"player_choice":"Gained Gold","damage_taken":0,"max_hp_gain":0,"max_hp_loss":0,"event_name":"Golden Wing","floor":13,"gold_loss":0},{"damage_healed":0,"gold_gain":0,"player_choice":"Obtained Book","damage_taken":16,"max_hp_gain":0,"max_hp_loss":0,"event_name":"Cursed Tome","floor":19,"gold_loss":0},{"damage_healed":0,"gold_gain":0,"player_choice":"Shed Blood","damage_taken":22,"max_hp_gain":5,"max_hp_loss":0,"event_name":"Forgotten Altar","floor":31,"gold_loss":0},{"damage_healed":0,"gold_gain":0,"player_choice":"Embrace Madness","damage_taken":12,"max_hp_gain":0,"max_hp_loss":0,"event_name":"Winding Halls","floor":36,"gold_loss":0,"cards_obtained":["Madness","Madness"]},{"cards_removed":["Strike_R"],"damage_healed":0,"gold_gain":0,"player_choice":"Removed Attack","damage_taken":0,"max_hp_gain":0,"max_hp_loss":0,"event_name":"Falling","floor":39,"gold_loss":0},{"damage_healed":0,"gold_gain":0,"player_choice":"Fight","damage_taken":0,"max_hp_gain":0,"max_hp_loss":0,"event_name":"Mysterious Sphere","floor":46,"gold_loss":0}],"is_beta":false,"boss_relics":[{"not_picked":["White Beast Statue","Snecko Eye"],"picked":"Velvet Choker"},{"not_picked":["Runic Cube","Busted Crown"],"picked":"Black Star"}],"items_purged_floors":[22,47],"is_endless":false,"potions_floor_spawned":[5,7,8,12,14,16,18,21,28,30,33,37,45],"killed_by":"Time Eater","ascension_level":4}