{"gold_per_floor":[217,232,72,90,110,110,160,160,187,187,217,117,130,142,142,217,217,196,196,206,206,206,206,220,220,299,316,342,352,352,267,267,267],"floor_reached":33,"playtime":1650,"items_purged":["Strike_G","Strike_G"],"score":469,"play_id":"bd057490-e60a-4d12-bef9-5966dc2c4f95","local_time":"20190621144317","is_ascension_mode":true,"campfire_choices":[{"data":"Neutralize","floor":6,"key":"SMITH"},{"data":"Dash","floor":8,"key":"SMITH"},{"data":"Noxious Fumes","floor":10,"key":"SMITH"},{"floor":15,"key":"REST"},{"floor":23,"key":"REST"},{"data":"Dagger Spray","floor":25,"key":"SMITH"},{"floor":30,"key":"REST"},{"data":"Envenom","floor":32,"key":"SMITH"}],"neow_cost":"NONE","seed_source_timestamp":765447381674305,"circlet_count":0,"master_deck":["AscendersBane","Defend_G+1","Defend_G+1","Defend_G+1","Defend_G+1","Defend_G+1","Strike_G+1","Strike_G+1","Strike_G+1","Survivor","Neutralize+1","Poisoned Stab","Noxious Fumes+1","Dash+1","Backstab","Deadly Poison","Bouncing Flask","Dagger Spray+1","Envenom+1","Deadly Poison"],"relics":["Ring of the Snake","Boot","Omamori","Velvet Choker","MutagenicStrength","Bottled Tornado","Smiling Mask","Dream Catcher"],"potions_floor_usage":[11,16,16,18,29,33],"damage_taken":[{"damage":1,"enemies":"Cultist","floor":1,"turns":5},{"damage":2,"enemies":"Jaw Worm","floor":2,"turns":6},{"damage":11,"enemies":"Small Slimes","floor":4,"turns":5},{"damage":1,"enemies":"Looter","floor":5,"turns":3},{"damage":27,"enemies":"3 Sentries","floor":11,"turns":7},{"damage":6,"enemies":"2 Fungi Beasts","floor":13,"turns":3},{"damage":0,"enemies":"Large Slime","floor":14,"turns":5},{"damage":16,"enemies":"The Guardian","floor":16,"turns":10},{"damage":14,"enemies":"2 Thieves","floor":18,"turns":4},{"damage":13,"enemies":"Shell Parasite","floor":20,"turns":5},{"damage":6,"enemies":"Cultist and Chosen","floor":24,"turns":5},{"damage":0,"enemies":"3 Cultists","floor":27,"turns":3},{"damage":12,"enemies":"Centurion and Healer","floor":29,"turns":3},{"damage":51,"enemies":"Collector","floor":33,"turns":6}],"seed_played":"1858972020864739716","potions_obtained":[{"floor":1,"key":"Strength Potion"},{"floor":11,"key":"SpeedPotion"},{"floor":14,"key":"Block Potion"},{"floor":16,"key":"Regen Potion"},{"floor":18,"key":"SteroidPotion"},{"floor":20,"key":"Explosive Potion"},{"floor":27,"key":"Energy Potion"}],"is_trial":false,"path_per_floor":["M","M","$","M","M","R","?","R","T","R","E","$","M","M","R","B",null,"M","?","M","?","?","R","M","R","T","M","T","M","R","?","R","B"],"character_chosen":"THE_SILENT","items_purchased":["Noxious Fumes"],"campfire_rested":3,"item_purchase_floors":[3],"current_hp_per_floor":[58,56,56,45,44,44,38,38,38,38,11,11,5,5,24,8,52,52,34,21,21,21,42,36,36,36,36,36,24,45,45,45,0],"gold":267,"neow_bonus":"HUNDRED_GOLD","is_prod":false,"is_daily":false,"chose_seed":false,"campfire_upgraded":5,"win_rate":0,"timestamp":1561099397,"path_taken":["M","M","$","?","M","R","?","R","T","R","E","$","M","M","R","BOSS","M","?","M","?","?","R","M","R","T","M","?","M","R","?","R","BOSS"],"build_version":"2019-01-23","purchased_purges":2,"victory":false,"max_hp_per_floor":[66,66,66,66,66,66,66,66,66,66,66,66,66,66,66,66,66,66,71,71,71,71,71,71,71,71,71,71,71,71,71,71,71],"card_choices":[{"not_picked":["Masterful Stab","Outmaneuver","Concentrate"],"picked":"SKIP","floor":1},{"not_picked":["All Out Attack","Flying Knee"],"picked":"Poisoned Stab","floor":2},{"not_picked":["Sucker Punch","Acrobatics"],"picked":"Dash","floor":4},{"not_picked":["Quick Slash","Setup","Predator"],"picked":"SKIP","floor":5},{"not_picked":["Predator","Sucker Punch","Masterful Stab"],"picked":"SKIP","floor":11},{"not_picked":["Predator","Blade Dance"],"picked":"Backstab","floor":13},{"not_picked":["Finisher","PiercingWail","Skewer"],"picked":"SKIP","floor":14},{"not_picked":["Choke","Reflex"],"picked":"Deadly Poison","floor":18},{"not_picked":["Quick Slash","Deadly Poison"],"picked":"Bouncing Flask","floor":20},{"not_picked":["All Out Attack","Setup"],"picked":"Dagger Spray","floor":24},{"not_picked":["Dagger Throw","Sucker Punch"],"picked":"Envenom","floor":27},{"not_picked":["Blade Dance+1","Expertise"],"picked":"Deadly Poison","floor":29}],"player_experience":945664,"relics_obtained":[{"floor":9,"key":"Boot"},{"floor":11,"key":"Omamori"},{"floor":26,"key":"Bottled Tornado"},{"floor":28,"key":"Smiling Mask"}],"event_choices":[{"damage_healed":0,"gold_gain":50,"player_choice":"Touch","damage_taken":6,"max_hp_gain":0,"max_hp_loss":0,"event_name":"FaceTrader","floor":7,"gold_loss":0},{"damage_healed":0,"gold_gain":0,"player_choice":"Shed Blood","damage_taken":23,"max_hp_gain":5,"max_hp_loss":0,"event_name":"Forgotten Altar","floor":19,"gold_loss":0},{"damage_healed":0,"gold_gain":0,"player_choice":"Simplicity","damage_taken":0,"max_hp_gain":0,"max_hp_loss":0,"event_name":"Back to Basics","floor":21,"gold_loss":0,"cards_upgraded":["Defend_G","Defend_G","Defend_G","Defend_G","Defend_G","Strike_G","Strike_G","Strike_G"]},{"damage_healed":0,"gold_gain":0,"player_choice":"Inject Mutagens","damage_taken":0,"relics_obtained":["MutagenicStrength"],"max_hp_gain":0,"max_hp_loss":0,"event_name":"Drug Dealer","floor":22,"gold_loss":0},{"damage_healed":0,"gold_gain":0,"player_choice":"Obtained Relic","damage_taken":0,"relics_obtained":["Dream Catcher"],"max_hp_gain":0,"max_hp_loss":0,"event_name":"Addict","floor":31,"gold_loss":85}],"is_beta":false,"boss_relics":[{"not_picked":["Astrolabe","Calling Bell"],"picked":"Velvet Choker"}],"items_purged_floors":[3,12],"is_endless":false,"potions_floor_spawned":[1,11,14,16,18,20,27],"killed_by":"Collector","ascension_level":18}