{"gold_per_floor":[111,286,296,296,316,316,316,316,316,329,26,26,72,88,88,190,190,163,36,51,78,110,110,128,128],"floor_reached":25,"playtime":1620,"items_purged":[],"score":262,"play_id":"253467b3-503a-4327-a5b5-d364db889063","local_time":"20181022170130","is_ascension_mode":true,"campfire_choices":[{"data":"Footwork","floor":6,"key":"SMITH"},{"floor":12,"key":"REST"},{"data":"Footwork","floor":15,"key":"SMITH"},{"floor":23,"key":"REST"}],"neow_cost":"NONE","seed_source_timestamp":4527796305044,"circlet_count":0,"master_deck":["Defend_G","Defend_G","Defend_G","Defend_G","Defend_G","Strike_G","Strike_G","Strike_G","Strike_G","Strike_G","Survivor","Neutralize","Storm of Steel","Poisoned Stab","Footwork+1","Outmaneuver","Catalyst","Footwork+1","Backflip","Magnetism","Cloak And Dagger","Blade Dance","Tools of the Trade","Cloak And Dagger","Noxious Fumes","Backflip","Accuracy+1","Leg Sweep"],"relics":["Ring of the Serpent","Letter Opener","Question Card","Oddly Smooth Stone","Boot"],"potions_floor_usage":[14,18,18,22,25],"damage_taken":[{"damage":3,"enemies":"Jaw Worm","floor":1,"turns":6},{"damage":1,"enemies":"Small Slimes","floor":3,"turns":4},{"damage":0,"enemies":"2 Louse","floor":5,"turns":2},{"damage":1,"enemies":"Blue Slaver","floor":10,"turns":5},{"damage":0,"enemies":"Lagavulin","floor":13,"turns":8},{"damage":2,"enemies":"3 Louse","floor":14,"turns":5},{"damage":19,"enemies":"The Guardian","floor":16,"turns":13},{"damage":25,"enemies":"2 Thieves","floor":18,"turns":5},{"damage":12,"enemies":"3 Byrds","floor":20,"turns":6},{"damage":31,"enemies":"Snecko","floor":22,"turns":9},{"damage":23,"enemies":"Chosen and Byrds","floor":24,"turns":10},{"damage":11,"enemies":"Centurion and Healer","floor":25,"turns":5}],"seed_played":"6842878246397151147","potions_obtained":[{"floor":3,"key":"SteroidPotion"},{"floor":13,"key":"Block Potion"},{"floor":14,"key":"GamblersBrew"},{"floor":18,"key":"Fruit Juice"},{"floor":24,"key":"Poison Potion"}],"is_trial":false,"path_per_floor":["M","?","M","?","M","R","?","?","T","M","$","R","E","M","R","B",null,"M","$","M","T","M","R","M"],"character_chosen":"THE_SILENT","items_purchased":["Footwork","Backflip","Magnetism","Noxious Fumes","Backflip"],"campfire_rested":2,"item_purchase_floors":[11,11,11,19,19],"current_hp_per_floor":[67,67,66,59,59,59,41,41,41,40,40,61,61,59,59,40,70,50,50,38,38,7,29,6,0],"gold":128,"neow_bonus":"ONE_RANDOM_RARE_CARD","is_prod":false,"is_daily":false,"chose_seed":false,"campfire_upgraded":2,"win_rate":0,"timestamp":1540238490,"path_taken":["M","?","M","?","M","R","?","?","T","M","$","R","E","M","R","BOSS","M","$","M","?","M","R","M","M"],"build_version":"2018-10-18","purchased_purges":0,"victory":false,"max_hp_per_floor":[70,70,70,70,70,70,70,70,70,70,70,70,70,70,70,70,70,75,75,75,75,75,75,75,75],"card_choices":[{"not_picked":["Dagger Spray","Slice"],"picked":"Poisoned Stab","floor":1},{"not_picked":["Bouncing Flask","Slice"],"picked":"Footwork","floor":3},{"not_picked":["PiercingWail","Prepared"],"picked":"Outmaneuver","floor":5},{"not_picked":["Underhanded Strike","Eviscerate","Dagger Throw"],"picked":"Catalyst","floor":10},{"not_picked":["Poisoned Stab","Flechettes","Die Die Die"],"picked":"Cloak And Dagger","floor":13},{"not_picked":["Backflip","Bane","Deadly Poison"],"picked":"Blade Dance","floor":14},{"not_picked":["Glass Knife","Doppelganger","Malaise"],"picked":"Tools of the Trade","floor":16},{"not_picked":["Predator","PiercingWail","Flying Knee"],"picked":"Cloak And Dagger","floor":18},{"not_picked":["Slice","Tactician","Endless Agony","Reflex"],"picked":"SKIP","floor":20},{"not_picked":["Poisoned Stab","Cloak And Dagger+1","Tactician"],"picked":"Accuracy+1","floor":22},{"not_picked":["Blur","Reflex+1","Sucker Punch"],"picked":"Leg Sweep","floor":24}],"player_experience":177629,"relics_obtained":[{"floor":9,"key":"Question Card"},{"floor":13,"key":"Oddly Smooth Stone"},{"floor":21,"key":"Boot"}],"event_choices":[{"damage_healed":0,"gold_gain":175,"player_choice":"AGREE","damage_taken":0,"max_hp_gain":0,"max_hp_loss":0,"event_name":"Liars Game","floor":2,"gold_loss":0,"cards_obtained":["Doubt"]},{"cards_removed":["Doubt"],"damage_healed":0,"gold_gain":0,"player_choice":"Card Removal","damage_taken":7,"max_hp_gain":0,"max_hp_loss":0,"event_name":"Golden Wing","floor":4,"gold_loss":0},{"damage_healed":0,"gold_gain":0,"player_choice":"Success","damage_taken":18,"relics_obtained":["Letter Opener"],"max_hp_gain":0,"max_hp_loss":0,"event_name":"Scrap Ooze","floor":7,"gold_loss":0},{"damage_healed":0,"gold_gain":0,"player_choice":"Ignored","damage_taken":0,"max_hp_gain":0,"max_hp_loss":0,"event_name":"Shining Light","floor":8,"gold_loss":0}],"is_beta":false,"boss_relics":[{"not_picked":["Busted Crown","White Beast Statue"],"picked":"Ring of the Serpent"}],"items_purged_floors":[],"is_endless":false,"potions_floor_spawned":[3,13,14,18,24],"killed_by":"Centurion and Healer","ascension_level":3}