{"gold_per_floor":[114,114,189,201,214,214,241,305,305,316,333,333,350,44,44,142,192,210,210,309,321,321,321,353,382,382,382,396,396,128,128,128,232,232,250,250,269,73,73,102,102,133,158,158,380,380,394,394,394,394],"floor_reached":51,"playtime":4323,"items_purged":[],"score":831,"play_id":"661c0e2a-f5c6-45f1-84ca-74478fbfa12f","local_time":"20190117002342","is_ascension_mode":true,"campfire_choices":[{"floor":6,"key":"REST"},{"floor":12,"key":"REST"},{"floor":15,"key":"REST"},{"floor":23,"key":"REST"},{"floor":29,"key":"REST"},{"floor":32,"key":"REST"},{"floor":41,"key":"RECALL"},{"data":"Blur","floor":44,"key":"SMITH"},{"floor":49,"key":"REST"}],"neow_cost":"NONE","seed_source_timestamp":675766158892275,"circlet_count":0,"master_deck":["Defend_G+1","Defend_G+1","Defend_G+1","Defend_G+1","Defend_G+1","Strike_G+1","Strike_G+1","Strike_G+1","Strike_G+1","Strike_G+1","Survivor+1","Neutralize+1","Cloak And Dagger+1","Acrobatics+1","Dash+1","Backstab+1","Footwork+1","Footwork+1","Infinite Blades+1","Poisoned Stab+1","Sucker Punch+1","Corpse Explosion+1","Blade Dance+1","Leg Sweep+1","Terror+1","Accuracy+1","Slice+1","Tools of the Trade+1","Cloak And Dagger+1","Backstab+1","Infinite Blades+1","Blur+1"],"relics":["Ring of the Snake","Ginger","Ice Cream","War Paint","Pantograph","Matryoshka","Tiny House","Omamori","Red Mask","Juzu Bracelet","Mercury Hourglass","Whetstone","Tiny Chest","Nilry\u0027s Codex","White Beast Statue","Lee\u0027s Waffle","Mark of the Bloom","PreservedInsect","Ancient Tea Set","Vajra","Lantern","Gremlin Horn"],"potions_floor_usage":[8,16,21,21,28,33,37,40,42,50,50],"damage_taken":[{"damage":0,"enemies":"2 Louse","floor":1,"turns":4},{"damage":0,"enemies":"Small Slimes","floor":4,"turns":3},{"damage":0,"enemies":"Jaw Worm","floor":5,"turns":4},{"damage":38,"enemies":"Lagavulin","floor":7,"turns":15},{"damage":25,"enemies":"3 Sentries","floor":8,"turns":10},{"damage":0,"enemies":"Looter","floor":10,"turns":4},{"damage":0,"enemies":"2 Fungi Beasts","floor":11,"turns":4},{"damage":0,"enemies":"3 Louse","floor":13,"turns":3},{"damage":23,"enemies":"The Guardian","floor":16,"turns":15},{"damage":13,"enemies":"Chosen","floor":18,"turns":6},{"damage":11,"enemies":"3 Byrds","floor":21,"turns":7},{"damage":58,"enemies":"Gremlin Leader","floor":24,"turns":9},{"damage":2,"enemies":"Masked Bandits","floor":25,"turns":2},{"damage":24,"enemies":"Snake Plant","floor":28,"turns":5},{"damage":14,"enemies":"Champ","floor":33,"turns":11},{"damage":11,"enemies":"3 Shapes","floor":35,"turns":4},{"damage":32,"enemies":"3 Darklings","floor":37,"turns":5},{"damage":0,"enemies":"Reptomancer","floor":40,"turns":7},{"damage":0,"enemies":"Nemesis","floor":42,"turns":3},{"damage":1,"enemies":"Writhing Mass","floor":47,"turns":6},{"damage":46,"enemies":"Donu and Deca","floor":50,"turns":6}],"seed_played":"8506412645314058157","potions_obtained":[{"floor":7,"key":"Energy Potion"},{"floor":8,"key":"Energy Potion"},{"floor":10,"key":"SkillPotion"},{"floor":17,"key":"Swift Potion"},{"floor":24,"key":"FairyPotion"},{"floor":25,"key":"Regen Potion"},{"floor":28,"key":"Regen Potion"},{"floor":35,"key":"Poison Potion"},{"floor":37,"key":"PowerPotion"},{"floor":40,"key":"SkillPotion"},{"floor":42,"key":"Regen Potion"},{"floor":47,"key":"SkillPotion"}],"is_trial":false,"path_per_floor":["M","?","?","M","M","R","E","?","T","M","M","R","M","$","R","B",null,"M","?","?","M","?","R","E","?","T","?","M","R","$","?","R","B",null,"M","?","M","$","?","E","R","E","T","R","?","T","M","T","R","B",null],"character_chosen":"THE_SILENT","items_purchased":["Matryoshka","Sucker Punch","Whetstone","Tiny Chest","Lee\u0027s Waffle"],"campfire_rested":7,"item_purchase_floors":[14,14,30,30,38],"current_hp_per_floor":[70,63,52,52,52,70,32,7,7,7,7,28,28,28,49,47,75,62,62,62,51,51,73,15,13,13,13,3,25,25,9,31,57,75,64,64,32,82,82,82,82,82,82,82,82,82,81,81,81,35],"gold":394,"neow_bonus":"UPGRADE_CARD","is_prod":false,"is_daily":false,"chose_seed":false,"campfire_upgraded":1,"win_rate":0,"timestamp":1547702622,"path_taken":["M","?","?","M","M","R","E","?","T","M","M","R","M","?","R","BOSS","M","?","?","M","?","R","E","?","T","?","M","R","?","?","R","BOSS","M","?","M","$","?","E","R","E","T","R","?","?","M","?","R","BOSS"],"build_version":"2019-01-10","purchased_purges":0,"victory":true,"max_hp_per_floor":[70,70,70,70,70,70,70,70,70,70,70,70,70,70,70,70,75,75,75,75,75,75,75,75,75,75,75,75,75,75,75,75,75,75,75,75,75,82,82,82,82,82,82,82,82,82,82,82,82,82],"card_choices":[{"not_picked":["Dodge and Roll","Quick Slash"],"picked":"Cloak And Dagger","floor":1},{"not_picked":["Deflect","Expertise"],"picked":"Acrobatics","floor":4},{"not_picked":["Catalyst","Bane"],"picked":"Dash","floor":5},{"not_picked":["Dodge and Roll","Deadly Poison"],"picked":"Backstab","floor":7},{"not_picked":["Sucker Punch","Cloak And Dagger"],"picked":"Footwork","floor":8},{"not_picked":["Riddle With Holes","Flying Knee"],"picked":"Footwork","floor":10},{"not_picked":["Backflip","Flying Knee"],"picked":"Infinite Blades","floor":11},{"not_picked":["Choke","Underhanded Strike"],"picked":"Poisoned Stab","floor":13},{"not_picked":["Phantasmal Killer","Burst"],"picked":"Corpse Explosion","floor":16},{"not_picked":["Bane","Distraction"],"picked":"Blade Dance","floor":17},{"not_picked":["Flechettes","Flying Knee","Reflex"],"picked":"SKIP","floor":18},{"not_picked":["Flying Knee","Underhanded Strike"],"picked":"Terror","floor":21},{"not_picked":["Malaise","PiercingWail"],"picked":"Accuracy","floor":24},{"not_picked":["Deflect+1","Acrobatics"],"picked":"Slice","floor":25},{"not_picked":["Deflect","Heel Hook","Catalyst"],"picked":"SKIP","floor":28},{"not_picked":["Doppelganger","Wraith Form v2"],"picked":"Tools of the Trade","floor":33},{"not_picked":["Deflect","Concentrate"],"picked":"Cloak And Dagger","floor":35},{"not_picked":["Flying Knee+1","Dodge and Roll+1"],"picked":"Infinite Blades","floor":37},{"not_picked":["Sucker Punch","Quick Slash+1","A Thousand Cuts"],"picked":"SKIP","floor":40},{"not_picked":["Deflect","Dagger Throw"],"picked":"Blur","floor":42},{"not_picked":["Flying Knee","Leg Sweep","Masterful Stab"],"picked":"SKIP","floor":47}],"player_experience":74922,"relics_obtained":[{"floor":7,"key":"Ice Cream"},{"floor":8,"key":"War Paint"},{"floor":9,"key":"Pantograph"},{"floor":24,"key":"Omamori"},{"floor":25,"key":"Red Mask"},{"floor":26,"key":"Juzu Bracelet"},{"floor":26,"key":"Mercury Hourglass"},{"floor":31,"key":"Nilry\u0027s Codex"},{"floor":40,"key":"PreservedInsect"},{"floor":42,"key":"Ancient Tea Set"},{"floor":43,"key":"Vajra"},{"floor":43,"key":"Lantern"},{"floor":48,"key":"Gremlin Horn"}],"event_choices":[{"damage_healed":0,"gold_gain":0,"player_choice":"Success","damage_taken":7,"relics_obtained":["Ginger"],"max_hp_gain":0,"max_hp_loss":0,"event_name":"Scrap Ooze","floor":2,"gold_loss":0},{"damage_healed":0,"gold_gain":75,"player_choice":"Gather Gold","damage_taken":11,"max_hp_gain":0,"max_hp_loss":0,"event_name":"World of Goop","floor":3,"gold_loss":0},{"damage_healed":0,"gold_gain":0,"player_choice":"Searched \u00271\u0027 times","damage_taken":0,"max_hp_gain":0,"max_hp_loss":0,"event_name":"Dead Adventurer","floor":8,"gold_loss":0},{"damage_healed":0,"gold_gain":0,"player_choice":"Read","damage_taken":0,"max_hp_gain":0,"max_hp_loss":0,"event_name":"The Library","floor":19,"gold_loss":0,"cards_obtained":["Leg Sweep"]},{"damage_healed":0,"gold_gain":99,"player_choice":"Stole From Cult","damage_taken":0,"max_hp_gain":0,"max_hp_loss":0,"event_name":"Nest","floor":20,"gold_loss":0},{"damage_healed":0,"gold_gain":0,"player_choice":"Ignored","damage_taken":0,"max_hp_gain":0,"max_hp_loss":0,"event_name":"Ghosts","floor":22,"gold_loss":0},{"damage_healed":0,"gold_gain":0,"player_choice":"Fought Bandits","damage_taken":0,"max_hp_gain":0,"max_hp_loss":0,"event_name":"Masked Bandits","floor":25,"gold_loss":0},{"damage_healed":0,"gold_gain":0,"player_choice":"Upgraded","damage_taken":0,"max_hp_gain":0,"max_hp_loss":0,"event_name":"Upgrade Shrine","floor":27,"gold_loss":0,"cards_upgraded":["Terror"]},{"damage_healed":0,"gold_gain":0,"player_choice":"Obtained Book","damage_taken":16,"max_hp_gain":0,"max_hp_loss":0,"event_name":"Cursed Tome","floor":31,"gold_loss":0},{"damage_healed":0,"gold_gain":0,"player_choice":"Copied","damage_taken":0,"max_hp_gain":0,"max_hp_loss":0,"event_name":"Duplicator","floor":36,"gold_loss":0,"cards_obtained":["Backstab"]},{"damage_healed":0,"gold_gain":0,"player_choice":"Upgrade","damage_taken":0,"relics_obtained":["Mark of the Bloom"],"max_hp_gain":0,"max_hp_loss":0,"event_name":"MindBloom","floor":39,"gold_loss":0,"cards_upgraded":["Defend_G","Defend_G","Defend_G","Defend_G","Strike_G","Strike_G","Strike_G","Survivor","Cloak And Dagger","Dash","Backstab","Footwork","Footwork","Infinite Blades","Sucker Punch","Corpse Explosion","Blade Dance","Leg Sweep","Accuracy","Slice","Tools of the Trade","Cloak And Dagger","Backstab","Infinite Blades"]},{"damage_healed":0,"gold_gain":222,"player_choice":"Wore Mask","damage_taken":0,"max_hp_gain":0,"max_hp_loss":0,"event_name":"Tomb of Lord Red Mask","floor":45,"gold_loss":0}],"is_beta":false,"boss_relics":[{"not_picked":["Runic Dome","Sozu"],"picked":"Tiny House"},{"not_picked":["Runic Pyramid","Orrery"],"picked":"White Beast Statue"}],"items_purged_floors":[],"is_endless":false,"potions_floor_spawned":[7,8,10,24,25,28,35,37,40,42,47],"ascension_level":1}