{"gold_per_floor":[118,132,132,132,7,42,42,78,78,103,103,141,106,140,140,265,265,285,215,234,247,247,247,247,267,267,267],"floor_reached":27,"playtime":1258,"items_purged":["Regret"],"score":275,"play_id":"29c4b96f-65c1-4fc1-a22a-fd357ce5c3a6","local_time":"20190330145637","is_ascension_mode":true,"campfire_choices":[{"floor":7,"key":"REST"},{"floor":11,"key":"REST"},{"data":"Zap","floor":15,"key":"SMITH"},{"floor":23,"key":"REST"}],"neow_cost":"NONE","seed_source_timestamp":1460514233538798,"circlet_count":0,"master_deck":["Strike_B","Defend_B","Defend_B","Defend_B","Defend_B","Zap+1","Dualcast","Sunder","Glacier","Injury","Coolheaded","Conserve Battery","Compile Driver","Go for the Eyes","Go for the Eyes","Double Energy","Conserve Battery","Biased Cognition","Melter+1","Double Energy+1","Fusion+1","Reprogram","Defragment","Cold Snap+1","Loop+1","Self Repair+1","Hologram"],"relics":["Cracked Core","Happy Flower","Bloody Idol","Pear","Potion Belt","Dream Catcher","DataDisk","Bag of Marbles","PreservedInsect","Astrolabe","SsserpentHead","Darkstone Periapt"],"potions_floor_usage":[16,21,21,25],"damage_taken":[{"damage":7,"enemies":"2 Louse","floor":1,"turns":2},{"damage":2,"enemies":"Jaw Worm","floor":2,"turns":3},{"damage":26,"enemies":"Gremlin Nob","floor":6,"turns":5},{"damage":36,"enemies":"Lagavulin","floor":8,"turns":9},{"damage":0,"enemies":"Cultist","floor":10,"turns":2},{"damage":8,"enemies":"3 Sentries","floor":12,"turns":8},{"damage":1,"enemies":"Gremlin Nob","floor":14,"turns":5},{"damage":21,"enemies":"Hexaghost","floor":16,"turns":15},{"damage":41,"enemies":"3 Byrds","floor":18,"turns":6},{"damage":23,"enemies":"Chosen","floor":20,"turns":7},{"damage":19,"enemies":"Snake Plant","floor":21,"turns":4},{"damage":11,"enemies":"Chosen and Byrds","floor":25,"turns":10},{"damage":46,"enemies":"Slavers","floor":27,"turns":3}],"seed_played":"-2543765256980557776","potions_obtained":[{"floor":1,"key":"Poison Potion"},{"floor":8,"key":"Fire Potion"},{"floor":10,"key":"Regen Potion"},{"floor":12,"key":"SkillPotion"}],"is_trial":false,"path_per_floor":["M","M","?","?","$","E","R","E","T","M","R","E","?","E","R","B",null,"M","$","M","M","?","R","?","M","T","E"],"character_chosen":"DEFECT","items_purchased":["Coolheaded","Defragment"],"campfire_rested":3,"item_purchase_floors":[5,19],"current_hp_per_floor":[68,66,66,76,76,50,75,39,39,39,64,56,77,76,76,55,85,44,44,21,14,14,39,39,43,43,0],"gold":267,"neow_bonus":"RANDOM_COMMON_RELIC","is_prod":false,"is_daily":false,"chose_seed":false,"campfire_upgraded":1,"win_rate":0,"timestamp":1553972197,"path_taken":["M","M","?","?","$","E","R","E","T","M","R","E","?","E","R","BOSS","M","$","M","M","?","R","?","M","T","E"],"build_version":"2019-01-23","purchased_purges":1,"victory":false,"max_hp_per_floor":[75,75,75,85,85,85,85,85,85,85,85,85,85,85,85,85,85,85,85,85,85,85,85,85,85,85,85],"card_choices":[{"not_picked":["Static Discharge","Turbo"],"picked":"Sunder","floor":1},{"not_picked":["Beam Cell","Rebound"],"picked":"Glacier","floor":2},{"not_picked":["Beam Cell","Turbo"],"picked":"Conserve Battery","floor":6},{"not_picked":["Steam Power","Conserve Battery"],"picked":"Compile Driver","floor":8},{"not_picked":["Fission","Ball Lightning"],"picked":"Go for the Eyes","floor":10},{"not_picked":["Static Discharge","Chaos"],"picked":"Go for the Eyes","floor":11},{"not_picked":["Static Discharge","Aggregate"],"picked":"Double Energy","floor":12},{"not_picked":["Barrage","Auto Shields"],"picked":"Conserve Battery","floor":14},{"not_picked":["Fission","Seek"],"picked":"Biased Cognition","floor":16},{"not_picked":["Streamline","Gash+1"],"picked":"Reprogram","floor":18},{"not_picked":["Conserve Battery+1","Undo"],"picked":"Cold Snap+1","floor":20},{"not_picked":["Heatsinks","Gash"],"picked":"Loop+1","floor":21},{"not_picked":["Lockon+1","Sweeping Beam"],"picked":"Self Repair+1","floor":23},{"not_picked":["Redo+1","Double Energy"],"picked":"Hologram","floor":25}],"player_experience":437125,"relics_obtained":[{"floor":6,"key":"Potion Belt"},{"floor":8,"key":"Dream Catcher"},{"floor":9,"key":"DataDisk"},{"floor":12,"key":"Bag of Marbles"},{"floor":14,"key":"PreservedInsect"},{"floor":26,"key":"Darkstone Periapt"}],"event_choices":[{"damage_healed":0,"gold_gain":0,"player_choice":"Take Wound","damage_taken":0,"relics_obtained":["Golden Idol"],"max_hp_gain":0,"max_hp_loss":0,"event_name":"Golden Idol","floor":3,"gold_loss":0,"cards_obtained":["Injury"]},{"damage_healed":0,"gold_gain":0,"player_choice":"Box","damage_taken":0,"relics_obtained":["Pear"],"max_hp_gain":0,"max_hp_loss":0,"event_name":"Big Fish","floor":4,"gold_loss":0,"cards_obtained":["Regret"]},{"damage_healed":21,"gold_gain":0,"player_choice":"Healed","damage_taken":0,"max_hp_gain":0,"max_hp_loss":0,"event_name":"The Cleric","floor":13,"gold_loss":35},{"damage_healed":0,"gold_gain":0,"player_choice":"Gave Idol","damage_taken":0,"relics_obtained":["Bloody Idol"],"max_hp_gain":0,"max_hp_loss":0,"event_name":"Forgotten Altar","floor":22,"relics_lost":["Golden Idol"],"gold_loss":0},{"damage_healed":0,"gold_gain":0,"player_choice":"Trade","damage_taken":0,"relics_obtained":["SsserpentHead"],"max_hp_gain":0,"max_hp_loss":0,"event_name":"FaceTrader","floor":24,"gold_loss":0}],"is_beta":false,"boss_relics":[{"not_picked":["Fusion Hammer","Busted Crown"],"picked":"Astrolabe"}],"items_purged_floors":[5],"is_endless":false,"potions_floor_spawned":[1,8,10,12],"killed_by":"Slavers","ascension_level":3}