{"gold_per_floor":[212,212,225,240,165,165,199,199,224,224,242,242,142,152,152,152],"floor_reached":16,"playtime":363,"items_purged":["Defend_B","Defend_B"],"score":125,"play_id":"4ab44626-5c83-465e-8b54-f20a90d18632","local_time":"20181102172132","is_ascension_mode":true,"campfire_choices":[{"data":"Beam Cell","floor":6,"key":"SMITH"},{"data":"Steam","floor":10,"key":"SMITH"},{"data":"Dualcast","floor":12,"key":"SMITH"},{"data":"BootSequence","floor":15,"key":"SMITH"}],"neow_cost":"NONE","seed_source_timestamp":3106127262603,"circlet_count":0,"master_deck":["Strike_B","Strike_B","Strike_B","Defend_B","Defend_B","Zap","Dualcast+1","Beam Cell+1","Steam+1","BootSequence+1"],"relics":["Cracked Core","DataDisk","Potion Belt"],"potions_floor_usage":[14],"damage_taken":[{"damage":1,"enemies":"2 Louse","floor":1,"turns":2},{"damage":8,"enemies":"Jaw Worm","floor":3,"turns":4},{"damage":0,"enemies":"Small Slimes","floor":4,"turns":3},{"damage":33,"enemies":"Gremlin Nob","floor":7,"turns":4},{"damage":0,"enemies":"Blue Slaver","floor":11,"turns":2},{"damage":5,"enemies":"Lots of Slimes","floor":14,"turns":3},{"damage":55,"enemies":"Hexaghost","floor":16,"turns":9}],"seed_played":"3769036474346752773","potions_obtained":[{"floor":4,"key":"FocusPotion"},{"floor":7,"key":"Fire Potion"},{"floor":14,"key":"Dexterity Potion"}],"is_trial":false,"path_per_floor":["M","?","M","M","$","R","E","?","T","R","M","R","$","M","R","B"],"character_chosen":"DEFECT","items_purchased":[],"campfire_rested":0,"item_purchase_floors":[],"current_hp_per_floor":[74,74,66,66,66,66,33,58,58,58,58,58,58,53,53,0],"gold":152,"neow_bonus":"HUNDRED_GOLD","is_prod":false,"is_daily":false,"chose_seed":false,"campfire_upgraded":4,"win_rate":0,"timestamp":1541190092,"path_taken":["M","?","M","M","$","R","E","?","T","R","M","R","$","M","R","BOSS"],"build_version":"2018-11-01","purchased_purges":2,"victory":false,"max_hp_per_floor":[75,75,75,75,75,75,75,75,75,75,75,75,75,75,75,75],"card_choices":[{"not_picked":["Turbo","Cold Snap"],"picked":"Beam Cell","floor":1},{"not_picked":["Turbo","FTL"],"picked":"Steam","floor":3},{"not_picked":["Heatsinks","Static Discharge","Hello World"],"picked":"SKIP","floor":4},{"not_picked":["Skim","Hologram","Thunder Strike"],"picked":"SKIP","floor":7},{"not_picked":["Go for the Eyes","Glacier","Storm"],"picked":"SKIP","floor":11},{"not_picked":["Turbo","Barrage"],"picked":"BootSequence","floor":14}],"player_experience":257670,"relics_obtained":[{"floor":7,"key":"DataDisk"},{"floor":9,"key":"Potion Belt"}],"event_choices":[{"cards_removed":["Strike_B"],"damage_healed":0,"gold_gain":0,"player_choice":"Forget","damage_taken":0,"max_hp_gain":0,"max_hp_loss":0,"event_name":"Living Wall","floor":2,"gold_loss":0},{"damage_healed":25,"gold_gain":0,"player_choice":"Banana","damage_taken":0,"max_hp_gain":0,"max_hp_loss":0,"event_name":"Big Fish","floor":8,"gold_loss":0}],"is_beta":false,"boss_relics":[],"items_purged_floors":[5,13],"is_endless":false,"potions_floor_spawned":[4,7,14],"killed_by":"Hexaghost","ascension_level":5}