{"gold_per_floor":[110,34,34,34,12,56,56,92,92,132,150,186,4,4],"floor_reached":14,"playtime":866,"items_purged":[],"score":262,"play_id":"6394ba10-89da-4b02-9a20-069a48616cc1","local_time":"20190322142545","is_ascension_mode":true,"campfire_choices":[],"neow_cost":"NONE","seed_source_timestamp":767863885396815,"circlet_count":0,"master_deck":["AscendersBane","Defend_G","Defend_G","Defend_G","Defend_G","Defend_G","Strike_G","Strike_G","Strike_G","Strike_G","Strike_G","Survivor","Neutralize+1","Acrobatics","Footwork","Injury","Regret","PiercingWail","Dodge and Roll","Distraction","Well Laid Plans","Backstab","Backflip"],"relics":["Ring of the Snake","NeowsBlessing","Golden Idol","Bronze Scales","Oddly Smooth Stone","Happy Flower","Kunai","Bottled Lightning","Meat on the Bone","Vajra"],"potions_floor_usage":[11,12,12],"damage_taken":[{"damage":0,"enemies":"Small Slimes","floor":1,"turns":1},{"damage":0,"enemies":"Gremlin Nob","floor":6,"turns":1},{"damage":0,"enemies":"3 Sentries","floor":8,"turns":1},{"damage":26,"enemies":"Lagavulin","floor":10,"turns":12},{"damage":0,"enemies":"2 Louse","floor":11,"turns":3},{"damage":33,"enemies":"3 Sentries","floor":12,"turns":11},{"damage":4,"enemies":"Gremlin Nob","floor":14,"turns":3}],"seed_played":"-7918942228327070030","potions_obtained":[{"floor":1,"key":"SpeedPotion"},{"floor":6,"key":"Dexterity Potion"},{"floor":11,"key":"LiquidBronze"}],"is_trial":false,"path_per_floor":["M","$","?","?","$","E","?","E","T","E","M","E","$","E"],"character_chosen":"THE_SILENT","items_purchased":["Footwork","PiercingWail","Vajra","Backflip"],"campfire_rested":0,"item_purchase_floors":[2,5,13,13],"current_hp_per_floor":[63,63,63,63,63,63,63,63,63,37,37,4,4,0],"gold":4,"neow_bonus":"THREE_ENEMY_KILL","is_prod":false,"is_daily":false,"chose_seed":false,"campfire_upgraded":0,"win_rate":0,"timestamp":1553279145,"path_taken":["M","$","?","?","$","E","?","E","T","E","M","E","?","E"],"build_version":"2019-01-23","purchased_purges":0,"victory":false,"max_hp_per_floor":[70,70,70,70,70,70,70,70,70,70,70,70,70,70],"card_choices":[{"not_picked":["Sucker Punch","Bane"],"picked":"Acrobatics","floor":1},{"not_picked":["Flying Knee","Endless Agony"],"picked":"Dodge and Roll","floor":6},{"not_picked":["Acrobatics","Slice"],"picked":"Distraction","floor":8},{"not_picked":["Deflect","Outmaneuver"],"picked":"Well Laid Plans","floor":10},{"not_picked":["Distraction","Outmaneuver","Acrobatics"],"picked":"SKIP","floor":11},{"not_picked":["Concentrate","Accuracy"],"picked":"Backstab","floor":12}],"player_experience":235137,"relics_obtained":[{"floor":6,"key":"Oddly Smooth Stone"},{"floor":8,"key":"Happy Flower"},{"floor":9,"key":"Kunai"},{"floor":10,"key":"Bottled Lightning"},{"floor":12,"key":"Meat on the Bone"}],"event_choices":[{"damage_healed":0,"gold_gain":0,"player_choice":"Take Wound","damage_taken":0,"relics_obtained":["Golden Idol"],"max_hp_gain":0,"max_hp_loss":0,"event_name":"Golden Idol","floor":3,"gold_loss":0,"cards_obtained":["Injury"]},{"damage_healed":0,"gold_gain":0,"player_choice":"Box","damage_taken":0,"relics_obtained":["Bronze Scales"],"max_hp_gain":0,"max_hp_loss":0,"event_name":"Big Fish","floor":4,"gold_loss":0,"cards_obtained":["Regret"]},{"damage_healed":0,"gold_gain":0,"player_choice":"Grow","damage_taken":0,"max_hp_gain":0,"max_hp_loss":0,"event_name":"Living Wall","floor":7,"gold_loss":0,"cards_upgraded":["Neutralize"]}],"is_beta":false,"boss_relics":[],"items_purged_floors":[],"is_endless":false,"potions_floor_spawned":[1,6,11],"killed_by":"Gremlin Nob","ascension_level":12}