{"gold_per_floor":[119,131,147,164,89,89,116,116,116,127,137,137,153,167,167,167],"floor_reached":16,"playtime":4189,"items_purged":["Strike_G"],"score":186,"play_id":"d4b7f433-5521-4628-a7d5-cc4c1e9c8ee6","local_time":"20190615195437","is_ascension_mode":true,"campfire_choices":[{"data":"Noxious Fumes","floor":6,"key":"SMITH"},{"floor":8,"key":"REST"},{"data":"Backflip","floor":15,"key":"SMITH"}],"neow_cost":"NONE","seed_source_timestamp":263187888918317,"circlet_count":0,"master_deck":["AscendersBane","Defend_G","Defend_G","Defend_G","Defend_G","Defend_G","Strike_G","Strike_G","Strike_G","Strike_G","Survivor","Neutralize","Noxious Fumes+1","Infinite Blades","Escape Plan","Backflip+1","Blade Dance+1","Cloak And Dagger+1","Accuracy","Deadly Poison+1"],"relics":["Ring of the Snake","Lantern","Dodecahedron","Toxic Egg 2"],"potions_floor_usage":[4],"damage_taken":[{"damage":7,"enemies":"Small Slimes","floor":1,"turns":5},{"damage":0,"enemies":"Cultist","floor":2,"turns":4},{"damage":2,"enemies":"Jaw Worm","floor":3,"turns":5},{"damage":16,"enemies":"Exordium Thugs","floor":4,"turns":5},{"damage":27,"enemies":"3 Sentries","floor":7,"turns":7},{"damage":0,"enemies":"Blue Slaver","floor":10,"turns":5},{"damage":0,"enemies":"2 Fungi Beasts","floor":11,"turns":5},{"damage":3,"enemies":"Looter","floor":13,"turns":3},{"damage":0,"enemies":"Blue Slaver","floor":14,"turns":3},{"damage":25,"enemies":"Slime Boss","floor":16,"turns":3}],"seed_played":"-3972355736744069323","potions_obtained":[{"floor":1,"key":"AttackPotion"},{"floor":7,"key":"SmokeBomb"},{"floor":10,"key":"Weak Potion"}],"is_trial":false,"path_per_floor":["M","M","M","M","$","R","E","R","T","M","M","?","M","M","R","B"],"character_chosen":"THE_SILENT","items_purchased":[],"campfire_rested":1,"item_purchase_floors":[],"current_hp_per_floor":[52,52,50,34,34,34,7,26,26,26,26,26,23,23,23,0],"gold":167,"neow_bonus":"RANDOM_COMMON_RELIC","is_prod":false,"is_daily":false,"chose_seed":false,"campfire_upgraded":2,"win_rate":0,"timestamp":1560599677,"path_taken":["M","M","M","M","$","R","E","R","T","M","M","?","M","M","R","BOSS"],"build_version":"2019-01-23","purchased_purges":1,"victory":false,"max_hp_per_floor":[66,66,66,66,66,66,66,66,66,66,66,66,66,66,66,66],"card_choices":[{"not_picked":["Catalyst","Backflip"],"picked":"Noxious Fumes","floor":1},{"not_picked":["Expertise","Flying Knee","Flechettes"],"picked":"SKIP","floor":2},{"not_picked":["Bane","Accuracy"],"picked":"Infinite Blades","floor":3},{"not_picked":["Dagger Throw","Reflex"],"picked":"Escape Plan","floor":4},{"not_picked":["Sucker Punch","Dagger Throw"],"picked":"Backflip","floor":7},{"not_picked":["Outmaneuver+1","Flying Knee"],"picked":"Blade Dance+1","floor":10},{"not_picked":["Sucker Punch","Prepared+1"],"picked":"Cloak And Dagger+1","floor":11},{"not_picked":["Unload","Underhanded Strike"],"picked":"Accuracy","floor":13},{"not_picked":["Expertise+1","Underhanded Strike"],"picked":"Deadly Poison+1","floor":14}],"player_experience":851108,"relics_obtained":[{"floor":7,"key":"Dodecahedron"},{"floor":9,"key":"Toxic Egg 2"}],"event_choices":[{"damage_healed":0,"gold_gain":0,"player_choice":"Ignored","damage_taken":0,"max_hp_gain":0,"max_hp_loss":0,"event_name":"Liars Game","floor":12,"gold_loss":0}],"is_beta":false,"boss_relics":[],"items_purged_floors":[5],"is_endless":false,"potions_floor_spawned":[1,7,10,13],"killed_by":"Slime Boss","ascension_level":15}