{"gold_per_floor":[112,112,112,131,154,154,167,167,205,94,132,132,165,189,189,313,313,328,11,206,220,241,241,260,260,299,299],"floor_reached":27,"playtime":1298,"items_purged":[],"score":248,"play_id":"74d15a2d-0a49-414c-b750-4ba5faacd046","local_time":"20190130011359","is_ascension_mode":false,"campfire_choices":[{"data":"Ball Lightning","floor":6,"key":"SMITH"},{"data":"Tempest","floor":8,"key":"SMITH"},{"floor":12,"key":"REST"},{"data":"strawberrySpire:Adapter","floor":12,"key":"SMITH"},{"floor":15,"key":"REST"},{"data":"Loop","floor":15,"key":"SMITH"},{"floor":23,"key":"REST"},{"data":"strawberrySpire:ExtraUtilities","floor":23,"key":"SMITH"},{"data":"Hyperbeam","floor":25,"key":"SMITH"}],"neow_cost":"BASIC_CARDS","seed_source_timestamp":2119818690226178,"circlet_count":0,"master_deck":["Strike_B","Strike_B","Strike_B","Strike_B","Defend_B","Defend_B","Defend_B","Defend_B","Zap+1","Dualcast","Slimebound:Strike_Slimebound","Strike_G","Defend_R","Tempest+1","Injury","Ball Lightning+1","Rebound","Coolheaded","strawberrySpire:Adapter+1","Loop+1","Gash","Gash","Scrape","Go for the Eyes","Defragment","Echo Form","Decay","Survivor","Seek","Dark Shackles","infinitespire:Collect","Double Energy+1","Mayhem","Leap","Leap","strawberrySpire:ExtraUtilities+1","Discovery","Beam Cell","Steam+1","Hyperbeam+1","Go for the Eyes"],"relics":["Cracked Core","infinitespire:Magic Flask","Golden Idol","strawberrySpire:MawJerky","Chameleon Ring","The Courier","Replay_Grab Bag","Painkiller Herb","ReplayTheSpireMod:SealedPack","Ancient Tea Set","Solar Panel"],"potions_floor_usage":[9,11,16,22,24],"damage_taken":[{"damage":1,"enemies":"Jaw Worm","floor":1,"turns":3},{"damage":6,"enemies":"Cultist","floor":4,"turns":3},{"damage":13,"enemies":"2 Louse","floor":5,"turns":2},{"damage":0,"enemies":"2 Fungi Beasts","floor":7,"turns":2},{"damage":12,"enemies":"Looter","floor":9,"turns":2},{"damage":27,"enemies":"3 Sentries","floor":11,"turns":4},{"damage":24,"enemies":"Gremlin Nob","floor":13,"turns":4},{"damage":10,"enemies":"Looter","floor":14,"turns":2},{"damage":26,"enemies":"Fading Forest","floor":16,"turns":11},{"damage":12,"enemies":"3 Byrds","floor":18,"turns":5},{"damage":15,"enemies":"2 Thieves","floor":21,"turns":2},{"damage":20,"enemies":"3 Cultists","floor":22,"turns":5},{"damage":6,"enemies":"Cultist and Chosen","floor":24,"turns":5},{"damage":9,"enemies":"Snecko","floor":26,"turns":5},{"damage":52,"enemies":"Snecko","floor":27,"turns":4}],"seed_played":"219162116721575463","potions_obtained":[{"floor":5,"key":"SkillPotion"},{"floor":7,"key":"Death Potion"},{"floor":14,"key":"Strength Potion"},{"floor":16,"key":"PowerPotion"},{"floor":22,"key":"Block Potion"},{"floor":24,"key":"Milkshake"}],"is_trial":false,"path_per_floor":["M","?","?","M","M","R","M","R","MIM","$","E","R","E","M","R","B",null,"?","T","?","?","?","T","?","T","MIM","?"],"character_chosen":"DEFECT","items_purchased":["Loop","Gash","Mayhem","Leap","strawberrySpire:ExtraUtilities","Discovery"],"campfire_rested":3,"item_purchase_floors":[10,10,19,19,19,19],"current_hp_per_floor":[74,74,74,68,55,55,55,55,43,43,20,43,23,13,37,29,83,71,71,71,56,36,60,54,54,45,0],"gold":299,"neow_bonus":"ONE_RARE_RELIC","is_prod":false,"is_daily":false,"chose_seed":false,"campfire_upgraded":6,"win_rate":0,"timestamp":1548828839,"path_taken":["M","?","?","M","?","R","M","R","MIM","$","E","R","E","M","R","BOSS","?","T","?","?","?","T","?","T","MIM","?"],"build_version":"2019-01-23","purchased_purges":0,"victory":false,"max_hp_per_floor":[75,75,75,75,75,75,75,75,75,75,79,79,83,83,83,83,83,83,83,83,83,83,83,83,83,83,83],"card_choices":[{"not_picked":["Beam Cell","BasicCrystalCard"],"picked":"Tempest","floor":1},{"not_picked":["Turbo","BasicCrystalCard"],"picked":"Ball Lightning","floor":4},{"not_picked":["BasicCrystalCard","strawberrySpire:NeonFlight"],"picked":"Rebound","floor":5},{"not_picked":["Compile Driver","Reprogram"],"picked":"Coolheaded","floor":7},{"not_picked":["Ball Lightning","Barrage"],"picked":"strawberrySpire:Adapter","floor":9},{"not_picked":["strawberrySpire:ReturnNull","Hologram"],"picked":"Scrape","floor":11},{"not_picked":["Aggregate","Scrape"],"picked":"Go for the Eyes","floor":13},{"not_picked":["Steam","strawberrySpire:DataDump"],"picked":"Defragment","floor":14},{"not_picked":["Thunder Strike","All For One"],"picked":"Echo Form","floor":16},{"not_picked":["Slimebound:Split","Dualcast"],"picked":"Survivor","floor":17},{"not_picked":["Multi-Cast","Fission"],"picked":"Seek","floor":17},{"not_picked":["Specialist","ReplayTheSpireMod:Trickstab"],"picked":"Dark Shackles","floor":17},{"not_picked":["Replay:Fractal Strike","infinitespire:FinalStrike"],"picked":"infinitespire:Collect","floor":17},{"not_picked":["Doom and Gloom","Ball Lightning"],"picked":"Double Energy+1","floor":18},{"not_picked":["Leap","Scrape"],"picked":"Beam Cell","floor":21},{"not_picked":["Consume+1","Hologram"],"picked":"Steam+1","floor":22},{"not_picked":["Rebound","Darkness"],"picked":"Hyperbeam","floor":24},{"not_picked":["Lockon","strawberrySpire:NeonFlight"],"picked":"Go for the Eyes","floor":26}],"player_experience":381985,"relics_obtained":[{"floor":9,"key":"strawberrySpire:MawJerky"},{"floor":11,"key":"Chameleon Ring"},{"floor":13,"key":"The Courier"},{"floor":26,"key":"Solar Panel"}],"event_choices":[{"damage_healed":0,"gold_gain":0,"player_choice":"Take Wound","damage_taken":0,"relics_obtained":["Golden Idol"],"max_hp_gain":0,"max_hp_loss":0,"event_name":"Golden Idol","floor":2,"gold_loss":0,"cards_obtained":["Injury"]},{"damage_healed":0,"gold_gain":0,"player_choice":"Upgraded","damage_taken":0,"max_hp_gain":0,"max_hp_loss":0,"event_name":"Upgrade Shrine","floor":3,"gold_loss":0,"cards_upgraded":["Zap"]},{"damage_healed":0,"gold_gain":99,"player_choice":"Stole From Cult","damage_taken":0,"max_hp_gain":0,"max_hp_loss":0,"event_name":"Nest","floor":20,"gold_loss":0}],"is_beta":false,"boss_relics":[{"not_picked":["Pandora\u0027s Box","strawberrySpire:SolarisEssence"],"picked":"Replay_Grab Bag"},{"not_picked":["ReplayTheSpireMod:DimensionalGlitch","Coffee Dripper"],"picked":"Painkiller Herb"},{"not_picked":["Orrery","Eternal Feather"],"picked":"ReplayTheSpireMod:SealedPack"}],"items_purged_floors":[],"is_endless":false,"potions_floor_spawned":[5,7,14,16,22,24],"killed_by":"Snecko","ascension_level":0}