{"gold_per_floor":[116,116,136,136,3,3,32,44,98,123,123,123,137,137,137,236,236,253,270,270,289,301,301,335,335,335,351,381,395,11,11,11,11],"floor_reached":33,"playtime":2224,"items_purged":["Strike_G"],"score":354,"play_id":"15424934-2919-461e-84fa-efc01da780bf","local_time":"20190119160016","is_ascension_mode":true,"campfire_choices":[{"data":"Dagger Spray","floor":6,"key":"SMITH"},{"floor":12,"key":"REST"},{"floor":15,"key":"REST"},{"floor":23,"key":"REST"},{"floor":25,"key":"REST"},{"floor":32,"key":"REST"}],"neow_cost":"NONE","seed_source_timestamp":906856969846566,"circlet_count":0,"master_deck":["Defend_G","Defend_G","Defend_G","Defend_G","Defend_G","Strike_G","Strike_G","Strike_G","Strike_G","Survivor+1","Neutralize+1","Deflect","Footwork","Dagger Spray+1","Backflip","Cloak And Dagger","Flying Knee","Dagger Throw","Wraith Form v2","Acrobatics","Corpse Explosion","Deflect","Calculated Gamble+1","Blade Dance+1","Blade Dance+1","Finisher","Dagger Spray+1","Deadly Poison+1","Burst","Deflect+1"],"relics":["Ring of the Snake","Regal Pillow","Bronze Scales","Dream Catcher","Philosopher\u0027s Stone","Snake Skull","Orichalcum","Prayer Wheel","Girya"],"potions_floor_usage":[10,16,28,29,33],"damage_taken":[{"damage":0,"enemies":"Small Slimes","floor":1,"turns":3},{"damage":0,"enemies":"Jaw Worm","floor":3,"turns":4},{"damage":33,"enemies":"3 Sentries","floor":7,"turns":11},{"damage":1,"enemies":"2 Louse","floor":8,"turns":3},{"damage":22,"enemies":"Gremlin Nob","floor":10,"turns":4},{"damage":0,"enemies":"2 Fungi Beasts","floor":13,"turns":3},{"damage":23,"enemies":"The Guardian","floor":16,"turns":14},{"damage":11,"enemies":"3 Byrds","floor":18,"turns":4},{"damage":4,"enemies":"2 Thieves","floor":19,"turns":2},{"damage":15,"enemies":"Snecko","floor":21,"turns":6},{"damage":13,"enemies":"Centurion and Healer","floor":22,"turns":7},{"damage":57,"enemies":"Slavers","floor":24,"turns":4},{"damage":1,"enemies":"3 Cultists","floor":27,"turns":3},{"damage":37,"enemies":"Gremlin Leader","floor":28,"turns":8},{"damage":0,"enemies":"Cultist and Chosen","floor":29,"turns":3},{"damage":43,"enemies":"Automaton","floor":33,"turns":8}],"seed_played":"-40404192416307241","potions_obtained":[{"floor":1,"key":"GhostInAJar"},{"floor":7,"key":"AttackPotion"},{"floor":27,"key":"GamblersBrew"},{"floor":28,"key":"Ancient Potion"},{"floor":29,"key":"Explosive Potion"}],"is_trial":false,"path_per_floor":["M","?","M","?","$","R","E","M","T","E","?","R","M","?","R","B",null,"M","M","$","M","M","R","E","R","T","M","E","M","$","?","R","B"],"character_chosen":"THE_SILENT","items_purchased":["Footwork","Dagger Spray","Girya"],"campfire_rested":5,"item_purchase_floors":[5,5,30],"current_hp_per_floor":[70,70,70,70,70,70,37,36,36,14,14,50,50,50,70,47,70,59,55,55,40,27,63,6,42,42,41,4,4,4,4,40,0],"gold":11,"neow_bonus":"UPGRADE_CARD","is_prod":false,"is_daily":false,"chose_seed":false,"campfire_upgraded":1,"win_rate":0,"timestamp":1547931616,"path_taken":["M","?","M","?","$","R","E","M","T","E","?","R","M","?","R","BOSS","M","M","$","M","M","R","E","R","T","M","E","M","$","?","R","BOSS"],"build_version":"2019-01-17v2","purchased_purges":1,"victory":false,"max_hp_per_floor":[70,70,70,70,70,70,70,70,70,70,70,70,70,70,70,70,70,70,70,70,70,70,70,70,70,70,70,70,70,70,70,70,70],"card_choices":[{"not_picked":["Eviscerate","Escape Plan","Slice"],"picked":"SKIP","floor":1},{"not_picked":["Escape Plan","Sucker Punch"],"picked":"Deflect","floor":3},{"not_picked":["Finisher","Underhanded Strike"],"picked":"Backflip","floor":7},{"not_picked":["Dash","Calculated Gamble"],"picked":"Cloak And Dagger","floor":8},{"not_picked":["Bane","Poisoned Stab"],"picked":"Flying Knee","floor":10},{"not_picked":["Slice","Riddle With Holes"],"picked":"Dagger Throw","floor":12},{"not_picked":["Acrobatics","Setup"],"picked":"Wraith Form v2","floor":13},{"not_picked":["Dagger Spray","Poisoned Stab"],"picked":"Acrobatics","floor":15},{"not_picked":["Envenom","Bullet Time"],"picked":"Corpse Explosion","floor":16},{"not_picked":["Distraction","Bane","Crippling Poison"],"picked":"SKIP","floor":18},{"not_picked":["Slice","Escape Plan+1"],"picked":"Deflect","floor":19},{"not_picked":["Sucker Punch","Poisoned Stab"],"picked":"Calculated Gamble+1","floor":21},{"not_picked":["Bane","Calculated Gamble+1"],"picked":"Blade Dance+1","floor":22},{"not_picked":["Underhanded Strike","All Out Attack"],"picked":"Blade Dance+1","floor":23},{"not_picked":["Infinite Blades","Doppelganger"],"picked":"Finisher","floor":24},{"not_picked":["PiercingWail","Underhanded Strike"],"picked":"Dagger Spray+1","floor":25},{"not_picked":["Dagger Throw","Outmaneuver+1"],"picked":"Deadly Poison+1","floor":27},{"not_picked":["Escape Plan","Expertise"],"picked":"Burst","floor":28},{"not_picked":["Blur","Underhanded Strike"],"picked":"Deflect+1","floor":29},{"not_picked":["Dagger Spray","Sucker Punch","Flechettes+1"],"picked":"SKIP","floor":29}],"player_experience":108248,"relics_obtained":[{"floor":7,"key":"Regal Pillow"},{"floor":9,"key":"Bronze Scales"},{"floor":10,"key":"Dream Catcher"},{"floor":24,"key":"Snake Skull"},{"floor":26,"key":"Orichalcum"},{"floor":28,"key":"Prayer Wheel"}],"event_choices":[{"damage_healed":0,"gold_gain":0,"player_choice":"Grow","damage_taken":0,"max_hp_gain":0,"max_hp_loss":0,"event_name":"Living Wall","floor":2,"gold_loss":0,"cards_upgraded":["Survivor"]},{"damage_healed":0,"gold_gain":0,"player_choice":"Leave","damage_taken":0,"max_hp_gain":0,"max_hp_loss":0,"event_name":"The Cleric","floor":4,"gold_loss":0},{"damage_healed":0,"gold_gain":0,"player_choice":"Ignored","damage_taken":0,"max_hp_gain":0,"max_hp_loss":0,"event_name":"Shining Light","floor":11,"gold_loss":0},{"damage_healed":0,"gold_gain":0,"player_choice":"Ignored","damage_taken":0,"max_hp_gain":0,"max_hp_loss":0,"event_name":"Golden Wing","floor":14,"gold_loss":0},{"damage_healed":0,"gold_gain":0,"player_choice":"Ignored","damage_taken":0,"max_hp_gain":0,"max_hp_loss":0,"event_name":"Beggar","floor":31,"gold_loss":0}],"is_beta":false,"boss_relics":[{"not_picked":["Calling Bell","Runic Dome"],"picked":"Philosopher\u0027s Stone"}],"items_purged_floors":[30],"is_endless":false,"potions_floor_spawned":[1,7,27,28,29],"killed_by":"Automaton","ascension_level":4}