{"gold_per_floor":[113,113,49,69,87,87,103,219,244,261,63,91,91,91],"floor_reached":14,"playtime":504,"items_purged":[],"score":92,"play_id":"92b25aff-31dd-4f34-95e5-ab1f8362e016","local_time":"20190129230956","is_ascension_mode":false,"campfire_choices":[{"floor":6,"key":"RECALL"}],"neow_cost":"","seed_source_timestamp":0,"circlet_count":0,"master_deck":["Strike_B","Strike_B","Strike_B","Defend_B","Defend_B","Defend_B","Defend_B","Zap+1","Dualcast+1","Leap+1","Auto Shields","Streamline","Leap","Doom and Gloom","strawberrySpire:Disconnect","Streamline","Cold Snap+1","Loop","Gash","Injury"],"special_seed":0,"relics":["Cracked Core","infinitespire:Beetle Shell","Blue Doll","War Paint","Durian","Vajra","Juzu Bracelet","Golden Idol"],"potions_floor_usage":[12,14],"damage_taken":[{"damage":2.0,"enemies":"2 Louse","floor":1.0,"turns":3.0},{"damage":0.0,"enemies":"Small Slimes","floor":4.0,"turns":3.0},{"damage":0,"enemies":"Cultist","floor":5,"turns":3},{"damage":0,"enemies":"2 Fungi Beasts","floor":7,"turns":3},{"damage":5,"enemies":"3 Louse","floor":8,"turns":2},{"damage":3,"enemies":"Blue Slaver","floor":10,"turns":3},{"damage":7,"enemies":"Gremlin Nob","floor":12,"turns":5},{"damage":64,"enemies":"Nightmare","floor":14,"turns":7}],"seed_played":"-3359617081471419283","potions_obtained":[{"floor":5,"key":"EssenceOfSteel"},{"floor":7,"key":"SteroidPotion"},{"floor":8,"key":"Strength Potion"}],"is_trial":false,"path_per_floor":["M","?","?","M","M","R","M","M","T","M","$","E","?","NM"],"character_chosen":"DEFECT","items_purchased":["infinitespire:Beetle Shell","Leap+1","Cold Snap+1","Loop","Vajra"],"campfire_rested":0,"item_purchase_floors":[0,0,11,11,11],"current_hp_per_floor":[73,73,73,73,73,73,73,73,73,70,70,63,63,0],"gold":91,"neow_bonus":"","is_prod":false,"is_daily":false,"chose_seed":false,"campfire_upgraded":0,"win_rate":0,"timestamp":1548821396,"path_taken":["M","?","?","M","M","R","M","M","T","?","$","E","?","NM"],"build_version":"2019-01-23","purchased_purges":0,"victory":false,"max_hp_per_floor":[75,75,75,75,75,75,75,80,80,80,80,80,80,80],"card_choices":[{"not_picked":["Cold Snap","Aggregate"],"picked":"Auto Shields","floor":1.0},{"not_picked":["Heatsinks","Panic Button"],"picked":"Streamline","floor":4.0},{"not_picked":["ReplayTheSpireMod:GoodbyeWorld","FIFO Queue"],"picked":"Leap","floor":5},{"not_picked":["ReplayTheSpireMod:System Scan","ReplayTheSpireMod:Reroute Power"],"picked":"Doom and Gloom","floor":7},{"not_picked":["FTL","Compile Driver"],"picked":"strawberrySpire:Disconnect","floor":8},{"not_picked":["strawberrySpire:DataDump","Crystallizer"],"picked":"Streamline","floor":10},{"not_picked":["ReplaySort","Coolheaded"],"picked":"Gash","floor":12}],"player_experience":375425,"relics_obtained":[{"floor":12,"key":"Juzu Bracelet"}],"event_choices":[{"damage_healed":0.0,"max_hp_gain":0.0,"max_hp_loss":0.0,"gold_gain":0.0,"event_name":"WeMeetAgain","player_choice":"Paid Gold","floor":3.0,"gold_loss":64.0,"damage_taken":0.0,"relics_obtained":["War Paint"]},{"damage_healed":0,"gold_gain":0,"player_choice":"Take Wound","damage_taken":0,"relics_obtained":["Golden Idol"],"max_hp_gain":0,"max_hp_loss":0,"event_name":"Golden Idol","floor":13,"gold_loss":0,"cards_obtained":["Injury"]}],"is_beta":false,"boss_relics":[],"items_purged_floors":[],"is_endless":false,"potions_floor_spawned":[5,7,8,10],"killed_by":"Nightmare","ascension_level":0}