{"gold_per_floor":[114,129,129,103,118,148,163,193,193,193,208,208,19,49,49,149,149,164,164,179,194,44,44],"floor_reached":23,"playtime":1296,"items_purged":[],"score":236,"play_id":"2028deaa-1f6f-49df-b30f-9bcbdb700e8d","local_time":"20180921233518","daily_mods":["Brewmaster","Elite Swarm","Uncertain Future"],"is_ascension_mode":false,"campfire_choices":[{"floor":10,"key":"REST"},{"data":"Reaper","floor":12,"key":"SMITH"},{"data":"Seeing Red","floor":15,"key":"SMITH"}],"neow_cost":"","seed_source_timestamp":0,"circlet_count":0,"master_deck":["Strike_R","Strike_R","Strike_R+1","Strike_R+1","Strike_R","Defend_R","Defend_R","Defend_R","Defend_R","Bash","Venomology","Venomology","Venomology","Venomology","Venomology","Armaments","Blood for Blood","Clothesline","Twin Strike","Impervious","Anger","Reaper+1","Pommel Strike","Seeing Red+1","Bludgeon","Double Tap","Infernal Blade","RitualDagger","True Grit+1","Inflame+1"],"special_seed":17796,"relics":["Burning Blood","White Beast Statue","Happy Flower","FossilizedHelix","Ginger","Potion Belt","Ornamental Fan","Black Star","Anchor"],"potions_floor_usage":[1,1,2,2,5,5,5,6,6,6,7,7,8,8,8,8,11,11,11,11,11,14,14,14,14,16,16,16,16,16,16,16,18,18,20,20,20,20,21,21,21,21,23,23,23,23],"damage_taken":[{"damage":0,"enemies":"Small Slimes","floor":1,"turns":5},{"damage":4,"enemies":"2 Louse","floor":2,"turns":4},{"damage":1,"enemies":"Cultist","floor":5,"turns":3},{"damage":20,"enemies":"Gremlin Nob","floor":6,"turns":4},{"damage":13,"enemies":"Red Slaver","floor":7,"turns":2},{"damage":4,"enemies":"3 Sentries","floor":8,"turns":4},{"damage":0,"enemies":"Looter","floor":11,"turns":4},{"damage":13,"enemies":"Lagavulin","floor":14,"turns":6},{"damage":43,"enemies":"The Guardian","floor":16,"turns":8},{"damage":19,"enemies":"2 Thieves","floor":18,"turns":5},{"damage":10,"enemies":"Spheric Guardian","floor":20,"turns":4},{"damage":41,"enemies":"3 Cultists","floor":21,"turns":7},{"damage":87,"enemies":"Gremlin Leader","floor":23,"turns":8}],"seed_played":"3287130768063123955","potions_obtained":[{"floor":5,"key":"PowerPotion"},{"floor":6,"key":"Fire Potion"},{"floor":7,"key":"AttackPotion"},{"floor":14,"key":"Explosive Potion"},{"floor":16,"key":"Poison Potion"},{"floor":18,"key":"Weak Potion"},{"floor":20,"key":"SpeedPotion"},{"floor":21,"key":"Ancient Potion"}],"is_trial":false,"path_per_floor":["M","M","?","$","M","E","M","E","T","R","M","R","$","E","R","B",null,"M","?","M","M","$"],"character_chosen":"IRONCLAD","items_purchased":["Clothesline","Potion Belt","Seeing Red","Anchor"],"campfire_rested":1,"item_purchase_floors":[4,13,13,22],"current_hp_per_floor":[80,80,64,64,69,55,48,58,58,80,80,80,80,73,73,41,80,77,71,67,54,54,0],"gold":44,"neow_bonus":"","is_prod":false,"is_daily":true,"chose_seed":false,"campfire_upgraded":2,"win_rate":0.0,"timestamp":1537587318,"path_taken":["M","M","?","$","M","E","?","E","T","R","M","R","?","E","R","BOSS","M","?","M","M","?","E"],"build_version":"2018-09-20","purchased_purges":0,"victory":false,"max_hp_per_floor":[80,80,80,80,80,80,80,80,80,80,80,80,80,80,80,80,80,80,80,80,80,80,80],"card_choices":[{"not_picked":["Heavy Blade","Carnage"],"picked":"Armaments","floor":1},{"not_picked":["Seeing Red","Dropkick"],"picked":"Blood for Blood","floor":2},{"not_picked":["Clash","Flex"],"picked":"Twin Strike","floor":5},{"not_picked":["Fiend Fire","Barricade"],"picked":"Impervious","floor":6},{"not_picked":["Uppercut","Armaments"],"picked":"Anger","floor":7},{"not_picked":["Berserk","Impervious"],"picked":"Reaper","floor":8},{"not_picked":["Flex","Inflame"],"picked":"Pommel Strike","floor":11},{"not_picked":["Immolate","Impervious"],"picked":"Bludgeon","floor":14},{"not_picked":["Berserk","Feed"],"picked":"Double Tap","floor":16},{"not_picked":["Entrench","Corruption"],"picked":"Infernal Blade","floor":18},{"not_picked":["Burning Pact","Clothesline"],"picked":"True Grit+1","floor":20},{"not_picked":["Dropkick+1","Wild Strike+1"],"picked":"Inflame+1","floor":21}],"player_experience":170743,"relics_obtained":[{"floor":6,"key":"Happy Flower"},{"floor":8,"key":"FossilizedHelix"},{"floor":9,"key":"Ginger"},{"floor":14,"key":"Ornamental Fan"}],"event_choices":[{"event_name":"Shining Light","player_choice":"Entered Light","floor":3,"damage_taken":0},{"event_name":"Nest","player_choice":"Joined the Cult","floor":19,"damage_taken":0}],"is_beta":false,"boss_relics":[{"not_picked":["Runic Dome","Eternal Feather"],"picked":"Black Star"}],"items_purged_floors":[],"is_endless":false,"potions_floor_spawned":[1,2,5,6,7,8,11,14,16,18,20,21],"killed_by":"Gremlin Leader","ascension_level":0}