{"gold_per_floor":[116,4,24,74,16,50,61,88,88,103,103,103,122,142,142,216,216,233,244,277,118,137,137,137,148,148,479,36,50,62,77,77,153,153,168,168,183,198,251,262,262,276,276,8,8,21,21,40,40,40],"floor_reached":51,"playtime":2830,"items_purged":["Parasite","Strike_B"],"score":1393,"play_id":"17f24d68-6331-4edd-8ed3-f750a0c79e6e","local_time":"20181221050754","is_ascension_mode":true,"campfire_choices":[{"data":"Defragment","floor":11,"key":"SMITH"},{"data":"Redo","floor":15,"key":"SMITH"},{"data":"Creative AI","floor":23,"key":"SMITH"},{"floor":32,"key":"REST"},{"data":"Chill","floor":41,"key":"SMITH"},{"data":"Barrage","floor":45,"key":"SMITH"},{"data":"Coolheaded","floor":47,"key":"SMITH"},{"floor":49,"key":"REST"}],"neow_cost":"NONE","seed_source_timestamp":40624875172165,"circlet_count":0,"master_deck":["AscendersBane","Defend_B","Defend_B","Defend_B","Defend_B","Zap","Dualcast","Glacier","Defragment+1","Sweeping Beam","Barrage+1","Cold Snap","Seek","Sunder","Chill+1","Streamline","Redo+1","Creative AI+1","Coolheaded+1","Leap","Self Repair","Conserve Battery","Defragment+1","Storm","Seek","Stack+1","Electrodynamics+1","Consume+1","Coolheaded+1","Capacitor"],"special_seed":0,"relics":["Cracked Core","NeowsBlessing","Thread and Needle","Bottled Tornado","Velvet Choker","Red Mask","Ice Cream","Old Coin","DollysMirror","Astrolabe","Ginger","Shuriken","Mummified Hand"],"potions_floor_usage":[18,27,31,37,40,50,50],"damage_taken":[{"damage":0.0,"enemies":"Cultist","floor":1.0,"turns":1.0},{"damage":0.0,"enemies":"2 Louse","floor":3.0,"turns":1.0},{"damage":0.0,"enemies":"3 Sentries","floor":6.0,"turns":1.0},{"damage":0,"enemies":"Small Slimes","floor":7,"turns":3},{"damage":18,"enemies":"Lagavulin","floor":8,"turns":6},{"damage":10,"enemies":"Red Slaver","floor":10,"turns":3},{"damage":4,"enemies":"2 Fungi Beasts","floor":13,"turns":3},{"damage":3,"enemies":"Looter","floor":14,"turns":2},{"damage":24,"enemies":"The Guardian","floor":16,"turns":15},{"damage":4,"enemies":"Chosen","floor":18,"turns":4},{"damage":0,"enemies":"3 Byrds","floor":19,"turns":5},{"damage":19,"enemies":"Masked Bandits","floor":20,"turns":6},{"damage":0,"enemies":"Sentry and Sphere","floor":22,"turns":8},{"damage":0,"enemies":"Snake Plant","floor":25,"turns":7},{"damage":32,"enemies":"Gremlin Leader","floor":27,"turns":11},{"damage":0,"enemies":"Centurion and Healer","floor":29,"turns":8},{"damage":0,"enemies":"3 Cultists","floor":30,"turns":4},{"damage":9,"enemies":"Snake Plant","floor":31,"turns":4},{"damage":0,"enemies":"Champ","floor":33,"turns":13},{"damage":0,"enemies":"3 Shapes","floor":35,"turns":4},{"damage":0,"enemies":"3 Darklings","floor":37,"turns":3},{"damage":0,"enemies":"Sphere and 2 Shapes","floor":38,"turns":4},{"damage":21,"enemies":"2 Orb Walkers","floor":39,"turns":5},{"damage":25,"enemies":"Transient","floor":40,"turns":5},{"damage":4,"enemies":"Jaw Worm Horde","floor":42,"turns":5},{"damage":0,"enemies":"3 Darklings","floor":46,"turns":3},{"damage":0,"enemies":"Spire Growth","floor":48,"turns":6},{"damage":0,"enemies":"Awakened One","floor":50,"turns":29}],"seed_played":"-1665680959633627549","potions_obtained":[{"floor":6.0,"key":"SteroidPotion"},{"floor":8,"key":"SteroidPotion"},{"floor":14,"key":"Block Potion"},{"floor":18,"key":"EssenceOfSteel"},{"floor":27,"key":"Strength Potion"},{"floor":29,"key":"SkillPotion"},{"floor":31,"key":"Swift Potion"},{"floor":37,"key":"Ancient Potion"},{"floor":40,"key":"FearPotion"},{"floor":46,"key":"Swift Potion"}],"is_trial":false,"path_per_floor":["M","$","M","?","$","E","M","E","T","M","R","?","M","M","R","B",null,"M","M","?","$","M","R","?","M","T","E","$","M","M","M","R","B",null,"M","?","M","M","?","M","R","M","T","$","R","M","R","M","R","B",null],"character_chosen":"DEFECT","items_purchased":["Defragment","Sweeping Beam","Cold Snap","Self Repair","DollysMirror","Storm","SpeedPotion","Mummified Hand"],"campfire_rested":2,"item_purchase_floors":[2,2,5,21,28,28,28,44],"current_hp_per_floor":[64,64,64,64,64,64,64,46,46,36,36,53,49,46,46,22,59,55,55,36,36,43,43,43,50,50,25,25,32,39,37,57,64,67,67,65,65,65,51,33,33,36,36,36,36,43,43,50,65,65],"gold":40,"neow_bonus":"THREE_ENEMY_KILL","is_prod":false,"is_daily":false,"chose_seed":false,"campfire_upgraded":6,"win_rate":0,"timestamp":1545379674,"path_taken":["M","$","?","?","?","E","M","E","T","M","R","?","M","M","R","BOSS","M","M","?","$","M","R","?","M","T","E","$","M","M","M","R","BOSS","M","?","M","M","?","M","R","M","T","$","R","M","R","M","R","BOSS"],"build_version":"2018-12-20","purchased_purges":2,"victory":true,"max_hp_per_floor":[71,71,71,71,71,71,71,71,71,71,71,71,71,71,71,71,71,71,71,71,68,68,68,68,68,68,68,68,68,68,68,68,68,68,68,65,65,65,65,65,65,65,65,65,65,65,65,65,65,65],"card_choices":[{"not_picked":["Conserve Battery","Blizzard"],"picked":"Glacier","floor":1.0},{"not_picked":["Blizzard","Go for the Eyes"],"picked":"Barrage","floor":3.0},{"not_picked":["All For One","Tempest"],"picked":"Seek","floor":6.0},{"not_picked":["Rebound","Beam Cell"],"picked":"Sunder","floor":7},{"not_picked":["Sweeping Beam","Melter","Scrape"],"picked":"SKIP","floor":8},{"not_picked":["Sunder","Compile Driver"],"picked":"Chill","floor":10},{"not_picked":["Hologram","Chill"],"picked":"Streamline","floor":13},{"not_picked":["Ball Lightning","Double Energy"],"picked":"Redo","floor":14},{"not_picked":["Biased Cognition","Hyperbeam"],"picked":"Creative AI","floor":16},{"not_picked":["Stack","Ball Lightning"],"picked":"Coolheaded","floor":18},{"not_picked":["Reprogram","Melter"],"picked":"Leap","floor":19},{"not_picked":["Beam Cell+1","Ball Lightning"],"picked":"Conserve Battery","floor":22},{"not_picked":["Go for the Eyes+1","Gash","Conserve Battery"],"picked":"SKIP","floor":25},{"not_picked":["Rip and Tear","Cold Snap","Gash"],"picked":"SKIP","floor":27},{"not_picked":["Compile Driver","Double Energy","Conserve Battery"],"picked":"SKIP","floor":29},{"not_picked":["Chill","Aggregate","Redo"],"picked":"SKIP","floor":30},{"not_picked":["Gash","All For One","Hologram"],"picked":"SKIP","floor":31},{"not_picked":["Reboot","Biased Cognition"],"picked":"Seek","floor":33},{"not_picked":["Stack","Barrage"],"picked":"Coolheaded+1","floor":35},{"not_picked":["Streamline","Cold Snap","Blizzard"],"picked":"SKIP","floor":37},{"not_picked":["Compile Driver","Cold Snap","Skim"],"picked":"SKIP","floor":38},{"not_picked":["Rebound","Rip and Tear","Cold Snap+1"],"picked":"SKIP","floor":40},{"not_picked":["Consume+1","Sweeping Beam","Cold Snap"],"picked":"SKIP","floor":42},{"not_picked":["Go for the Eyes","Streamline+1","Sweeping Beam+1"],"picked":"SKIP","floor":46},{"not_picked":["Melter","Fission"],"picked":"Capacitor","floor":48}],"player_experience":582393,"relics_obtained":[{"floor":8,"key":"Thread and Needle"},{"floor":9,"key":"Bottled Tornado"},{"floor":20,"key":"Red Mask"},{"floor":26,"key":"Ice Cream"},{"floor":27,"key":"Old Coin"},{"floor":39,"key":"Ginger"},{"floor":43,"key":"Shuriken"}],"event_choices":[{"damage_healed":0.0,"max_hp_gain":0.0,"max_hp_loss":0.0,"gold_gain":50.0,"event_name":"Golden Shrine","player_choice":"Pray","floor":4.0,"gold_loss":0.0,"damage_taken":0.0},{"damage_healed":17,"gold_gain":0,"player_choice":"Healed and dodged fight","damage_taken":0,"max_hp_gain":0,"max_hp_loss":0,"event_name":"Mushrooms","floor":12,"gold_loss":0,"cards_obtained":["Parasite"]},{"damage_healed":0,"gold_gain":0,"player_choice":"Fought Bandits","damage_taken":0,"max_hp_gain":0,"max_hp_loss":0,"event_name":"Masked Bandits","floor":20,"gold_loss":0},{"damage_healed":0,"gold_gain":0,"player_choice":"Ignored","damage_taken":0,"max_hp_gain":0,"max_hp_loss":0,"event_name":"N\u0027loth","floor":24,"gold_loss":0},{"damage_healed":0,"gold_gain":0,"player_choice":"Max HP","damage_taken":0,"max_hp_gain":0,"max_hp_loss":3,"event_name":"Winding Halls","floor":36,"gold_loss":0},{"damage_healed":0,"gold_gain":0,"player_choice":"Fight","damage_taken":0,"max_hp_gain":0,"max_hp_loss":0,"event_name":"Mysterious Sphere","floor":39,"gold_loss":0}],"is_beta":false,"boss_relics":[{"not_picked":["Snecko Eye","Empty Cage"],"picked":"Velvet Choker"},{"not_picked":["Runic Dome","White Beast Statue"],"picked":"Astrolabe"}],"items_purged_floors":[21,28],"is_endless":false,"potions_floor_spawned":[6,8,14,18,19,27,29,31,37,38,40,46],"ascension_level":16}