{"path_per_floor":["M","?","M","M","M","R","M","$","T","M","E","M","M","E","R","B",null,"M","$","M","?","M"],"character_chosen":"THE_SILENT","items_purchased":["Thread and Needle"],"gold_per_floor":[113,113,130,142,160,160,171,171,221,233,266,284,298,330,330,427,427,446,134,149,149,162],"floor_reached":23,"campfire_rested":2,"playtime":1066,"current_hp_per_floor":[68,54,54,54,35,56,52,52,52,52,45,44,38,14,35,19,70,67,67,51,38,30],"items_purged":[],"gold":162,"score":207,"play_id":"6315449f-349f-4f07-a02c-098e162732c8","is_prod":false,"is_daily":false,"is_ascension_mode":false,"campfire_upgraded":0,"path_taken":["M","?","M","?","M","R","M","?","T","M","E","M","M","E","R","BOSS","M","$","M","?","M","E"],"build_version":"2018-02-08-PROD1","purchased_purges":0,"victory":false,"master_deck":["Defend_G","Defend_G","Defend_G","Defend_G+1","Defend_G","Strike_G","Strike_G","Strike_G","Strike_G","Strike_G","Survivor","Neutralize+1","Bane","Bouncing Flask","Infinite Blades","Slice","Dagger Spray","Bane","Underhanded Strike","Wraith Form","Outmaneuver+1","Corpse Explosion+1","Caltrops+1","Quick Slash","Dodge and Roll","Skewer+1"],"max_hp_per_floor":[70,70,70,70,70,70,70,70,70,70,70,70,70,70,70,70,70,70,70,70,75,75],"relics":["The Specimen","Oddly Smooth Stone","Shovel","Orichalcum","Astrolabe","Thread and Needle"],"card_choices":[{"not_picked":["PiercingWail","Flechettes"],"picked":"Bane"},{"not_picked":["Footwork","Leg Sweep"],"picked":"Bouncing Flask"},{"not_picked":["Deadly Poison","Bane"],"picked":"Bouncing Flask"},{"not_picked":["Acrobatics","Outmaneuver"],"picked":"Infinite Blades"},{"not_picked":["Dodge and Roll","Leg Sweep"],"picked":"Deadly Poison"},{"not_picked":["Outmaneuver","Choke"],"picked":"Slice"},{"not_picked":["Bane","Deadly Poison"],"picked":"Dagger Spray"},{"not_picked":["Quick Slash","Calculated Gamble"],"picked":"Bane"},{"not_picked":["Expertise","Finisher"],"picked":"Underhanded Strike"},{"not_picked":["Bane","Distraction"],"picked":"Envenom"},{"not_picked":["Phantasmal Killer","Glass Knife"],"picked":"Wraith Form"},{"not_picked":["Slice","Dagger Spray"],"picked":"Quick Slash"},{"not_picked":["Footwork","Sucker Punch"],"picked":"Dodge and Roll"},{"not_picked":["Leg Sweep","Deadly Poison"],"picked":"Skewer"}],"player_experience":25448,"potions_floor_usage":[5,11,11,11,16,20],"damage_taken":[{"damage":2,"enemies":"2 Louse","floor":1,"turns":5},{"damage":0,"enemies":"Small Slimes","floor":3,"turns":4},{"damage":0,"enemies":"Jaw Worm","floor":4,"turns":3},{"damage":19,"enemies":"Gremlin Gang","floor":5,"turns":5},{"damage":4,"enemies":"Red Slaver","floor":7,"turns":3},{"damage":0,"enemies":"2 Fungi Beasts","floor":10,"turns":4},{"damage":7,"enemies":"3 Sentries","floor":11,"turns":5},{"damage":1,"enemies":"3 Louse","floor":12,"turns":4},{"damage":6,"enemies":"Exordium Wildlife","floor":13,"turns":4},{"damage":24,"enemies":"Gremlin Nob","floor":14,"turns":4},{"damage":16,"enemies":"Hexaghost","floor":16,"turns":8},{"damage":3,"enemies":"Chosen","floor":18,"turns":5},{"damage":16,"enemies":"2 Thieves","floor":20,"turns":4},{"damage":8,"enemies":"Snake Plant","floor":22,"turns":5},{"damage":34,"enemies":"Book of Stabbing","floor":23,"turns":5}],"event_choices":[{"event_name":"Shining Light","player_choice":"Entered Light","floor":2,"damage_taken":0},{"event_name":"Forgotten Altar","player_choice":"Shed Blood","floor":21,"damage_taken":0}],"boss_relics":[{"not_picked":["Calling Bell","Philosopher\u0027s Stone"],"picked":"Astrolabe"}],"potions_floor_spawned":[3,5,7,10,13,16],"seed_played":"44075199842931332","killed_by":"Book of Stabbing","ascension_level":0,"is_trial":false}