{"gold_per_floor":[114,114,129,129,129,145,170,184,184,184,208,34,34,57,57,182,182,198,218,218],"floor_reached":20,"playtime":1466,"items_purged":[],"score":168,"play_id":"8546cc47-85d6-4200-a572-fb27ef3ec082","local_time":"20190112230432","is_ascension_mode":false,"campfire_choices":[{"floor":10,"key":"REST"},{"data":"Dramatic Entrance","floor":15,"key":"SMITH"}],"neow_cost":"NONE","seed_source_timestamp":643090395108854,"circlet_count":0,"master_deck":["Defend_G+1","Defend_G","Defend_G","Defend_G","Defend_G+1","Strike_G","Strike_G","Strike_G","Strike_G","Strike_G","Survivor+1","Neutralize","Dramatic Entrance+1","Cloak And Dagger","Injury","Blade Dance","Flechettes","PiercingWail+1","Dash","Dagger Throw","Apotheosis","Concentrate","Outmaneuver","Envenom","Clumsy","Pain","Regret","Slice","Caltrops+1"],"relics":["Ring of the Snake","Golden Idol","The Courier","Paper Crane","Ginger","Calling Bell","Frozen Egg 2","Du-Vu Doll","War Paint"],"potions_floor_usage":[16,16,16,18,20],"damage_taken":[{"damage":0,"enemies":"2 Louse","floor":1,"turns":2},{"damage":0,"enemies":"Small Slimes","floor":3,"turns":2},{"damage":5,"enemies":"Jaw Worm","floor":6,"turns":5},{"damage":19,"enemies":"Gremlin Gang","floor":7,"turns":4},{"damage":0,"enemies":"3 Louse","floor":8,"turns":3},{"damage":0,"enemies":"Looter","floor":11,"turns":4},{"damage":10,"enemies":"Large Slime","floor":14,"turns":5},{"damage":28,"enemies":"Hexaghost","floor":16,"turns":17},{"damage":22,"enemies":"Shell Parasite","floor":18,"turns":6},{"damage":22,"enemies":"Spheric Guardian","floor":19,"turns":4},{"damage":39,"enemies":"Shelled Parasite and Fungi","floor":20,"turns":5}],"seed_played":"3667875256298555714","potions_obtained":[{"floor":1,"key":"SteroidPotion"},{"floor":3,"key":"SpeedPotion"},{"floor":7,"key":"GamblersBrew"},{"floor":16,"key":"Weak Potion"},{"floor":18,"key":"Regen Potion"}],"is_trial":false,"path_per_floor":["M","?","M","?","?","M","M","M","T","R","M","$","T","M","R","B",null,"M","M","M"],"character_chosen":"THE_SILENT","items_purchased":["Apotheosis","Concentrate"],"campfire_rested":1,"item_purchase_floors":[12,12],"current_hp_per_floor":[70,70,70,67,53,48,29,29,29,50,50,50,50,40,40,12,70,48,26,0],"gold":218,"neow_bonus":"RANDOM_COLORLESS","is_prod":false,"is_daily":false,"chose_seed":false,"campfire_upgraded":1,"win_rate":0,"timestamp":1547352272,"path_taken":["M","?","M","?","?","M","M","M","T","R","M","$","?","M","R","BOSS","M","?","M"],"build_version":"2019-01-10","purchased_purges":0,"victory":false,"max_hp_per_floor":[70,70,70,70,70,70,70,70,70,70,70,70,70,70,70,70,70,70,70,70],"card_choices":[{"not_picked":["Dagger Spray","Calculated Gamble"],"picked":"Cloak And Dagger","floor":1},{"not_picked":["Tactician","PiercingWail"],"picked":"Blade Dance","floor":3},{"not_picked":["Underhanded Strike","Deadly Poison"],"picked":"Flechettes","floor":6},{"not_picked":["Concentrate","Flechettes"],"picked":"PiercingWail","floor":7},{"not_picked":["Acrobatics","Slice"],"picked":"Dash","floor":8},{"not_picked":["Dodge and Roll","Deflect"],"picked":"Dagger Throw","floor":11},{"not_picked":["Leg Sweep","Calculated Gamble"],"picked":"Outmaneuver","floor":14},{"not_picked":["Wraith Form v2","Glass Knife"],"picked":"Envenom","floor":16},{"not_picked":["Riddle With Holes","Reflex"],"picked":"Slice","floor":18},{"not_picked":["Heel Hook","Expertise"],"picked":"Caltrops+1","floor":19}],"player_experience":296686,"relics_obtained":[{"floor":9,"key":"Paper Crane"},{"floor":13,"key":"Ginger"},{"floor":17,"key":"Frozen Egg 2"},{"floor":17,"key":"Du-Vu Doll"},{"floor":17,"key":"War Paint"}],"event_choices":[{"damage_healed":0,"gold_gain":0,"player_choice":"Take Wound","damage_taken":0,"relics_obtained":["Golden Idol"],"max_hp_gain":0,"max_hp_loss":0,"event_name":"Golden Idol","floor":2,"gold_loss":0,"cards_obtained":["Injury"]},{"damage_healed":0,"gold_gain":0,"player_choice":"Success","damage_taken":3,"relics_obtained":["The Courier"],"max_hp_gain":0,"max_hp_loss":0,"event_name":"Scrap Ooze","floor":4,"gold_loss":0},{"damage_healed":0,"gold_gain":0,"player_choice":"Entered Light","damage_taken":14,"max_hp_gain":0,"max_hp_loss":0,"event_name":"Shining Light","floor":5,"gold_loss":0,"cards_upgraded":["Survivor","Defend_G"]}],"is_beta":false,"boss_relics":[{"not_picked":["Snecko Eye","Ectoplasm"],"picked":"Calling Bell"}],"items_purged_floors":[],"is_endless":false,"potions_floor_spawned":[1,3,7,16,18],"killed_by":"Shelled Parasite and Fungi","ascension_level":0}