{"gold_per_floor":[117,128,141,154,171,171,189,189,241,241,6,26,56,76,76,148,148,163,163,88,88,103,103,117,128,128,128],"floor_reached":27,"playtime":2608,"items_purged":["Strike_B"],"score":416,"play_id":"579a25e0-7dac-4889-b2f2-e8512794fcad","local_time":"20181226212442","is_ascension_mode":true,"campfire_choices":[{"data":"Redo","floor":6,"key":"SMITH"},{"floor":10,"key":"REST"},{"floor":15,"key":"REST"},{"data":"Defragment","floor":23,"key":"SMITH"}],"neow_cost":"NONE","seed_source_timestamp":15193531884697,"circlet_count":0,"master_deck":["AscendersBane","Strike_B","Strike_B","Defend_B","Defend_B","Defend_B","Defend_B","Zap","Dualcast","Streamline","Coolheaded","Redo+1","Ball Lightning","Conserve Battery","Cold Snap","Barrage","Capacitor","Hologram","Go for the Eyes","Biased Cognition","Reinforced Body","Defragment+1","Static Discharge+1","Loop","Conserve Battery"],"relics":["FrozenCore","Art of War","PreservedInsect","Sundial","Cables","Lantern"],"potions_floor_usage":[12,13],"damage_taken":[{"damage":2,"enemies":"Jaw Worm","floor":1,"turns":3},{"damage":0,"enemies":"Cultist","floor":2,"turns":3},{"damage":3,"enemies":"Small Slimes","floor":3,"turns":4},{"damage":4,"enemies":"2 Fungi Beasts","floor":4,"turns":4},{"damage":7,"enemies":"Blue Slaver","floor":5,"turns":4},{"damage":19,"enemies":"Lots of Slimes","floor":7,"turns":3},{"damage":15,"enemies":"Large Slime","floor":12,"turns":4},{"damage":7,"enemies":"Lagavulin","floor":13,"turns":4},{"damage":1,"enemies":"Exordium Wildlife","floor":14,"turns":2},{"damage":6,"enemies":"The Guardian","floor":16,"turns":11},{"damage":21,"enemies":"Chosen","floor":18,"turns":7},{"damage":9,"enemies":"Spheric Guardian","floor":22,"turns":5},{"damage":11,"enemies":"Snecko","floor":24,"turns":6},{"damage":13,"enemies":"Snake Plant","floor":25,"turns":7},{"damage":11,"enemies":"3 Cultists","floor":27,"turns":3}],"seed_played":"7629591541449455090","potions_obtained":[{"floor":3,"key":"FearPotion"},{"floor":4,"key":"FocusPotion"},{"floor":5,"key":"FocusPotion"},{"floor":16,"key":"LiquidBronze"},{"floor":24,"key":"SpeedPotion"}],"is_trial":false,"path_per_floor":["M","M","M","M","M","R","M","?","T","R","$","M","E","M","R","B",null,"M","?","?","T","M","R","M","M","T","M"],"character_chosen":"DEFECT","items_purchased":["Capacitor","FocusPotion"],"campfire_rested":2,"item_purchase_floors":[11,11],"current_hp_per_floor":[62,62,59,55,48,48,29,29,29,50,50,35,28,27,48,42,64,43,43,43,43,34,34,23,10,10,0],"gold":128,"neow_bonus":"THREE_CARDS","is_prod":false,"is_daily":false,"chose_seed":false,"campfire_upgraded":2,"win_rate":0,"timestamp":1545870282,"path_taken":["M","M","M","M","M","R","M","?","T","R","$","M","E","?","R","BOSS","M","?","?","?","M","R","M","M","T","M"],"build_version":"2018-12-20","purchased_purges":1,"victory":false,"max_hp_per_floor":[71,71,71,71,71,71,71,71,71,71,71,71,71,71,71,71,71,71,71,71,71,71,71,71,71,71,71],"card_choices":[{"not_picked":["Consume","Scrape"],"picked":"Streamline","floor":0},{"not_picked":["BootSequence","Streamline"],"picked":"Coolheaded","floor":1},{"not_picked":["Streamline","Consume"],"picked":"Redo","floor":2},{"not_picked":["Fusion","Multi-Cast"],"picked":"Ball Lightning","floor":3},{"not_picked":["Skim","Go for the Eyes"],"picked":"Conserve Battery","floor":4},{"not_picked":["Barrage","Sweeping Beam"],"picked":"Cold Snap","floor":5},{"not_picked":["Stack","Cold Snap"],"picked":"Barrage","floor":7},{"not_picked":["Redo","Auto Shields"],"picked":"Hologram","floor":12},{"not_picked":["Heatsinks","Barrage","Hello World"],"picked":"SKIP","floor":13},{"not_picked":["Hello World","Doom and Gloom"],"picked":"Go for the Eyes","floor":14},{"not_picked":["Thunder Strike","All For One"],"picked":"Biased Cognition","floor":16},{"not_picked":["Compile Driver","Heatsinks"],"picked":"Reinforced Body","floor":18},{"not_picked":["Turbo","Heatsinks"],"picked":"Static Discharge+1","floor":22},{"not_picked":["Turbo","Redo"],"picked":"Loop","floor":24},{"not_picked":["Barrage+1","Coolheaded"],"picked":"Conserve Battery","floor":25}],"player_experience":639744,"relics_obtained":[{"floor":9,"key":"PreservedInsect"},{"floor":13,"key":"Sundial"},{"floor":21,"key":"Cables"},{"floor":26,"key":"Lantern"}],"event_choices":[{"damage_healed":0,"gold_gain":0,"player_choice":"Gave Potion","damage_taken":0,"relics_obtained":["Art of War"],"max_hp_gain":0,"max_hp_loss":0,"event_name":"WeMeetAgain","floor":8,"gold_loss":0},{"damage_healed":0,"gold_gain":0,"player_choice":"Read","damage_taken":0,"max_hp_gain":0,"max_hp_loss":0,"event_name":"The Library","floor":19,"gold_loss":0,"cards_obtained":["Defragment"]},{"cards_removed":["Strike_B"],"damage_healed":0,"gold_gain":0,"player_choice":"Gave Gold","damage_taken":0,"max_hp_gain":0,"max_hp_loss":0,"event_name":"Beggar","floor":20,"gold_loss":75}],"is_beta":false,"boss_relics":[{"not_picked":["Calling Bell","Fusion Hammer"],"picked":"FrozenCore"}],"items_purged_floors":[11],"is_endless":false,"potions_floor_spawned":[3,4,5,16,24],"killed_by":"3 Cultists","ascension_level":18}