{"gold_per_floor":[119,119,143,158,168,194,206,253,265,244,256,268,293,315,327,339],"floor_reached":16,"playtime":853,"items_purged":[],"score":160,"play_id":"5dc894f9-028a-4fb7-a151-1117f6d6ec09","local_time":"20190612104040","is_ascension_mode":true,"campfire_choices":[{"floor":7,"key":"REST"},{"floor":12,"key":"REST"},{"floor":15,"key":"REST"}],"neow_cost":"PERCENT_DAMAGE","seed_source_timestamp":123240360293833,"circlet_count":0,"master_deck":["Defend_G+1","Defend_G","Defend_G","Defend_G","Strike_G","Strike_G","Strike_G","Survivor","Neutralize","Blade Dance","Dodge and Roll","Escape Plan","Deadly Poison","Accuracy+1","Cloak And Dagger","Finisher","Tools of the Trade+1"],"relics":["Ring of the Snake","Oddly Smooth Stone","MawBank","Snake Skull","Frozen Egg 2"],"potions_floor_usage":[6,6],"damage_taken":[{"damage":2,"enemies":"Jaw Worm","floor":1,"turns":8},{"damage":0,"enemies":"Cultist","floor":4,"turns":4},{"damage":0,"enemies":"2 Louse","floor":5,"turns":3},{"damage":21,"enemies":"Gremlin Nob","floor":6,"turns":4},{"damage":19,"enemies":"Lagavulin","floor":8,"turns":9},{"damage":9,"enemies":"2 Fungi Beasts","floor":13,"turns":4},{"damage":0,"enemies":"Looter","floor":14,"turns":4},{"damage":40,"enemies":"Slime Boss","floor":16,"turns":8}],"seed_played":"-4321466485258659655","potions_obtained":[{"floor":4,"key":"Poison Potion"},{"floor":5,"key":"AttackPotion"},{"floor":13,"key":"SmokeBomb"}],"is_trial":false,"path_per_floor":["M","?","T","M","M","E","R","E","T","?","?","R","M","M","R","B"],"character_chosen":"THE_SILENT","items_purchased":[],"campfire_rested":3,"item_purchase_floors":[],"current_hp_per_floor":[43,36,36,36,36,15,36,17,17,17,3,24,15,15,36,0],"gold":339,"neow_bonus":"TRANSFORM_TWO_CARDS","is_prod":false,"is_daily":false,"chose_seed":false,"campfire_upgraded":0,"win_rate":0,"timestamp":1560307240,"path_taken":["M","?","?","M","?","E","R","E","T","?","?","R","M","M","R","BOSS"],"build_version":"2019-01-23","purchased_purges":0,"victory":false,"max_hp_per_floor":[70,70,70,70,70,70,70,70,70,70,70,70,70,70,70,70],"card_choices":[{"not_picked":["Dagger Spray","Deflect"],"picked":"Escape Plan","floor":1},{"not_picked":["Outmaneuver","Deflect"],"picked":"Deadly Poison","floor":4},{"not_picked":["Blade Dance","Setup"],"picked":"Accuracy","floor":5},{"not_picked":["Backstab","Quick Slash"],"picked":"Cloak And Dagger","floor":6},{"not_picked":["Bouncing Flask","Catalyst","Bane"],"picked":"SKIP","floor":8},{"not_picked":["Deflect","Dagger Throw"],"picked":"Finisher","floor":13},{"not_picked":["Terror","Deadly Poison"],"picked":"Tools of the Trade+1","floor":14}],"player_experience":787107,"relics_obtained":[{"floor":3,"key":"Oddly Smooth Stone"},{"floor":6,"key":"MawBank"},{"floor":8,"key":"Snake Skull"},{"floor":9,"key":"Frozen Egg 2"}],"event_choices":[{"cards_removed":["Defend_G"],"damage_healed":0,"gold_gain":0,"player_choice":"Card Removal","damage_taken":7,"max_hp_gain":0,"max_hp_loss":0,"event_name":"Golden Wing","floor":2,"gold_loss":0},{"damage_healed":0,"gold_gain":0,"player_choice":"Left Gold","damage_taken":0,"max_hp_gain":0,"max_hp_loss":0,"event_name":"World of Goop","floor":10,"gold_loss":33},{"damage_healed":0,"gold_gain":0,"player_choice":"Entered Light","damage_taken":14,"max_hp_gain":0,"max_hp_loss":0,"event_name":"Shining Light","floor":11,"gold_loss":0,"cards_upgraded":["Accuracy","Defend_G"]}],"is_beta":false,"boss_relics":[],"items_purged_floors":[],"is_endless":false,"potions_floor_spawned":[4,5,13],"killed_by":"Slime Boss","ascension_level":9}