{"gold_per_floor":[109,109,125,145,70,101,101,116,116,135,63,63,41,61,61,61],"floor_reached":16,"playtime":603,"items_purged":[],"score":266,"play_id":"0367a05b-9c50-4918-93cb-8a6df4e943bf","local_time":"20190509122539","is_ascension_mode":true,"campfire_choices":[{"floor":7,"key":"REST"},{"floor":15,"key":"REST"}],"neow_cost":"NONE","seed_source_timestamp":0,"circlet_count":0,"master_deck":["AscendersBane","Defend_G+1","Defend_G","Defend_G","Defend_G","Defend_G","Strike_G","Strike_G","Strike_G","Strike_G+1","Strike_G","Survivor","Neutralize","Footwork","All Out Attack","Backstab","Underhanded Strike","Dash","Dash","Backflip","Dagger Spray"],"special_seed":0,"relics":["Fusion Hammer","Golden Idol","Gremlin Horn","FossilizedHelix"],"potions_floor_usage":[16,16],"damage_taken":[{"damage":0,"enemies":"2 Louse","floor":1,"turns":4},{"damage":0,"enemies":"Jaw Worm","floor":3,"turns":6},{"damage":0,"enemies":"Small Slimes","floor":4,"turns":3},{"damage":51,"enemies":"Gremlin Nob","floor":6,"turns":6},{"damage":4,"enemies":"Exordium Wildlife","floor":8,"turns":4},{"damage":1,"enemies":"Blue Slaver","floor":10,"turns":3},{"damage":0,"enemies":"Large Slime","floor":14,"turns":5},{"damage":21,"enemies":"Hexaghost","floor":16,"turns":14}],"seed_played":"-7411850309334921398","potions_obtained":[{"floor":6,"key":"SpeedPotion"},{"floor":14,"key":"SkillPotion"}],"is_trial":false,"path_per_floor":["M","?","M","M","?","E","R","M","T","M","$","?","$","M","R","B"],"character_chosen":"THE_SILENT","items_purchased":["Dash","Backflip"],"campfire_rested":2,"item_purchase_floors":[11,13],"current_hp_per_floor":[59,59,59,59,59,8,27,23,23,22,22,2,2,2,21,0],"gold":61,"neow_bonus":"BOSS_RELIC","is_prod":false,"is_daily":false,"chose_seed":false,"campfire_upgraded":0,"win_rate":0,"timestamp":1557419139,"path_taken":["M","?","M","M","?","E","R","?","T","M","$","?","$","M","R","BOSS"],"build_version":"2019-01-23","purchased_purges":0,"victory":false,"max_hp_per_floor":[66,66,66,66,66,66,66,66,66,66,66,66,66,66,66,66],"card_choices":[{"not_picked":["Cloak And Dagger","Slice"],"picked":"Footwork","floor":1},{"not_picked":["Well Laid Plans","Underhanded Strike"],"picked":"All Out Attack","floor":3},{"not_picked":["Riddle With Holes","Eviscerate"],"picked":"Backstab","floor":4},{"not_picked":["Prepared","Slice"],"picked":"Underhanded Strike","floor":6},{"not_picked":["Riddle With Holes","Slice","Endless Agony"],"picked":"SKIP","floor":8},{"not_picked":["Distraction","Infinite Blades"],"picked":"Dash","floor":10},{"not_picked":["Eviscerate","Underhanded Strike"],"picked":"Dagger Spray","floor":14}],"player_experience":505132,"relics_obtained":[{"floor":6,"key":"Gremlin Horn"},{"floor":9,"key":"FossilizedHelix"}],"event_choices":[{"damage_healed":0,"gold_gain":0,"player_choice":"Take Wound","damage_taken":0,"relics_obtained":["Golden Idol"],"max_hp_gain":0,"max_hp_loss":0,"event_name":"Golden Idol","floor":2,"gold_loss":0,"cards_obtained":["Injury"]},{"cards_removed":["Injury"],"damage_healed":0,"gold_gain":0,"player_choice":"Card Removal","damage_taken":0,"max_hp_gain":0,"max_hp_loss":0,"event_name":"The Cleric","floor":5,"gold_loss":75},{"damage_healed":0,"gold_gain":0,"player_choice":"Entered Light","damage_taken":20,"max_hp_gain":0,"max_hp_loss":0,"event_name":"Shining Light","floor":12,"gold_loss":0,"cards_upgraded":["Strike_G","Defend_G"]}],"is_beta":false,"boss_relics":[],"items_purged_floors":[],"is_endless":false,"potions_floor_spawned":[6,14],"killed_by":"Hexaghost","ascension_level":15}